4062 6344
240 450 338 508 721

1237 443 1598 507 EXPOSITIO
1636 440 1699 501 IN
1738 436 2200 503 PSALTERIUM.
2238 441 2428 500 PSAL.
2469 441 2577 498 Cll.

3428 442 3538 502 722

242 582 314 624 ne
360 566 481 637 quis
523 563 591 620 de
635 561 816 620 latura
865 562 1218 620 retributione
1265 562 1513 619 dubitare
1560 560 1842 631 potuisset.
1872 560 1923 620 Α
1952 556 2227 613 Sententia
2257 557 2524 627 generalis
2551 562 2656 622 est,
2709 554 2831 625 quia
2862 568 3021 612 nemo
3047 563 3130 612 est
3153 555 3242 627 qui
3271 556 3387 627 ejus
3415 574 3539 631 gra—

241 656 355 715 Sed
382 654 604 712 intende
630 655 1083 726 quemadmodum
1115 654 1323 725 Moyses
1352 662 1407 711 et
1431 652 1599 708 Israel
1632 652 1838 707 indica-

242 759 331 805 tus
372 758 456 804 est
493 746 838 803 distinctione
876 748 1185 804 verborum.
1240 744 1407 800 Notas
1434 745 1555 815 fecit
1583 743 1688 797 vias
1716 758 1840 796 suas

241 840 442 912 Moysi,
468 838 684 909 quando
723 840 774 896 ei
799 837 1063 909 justitiam
1109 852 1221 895 suae
1252 838 1537 907 potestatis
1564 835 1699 907 [ed.,
1730 834 1842 904 pie-

242 928 396 1002 tatis]
436 931 681 1002 aperuit,
729 938 792 985 ut
836 930 1009 1001 legem
1049 928 1435 997 conscriberet,
1469 940 1650 982 mores
1679 924 1842 981 doce-

242 1030 349 1089 ret,
400 1029 455 1076 et
500 1022 554 1077 in
598 1021 715 1077 vias
764 1020 896 1092 [ed.,
930 1019 985 1075 in
1016 1018 1126 1091 vis]
1157 1019 1368 1076 Domini
1418 1018 1670 1088 periectas
1714 1014 1841 1071 ﬁdei

243 1113 498 1185 gradibus
524 1112 848 1169 ambularet.
888 1110 1161 1187 Sequitur,
1210 1110 1334 1181 filiis
1359 1109 1529 1165 Israel
1558 1108 1842 1163 voluntates

244 1222 383 1261 suas.
440 1204 539 1260 Hic
564 1202 850 1259 voluntates
874 1203 1072 1274 posuit,
1096 1218 1202 1258 non
1232 1203 1365 1269 vias,
1389 1201 1511 1272 quia
1534 1214 1640 1257 non
1668 1200 1845 1256 omnis

249 1297 433 1367 Israel,
485 1306 738 1367 suscepto
788 1296 953 1352 verbo
996 1295 1230 1365 Domini,
1264 1295 1319 1350 in
1351 1293 1468 1364 ejus
1513 1289 1842 1363 jussionibus

244 1391 561 1448 ambulavit.
590 1391 801 1446 Scimus
833 1389 977 1444 enim
1007 1402 1141 1459 quas
1170 1386 1466 1443 seditiones
1495 1383 1724 1455 populus
1753 1383 1843 1440 ille

246 1482 457 1548 fecerit,
494 1490 558 1538 ut
584 1495 719 1537 voce
753 1478 952 1551 judicis
991 1485 1292 1534 mereretur
1338 1475 1526 1531 audire
1557 1493 1571 1530 :
1604 1472 1844 1542 Populus

248 1574 418 1646 ³44.
454 1573 539 1627 hic
578 1572 709 1626 dura
736 1570 926 1625 ceruice
960 1579 1033 1623 est
1065 1567 1264 1641 (Exod.
1296 1581 1469 1633 χχιιι,
1499 1564 1580 1636 9).
1613 1563 1844 1633 Ideoque

249 1681 386 1737 ergo
410 1666 517 1721 illis
537 1665 811 1720 voluntates
835 1662 1069 1729 Domini,
1096 1676 1203 1718 non
1227 1660 1344 1716 vias
1368 1659 1665 1715 innotuisse
1690 1657 1842 1724 dicit,

248 1757 379 1829 quia
408 1757 575 1813 multa
601 1771 723 1826 pars
760 1771 946 1812 eorum
989 1754 1130 1810 viam
1156 1752 1367 1808 Domini
1398 1750 1670 1806 declinare
1702 1764 1843 1820 prae.

247 1849 492 1919 sumpsit.
541 1849 633 1906 Sic
681 1857 861 1905 autem
913 1847 1081 1919 Moysi
1130 1845 1440 1915 exemplum
1495 1842 1581 1897 hic
1610 1841 1843 1913 positum

1944 649 2071 703 tiam
2101 649 2271 718 gratis
2301 664 2408 705 non
2440 649 2656 714 haheat,
2688 647 2815 703 dum
2847 649 2933 703 lex
2961 648 3061 705 sub
3090 656 3312 721 peccato
3342 659 3533 707 cuncta

1942 741 2260 808 concludat,
2311 741 2447 797 sicut
2495 748 2721 797 testatur
2761 741 3051 812 Apostolus
3094 757 3109 795 :
3163 740 3351 797 Omnia
3397 741 3543 800 Dens

1944 833 2195 890 conclusit
2225 836 2279 888 in
2310 834 2687 902 incredulitate,
2715 841 2772 887 ut
2801 834 3029 889 omnium
3051 834 3378 889 misereretur
3400 833 3540 907 (lot-

1943 927 2081 995 dem,
2102 924 2217 999 '52).
2243 925 2333 983 Ille
2362 937 2537 982 tamen
2570 925 2926 982 communiter
2949 927 3104 983 bonis
3133 928 3394 998 malisque
3420 928 3538 999 spi-

1943 1018 2108 1074 ritum
2148 1017 2336 1087 donat,
2384 1020 2613 1075 salutem
2645 1018 2849 1086 tribuit,
2878 1018 3199 1091 indigentias
3243 1020 3450 1087 adimit,
3484 1028 3540 1077 et

1944 1111 2268 1184 generaliter
2308 1112 2481 1168 bonus
2510 1120 2613 1170 est.
2659 1111 2900 1181 Addidit,
2934 1131 3096 1186 neque
3122 1117 3405 1171 secundum
3434 1115 3538 1169 ini-

1943 1203 2161 1274 quitates
2190 1212 2391 1259 nostras
2417 1204 2653 1260 retribuit
2680 1204 2857 1273 nobis;
2887 1205 3098 1262 scilicet
3124 1207 3375 1278 quoniam
3408 1220 3537 1277 sup-

1945 1297 2268 1367 plicautibus
2296 1298 2369 1354 ita
2397 1300 2519 1369 pius
2561 1308 2665 1366 est,
2700 1307 2757 1355 ut
2787 1308 2913 1355 tunc
2943 1300 3114 1371 magis
3139 1316 3260 1357 eum
3289 1301 3541 1371 dignetur

1945 1388 2252 1456 absolvere,
2277 1391 2489 1461 quando
2512 1406 2573 1447 se
2598 1392 2865 1449 studuerit
2892 1393 3279 1464 unusquisque,
3298 1390 3540 1449 adhibita

1946 1480 2331 1549 satisfactione,
2364 1481 2643 1538 damnare.

2021 1572 2176 1629 Vers.
2212 1575 2297 1628 11.
2343 1574 2476 1640 Quia
2504 1575 2787 1630 secundum
2819 1576 3151 1632 altitudinem
3178 1578 3289 1632 cteli
3317 1595 3352 1632 a
3383 1585 3543 1647 terra,

1945 1666 2267 1736 confirmavit
2289 1665 2541 1723 Dominus
2568 1669 2978 1725 misericordiam
3009 1686 3157 1724 suam
3179 1686 3334 1739 super
3362 1670 3543 1725 timen-

1948 1766 2022 1811 tes
2051 1773 2188 1815 eum.
2220 1756 2537 1829 Diligentius
2565 1769 2968 1829 perscrutemur
2995 1760 3123 1831 quid
3152 1761 3255 1816 sibi
3285 1760 3413 1817 velit
3440 1761 3542 1816 ista

1947 1852 2298 1918 comparatio.
2347 1850 2519 1907 Tanto
2560 1852 2819 1923 majorem
2867 1852 3001 1909 dicit
3037 1867 3069 1907 a
3109 1854 3315 1910 meritis
3354 1870 3545 1911 eorum

250 1944 514 2015 intelligo,
561 1951 618 2000 nt
656 1953 835 1998 tamen
876 1943 978 1997 hoc
1022 1940 1264 2012 quotidie
1303 1940 1585 1995 Dominum
1629 1945 1685 1994 et
1713 1950 1844 2007 ope-
1871 1945 1920 2010 Β
1945 1943 2371 2002 misericordiam
2402 1946 2614 2003 Domini
2645 1964 2802 2020 quam
2844 1950 3093 2006 retribuit
3119 1950 3368 2008 ﬁdelibus
3407 1952 3543 2022 suis,

249 2046 483 2103 tantem,
518 2045 573 2093 et
606 2049 775 2107 usque
804 2034 871 2091 ad
915 2032 1076 2089 ﬁnem
1116 2032 1299 2089 saeculi
1327 2031 1540 2103 operari
1570 2043 1730 2102 posse
1755 2041 1842 2085 co-

249 2143 501 2199 gnoscas.
1810 2124 1817 2127 “

325 2222 482 2279 Vers.
513 2220 567 2279 8.
615 2221 912 2277 Misericors
949 2230 996 2275 et
1021 2221 1290 2275 miserator
1320 2217 1593 2287 Dominus,
1642 2217 1844 2287 patiens

252 2323 305 2370 et
324 2316 542 2369 multum
561 2314 869 2368 misericors.
893 2310 1187 2367 Misericors
1207 2321 1293 2367 est
1305 2310 1397 2381 qui
1416 2319 1601 2364 natura
1623 2322 1719 2363 sua
1733 2308 1846 2364 cle-

251 2407 620 2463 mentissimus
648 2405 994 2476 approbatur.
1053 2404 1350 2470 Miserator,
1381 2401 1595 2473 quando
1633 2399 1847 2457 miseri-

252 2496 454 2553 cordia:
479 2510 592 2551 suae
623 2495 765 2552 dona
796 2494 1037 2565 largitur.
1074 2494 1259 2550 Potest
1284 2494 1428 2549 enim
1458 2492 1652 2561 aliquis
1692 2491 1847 2546 miseo

252 2591 415 2644 ricors
445 2598 494 2643 et
512 2590 780 2644 miseratur
802 2602 924 2645 esse
953 2588 1007 2643 in
1035 2603 1141 2643 una
1171 2587 1482 2656 duabusque
1508 2586 1714 2653 causis;
1744 2586 1847 2640 mi-

255 2698 472 2743 sericors
504 2691 683 2737 autem
713 2692 761 2736 et
791 2682 1059 2736 miserotor
1086 2679 1404 2736 naturaliter
1433 2687 1628 2749 praeter
1658 2678 1846 2735 Domi-

256 2792 385 2832 num
414 2775 594 2831 nullus
620 2775 817 2845 poterit
845 2773 1097 2829 inveniri.
1151 2772 1262 2829 Sed
1292 2773 1379 2828 hic
1409 2772 1530 2829 ideo
1557 2772 1847 2828 misericors

256 2868 597 2939 prsemissum
640 2876 748 2933 est,
796 2876 852 2921 ut
902 2866 1273 2923 miseratorem
1309 2866 1591 2921 Dominum
1637 2879 1742 2921 non
1780 2863 1849 2921 ad

256 2968 493 3029 tempus,
535 2957 631 3013 sed
656 2957 856 3028 jugiter
898 2956 1247 3027 approbare.
1300 2956 1425 3012 Haec
1455 2955 1621 3027 ﬁgura
1650 2956 1849 3011 dicitur

254 3052 659 3122 paronomasia,
688 3049 738 3105 id
779 3058 865 3107 est
905 3049 1290 3115 denominatio,
1322 3064 1442 3119 quae
1494 3047 1849 3104 similitudine

255 3144 529 3202 sermonis
567 3145 796 3200 concitat
832 3143 1095 3199 audientis
1138 3142 1412 3198 allectum.
1464 3141 1707 3212 Adjecit,
1756 3159 1851 3212 pa-

255 3239 414 3307 tiens,
440 3236 582 3307 quod
613 3251 832 3294 necesse
857 3247 941 3293 est
968 3236 1225 3307 consequi
1253 3235 1689 3301 misericordem;
1721 3233 1847 3290 nul-

1945 2048 2202 2109 quantum
2234 2048 2410 2110 potest
2443 2056 2474 2097 a
2505 2049 2647 2097 terra
2689 2044 2814 2099 coeli
2841 2044 3121 2099 summitas
3154 2045 3375 2103 elevari.
3426 2046 3544 2114 Qua

1944 2130 2345 2201 comparatione
2393 2131 2527 2188 illud
2572 2148 2785 2205 quoque
2826 2136 3175 2206 signiﬁcatur,
3231 2135 3356 2207 quia
3404 2138 3543 2194 sicut

1944 2222 2141 2279 cmlum
2185 2231 2356 2279 terras
2398 2225 2591 2296 operit,
2622 2235 2678 2282 et
2707 2229 3068 2298 competentia
3097 2228 3358 2285 beneﬁcia
3403 2238 3545 2286 tem-

1946 2317 2167 2388 poribus
2196 2317 2309 2372 suis
2336 2317 2541 2374 homini
2570 2320 2777 2389 tribuit,
2824 2322 2984 2377 modo
3009 2322 3217 2391 pluvias
3246 2312 3545 2395 inﬁuendo,

1945 2408 2108 2465 modo
2139 2408 2448 2478 praestando
2476 2425 2692 2480 serena,
2721 2413 2884 2469 modo
2935 2413 3110 2482 ipsum
3150 2428 3331 2470 aerem
3362 2416 3545 2473 ventis

1947 2502 2315 2559 saluberrimis
2339 2504 2692 2575 temperando
2722 2524 2735 2559 :
2768 2507 2841 2561 ita
2863 2516 2916 2563 et
2939 2505 3306 2562 misericordia
3331 2507 3549 2565 Domini

1947 2596 2223 2668 fragilitati
2254 2607 2452 2654 nostra:
2480 2598 2720 2675 noscitur
2746 2598 2956 2657 diversa
2987 2610 3279 2672 praestare;
3311 2602 3553 2659 sustinet

1949 2687 2094 2744 enim
2121 2696 2179 2743 ut
2204 2687 2463 2759 corrigat,
2492 2690 2732 2760 ﬂagellat
2761 2699 2821 2747 ut
2850 2693 3077 2759 erudiat,
3105 2695 3298 2767 prohat
3321 2701 3381 2749 ut
3407 2709 3554 2766 pra)-

1948 2785 2075 2847 stet,
2102 2788 2159 2833 et
2185 2793 2283 2847 per
2312 2779 2552 2835 diversas
2584 2795 2779 2851 operas
2806 2781 3191 2840 beneﬁciorum
3222 2798 3327 2840 una
3355 2784 3553 2841 volun—

1950 2878 2034 2927 tas
2052 2878 2138 2927 est
2161 2871 2451 2928 subvenire
2472 2874 2839 2943 peccantibus.
2866 2875 2972 2931 Sed
2996 2886 3053 2932 ut
3073 2878 3236 2933 totius
3256 2876 3552 2935 sententia:

1948 2968 2124 3022 virtus
2152 2967 2321 3039 possit
2350 2967 2599 3040 intelligi,
2633 2969 2871 3026 breviter
2898 2970 3185 3029 dicendum
3214 2982 3299 3029 est
3330 2990 3346 3029 :
3379 2973 3437 3028 Si
3462 2971 3553 3028 fas

1950 3067 2035 3115 est
2086 3068 2146 3115 ut
2172 3060 2369 3116 coelum
2415 3074 2525 3116 non
2568 3064 2848 3132 cooperiat
2891 3070 3089 3132 terras,
3117 3072 3297 3135 potest
3340 3051 3457 3122 ﬁeri
3490 3076 3555 3125 ut

1952 3153 2216 3210 Dominus
2245 3169 2353 3210 non
2379 3161 2626 3225 protegat
2652 3154 2754 3210 sibi
2781 3156 3069 3227 purissime
3096 3157 3418 3214 servientes.

2026 3245 2179 3304 Vers.
2209 3246 2297 3303 12.
2326 3246 2584 3315 Quantum
2608 3247 2767 3302 distat
2793 3248 2959 3303 oriens
2981 3246 3134 3321 [ωδε.
3159 3248 3250 3315 Δ..
3274 3248 3362 3317 B.,
3386 3248 3560 3328 ortus]

260 3331 343 3386 lus
370 3329 516 3385 enim
548 3328 859 3395 misericors,
894 3328 997 3384 nisi
1025 3328 1116 3399 qui
1144 3334 1200 3383 et
1224 3329 1439 3398 patiens.
1492 3324 1586 3383 Sic
1624 3324 1766 3382 enim
1794 3332 1848 3382 et

1953 3340 2015 3396 ab
2044 3356 2250 3408 occasu,
2278 3342 2532 3414 elongavit
2561 3358 2593 3395 a
2626 3341 2774 3397 nobis
2806 3342 3101 3413 iniquitates
3140 3352 3365 3399 nostras.

258 3421 548 3493 Apostolus
575 3421 706 3477 dicit
737 3438 751 3474 :
784 3422 865 3475 An
896 3421 1097 3475 divitias
1125 3420 1365 3475 bonitatis
1395 3420 1509 3491 ejus
1538 3428 1585 3475 et
1613 3419 1851 3492 longani-

258 3515 450 3569 mitatis
470 3513 788 3569 contemnis?
811 3511 1033 3586 Ignoras
1048 3512 1205 3583 [mss.
1226 3510 1317 3576 G.,
1335 3510 1423 3580 F.,
1440 3507 1703 3582 ignorans]
1717 3526 1850 3582 quo-

260 3608 399 3662 niam
426 3607 705 3677 benignitas
737 3603 838 3660 Dei
866 3606 935 3659 ad
966 3605 1312 3676 panitentiam
1341 3612 1391 3659 te
1416 3603 1629 3660 adducit
1668 3604 1850 3676 (Rom.

261 3716 320 3767 tt,
351 3699 450 3784 4)‘l
487 3701 607 3770 ipse
636 3709 812 3756 autem
842 3698 910 3756 de
937 3713 998 3756 se
1026 3699 1157 3755 dicit
1186 3716 1200 3754 :
1238 3697 1369 3754 Htec
1396 3698 1586 3770 fecisti,
1618 3706 1665 3752 et
1692 3698 1851 3753 tacui.

262 3795 589 3852 Existimasti
632 3796 975 3868 iniquitatem,
1024 3798 1164 3866 quod
1193 3809 1282 3849 ero
1328 3792 1422 3848 tibi
1464 3791 1648 3847 similis
1675 3790 1848 3865 (Psal.

264 3906 423 3958 χιιι,
449 3890 565 3962 2|).
613 3889 889 3960 Sequitur,
928 3898 977 3946 et
1018 3888 1237 3942 multum
1267 3886 1573 3941 misericors.
1627 3882 1855 3939 Multum

260 3999 449 4041 revera
494 3983 802 4049 misericors,
845 3982 935 4053 qui
982 3981 1207 4037 audiens
1249 3980 1470 4036 omnino
1512 3977 1854 4048 blasphemas

260 4090 447 4141 voces,
478 4074 653 4131 Solem
682 4091 833 4130 suum
873 4074 997 4145 facit
1025 4072 1151 4128 oriri
1190 4087 1341 4143 super
1380 4071 1537 4125 bonos
1576 4077 1625 4123 et
1663 4070 1853 4135 malos,

260 4178 311 4225 et
342 4169 472 4239 pluit
498 4186 646 4241 super
672 4171 842 4242 justas
883 4179 929 4223 et
968 4168 1155 4237 impios
1199 4165 1333 4239 [ed.,
1365 4160 1607 4235 injustas]
1632 4161 1853 4233 (Matth.

259 4278 317 4331 ν,
351 4261 443 4334 45)
490 4281 502 4317 ;
546 4263 764 4319 vitalem
812 4261 1060 4333 spiritum
1113 4274 1302 4330 magna
1354 4257 1550 4327 pietate
1597 4255 1854 4326 largitur;

260 4364 545 4426 exspectat
573 4352 842 4422 errantes,
872 4363 933 4411 ut
958 4355 1193 4412 debeant
1238 4367 1332 4409 sua
1378 4365 1661 4421 perperam
1709 4364 1858 4405 com-

261 4448 427 4504 missa
449 4448 594 4521 imas.
608 4447 649 4501 Α
660 4487 673 4502 .
684 4488 700 4514 ,
716 4446 780 4503 Β.
791 4490 805 4513 ,
822 4444 890 4500 F.
903 4487 919 4513 ,
932 4451 1233 4516 perpetrata
1254 4441 1560 4515 commissa)
1575 4443 1853 4498 damnare.

339 4542 495 4599 γεω.
526 4541 583 4599 9.
616 4539 738 4596 Non
767 4542 819 4595 in
847 4540 1004 4609 ﬁnem
1034 4539 1307 4603 irascetur,
1338 4553 1499 4607 neque
1528 4537 1582 4590 in
1608 4543 1857 4592 wternum

260 4635 636 4708 indignabitur.
700 4632 809 4688 Illis
855 4633 1061 4689 scilicet
1109 4632 1200 4703 qui
1250 4630 1443 4687 devota
1491 4629 1854 4687 satisfactione

1951 3434 2111 3490 aliam
2133 3433 2551 3505 pulcherrimam
2577 3434 3034 3505 comparationem
3057 3433 3324 3492 beneﬁcio
3347 3438 3559 3496 divino.

1957 3525 2140 3582 Oriens
2166 3536 2252 3583 est
2280 3525 2490 3582 initium
2521 3525 2677 3582 bona:
2714 3512 2841 3582 vitae
2880 3535 3104 3597 nostras,
3136 3542 3353 3585 eccam
3401 3531 3560 3588 malai

1954 3619 2383 3676 conversationis
2406 3617 2651 3675 allectus.
2686 3619 2744 3675 ln
2773 3634 2959 3674 occasu
2983 3617 3132 3675 enim
3165 3635 3405 3691 eramus,
3432 3637 3558 3680 cum

1954 3712 2163 3783 peccati
2191 3710 2407 3768 vinculo
2435 3710 2753 3768 tenebamur
2779 3710 3021 3778 astricti;
3062 3712 3120 3767 in
3148 3713 3347 3768 oriente
3376 3723 3561 3772 autem

1955 3818 2166 3873 sumus,
2214 3803 2428 3876 quando
2478 3818 2573 3873 per
2615 3818 2806 3873 aquam
2858 3804 3288 3874 regenerationis
3333 3822 3436 3863 nos
3462 3806 3561 3864 Sol

1954 3910 2117 3954 verus
2142 3896 2401 3961 invisitat,
2426 3904 2483 3950 et
2509 3894 2762 3952 tenebras
2790 3894 2913 3950 facit
2937 3905 3248 3951 nostrorum
3276 3897 3560 3957 discedere

1956 3996 2321 4057 peccatorum.
2348 3984 2579 4041 Tantum
2607 3999 2736 4055 ergo
2763 3984 3077 4054 iniquitates
3102 3994 3305 4044 nostras
3332 4004 3365 4045 a
3397 3990 3557 4049 nobis

1956 4074 2118 4145 longe
2162 4083 2324 4141 sunt,
2371 4087 2495 4129 cum
2542 4072 2700 4130 nobis
2742 4082 2965 4145 peccata
3018 4085 3204 4132 nostra
3255 4076 3552 4149 donantur,

1957 4174 2214 4237 quantum
2244 4172 2422 4235 potest
2446 4166 2592 4221 clara
2619 4165 2734 4222 dies
2763 4180 2794 4221 a
2825 4165 3113 4222 tenebrosa
3138 4179 3301 4226 nocte
3323 4170 3551 4229 distare.

1957 4259 2083 4316 Sive
2105 4274 2203 4329 per
2223 4266 2465 4314 orientem
2495 4257 2761 4329 signiﬁcat
2788 4274 3013 4330 regnum
3039 4260 3167 4330 Dei;
3195 4276 3294 4332 per
3315 4279 3556 4321 occasum

1959 4366 2088 4408 vero
2110 4350 2434 4423 gehennam,
2461 4365 2583 4420 quae
2616 4358 2821 4406 tantum
2851 4365 2882 4406 a
2912 4350 3196 4409 beatorum
3221 4353 3351 4410 sede
3380 4355 3559 4413 disso-

1958 4448 2098 4504 ciata
2122 4455 2229 4512 est,
2259 4454 2517 4516 quantum
2544 4444 2676 4499 dicit
2718 4444 2808 4501 ille
2837 4458 3038 4516 pauper
3066 4445 3122 4501 in
3151 4446 3383 4503 Abrahae
3411 4449 3562 4503 sini--

1957 4542 2058 4597 bus
2087 4539 2410 4596 constitutus
2440 4554 2454 4593 :
2486 4536 2632 4593 Inter
2666 4554 2759 4593 nos
2798 4549 2845 4594 et
2879 4556 2966 4594 vos
3000 4540 3152 4594 chaos
3180 4555 3423 4612 magnum
3453 4541 3567 4609 [ir-—

1959 4639 2158 4687 malum
2179 4641 2252 4686 est
2275 4629 2427 4704 (Luc.
2459 4645 2568 4702 xvr,
2595 4629 2711 4700 25).

259 4734 613 4799 cognoscunt,
641 4725 731 4797 qui
772 4724 839 4781 ad
868 4739 992 4781 eum
1034 4724 1212 4781 redire
1257 4723 1503 4794 diligunt,
1548 4723 1639 4792 qui
1670 4721 1933 4795 illece-D
2027 4725 2185 4782 Vers.
2228 4725 2315 4779 15.
2363 4722 2509 4779 Sicut
2550 4723 2817 4777 miseretur
2843 4732 2988 4794 pater
3026 4724 3171 4793 ﬁliis,
3203 4725 3276 4779 ita
3313 4726 3568 4782 misertus-

261 4820 389 4876 bras
409 4818 591 4875 seculi
611 4833 731 4874 eum
752 4832 853 4875 suo
873 4826 1093 4874 auctore
1113 4824 1486 4873 contemnunt.
1503 4816 1726 4882 Contra,
1749 4815 1856 4871 illis

259 4916 316 4968 in
341 4915 496 4984 ﬁnem
529 4915 798 4982 irascetur,
838 4904 1034 4984 quibus
1072 4912 1309 4969 dicturus
1337 4920 1420 4967 est
1450 4929 1460 4966 :
1510 4908 1586 4964 Ite
1613 4911 1666 4964 in
1687 4910 1855 4980 ignem

259 5017 511 5061 internum
532 5009 550 5079 ζ
559 5006 741 5061 Matth.
763 5022 890 5073 xxv,
906 5004 1022 5075 41).
1046 5006 1234 5074 Magna
1257 5003 1539 5060 infelicitas
1562 5004 1737 5074 perire
1757 5002 1859 5058 sub

260 5097 353 5168 pio
374 5097 625 5164 Domino,
652 5106 711 5154 ut
736 5097 913 5154 tardes
941 5096 1020 5153 illi
1041 5095 1359 5152 satisfacere
1385 5096 1471 5151 cui
1498 5104 1551 5151 te
1574 5093 1857 5165 cognoscis

263 5203 510 5257 errasse;
555 5189 792 5248 maxime
820 5203 943 5244 cum
974 5186 1423 5259 supplicationem
1455 5194 1599 5240 luant
1630 5198 1853 5240 vacuam

263 5295 373 5337 non
402 5281 623 5352 sentias,
642 5283 693 5338 si
726 5291 902 5338 tamen
928 5296 1047 5336 eam
1074 5280 1282 5349 integro
1304 5278 1486 5334 animo
1516 5286 1568 5335 te
1592 5276 1854 5333 obtulisse

260 5388 579 5445 cognoscas.
645 5375 829 5431 Potest
857 5374 961 5432 hoc
985 5380 1041 5430 et
1068 5372 1137 5429 de
1167 5370 1363 5442 populo
1389 5370 1613 5427 Iudaico
1641 5370 1852 5437 sentiri,

262 5482 424 5538 quem
464 5468 891 5525 convertendum
934 5476 1147 5523 constat
1176 5465 1230 5522 in
1270 5466 1378 5520 ﬁne
1402 5465 1619 5530 saaculi;
1654 5464 1721 5519 de
1747 5477 1856 5534 quo

259 5568 318 5616 et
342 5560 632 5630 Apostolus
662 5560 789 5616 dicit
821 5578 833 5614 :
868 5560 1083 5615 Ccecitas
1118 5576 1183 5615 ea:
1218 5567 1362 5630 parte
1408 5556 1574 5614 Israel
1614 5557 1849 5628 contigit,

261 5666 320 5715 ut
346 5655 614 5724 plenitudo
638 5655 872 5726 gentium
898 5655 1153 5722 introiret,
1182 5663 1230 5709 et
1256 5652 1330 5707 sic
1357 5652 1520 5708 omnis
1545 5649 1711 5706 Israel
1749 5650 1855 5706 sal-

260 5760 354 5800 nus
383 5747 522 5815 ﬁeret
552 5746 729 5815 (Rom.
757 5762 833 5812 ιι,
857 5746 928 5800 25
956 5756 1005 5802 et
1032 5746 1147 5819 26).

339 5835 491 5892 Vers.
521 5837 608 5893 16.
635 5837 756 5892 Non
783 5838 1064 5893 secundum
1092 5848 1302 5910 peccata
1328 5849 1501 5893 nostra
1528 5839 1648 5910 fecit
1688 5838 1853 5903 nobis,

266 5940 429 6006 neque
469 5932 744 5997 secundum
807 5930 1097 6002 iniquitates
1148 5941 1348 5993 nostras
1397 5930 1631 6000 retribuit
1685 5931 1855 6004 nobis,

1958 4826 2033 4874 est
2060 4817 2314 4873 Dominus
2343 4814 2635 4870 timentibus
2660 4831 2732 4870 se.
2787 4816 2926 4873 Ecce
2969 4816 3080 4887 jam
3126 4831 3235 4873 non
3279 4819 3568 4875 extraneis

1961 4926 2137 4981 neque
2185 4908 2489 4982 longinquis
2536 4909 3029 4980 comparationibus
3081 4910 3288 4982 agitur;
3339 4912 3435 4967 sed
3481 4913 3567 4969 adt

1958 5003 2075 5073 ipsa
2120 5002 2329 5057 viscera
2369 5001 2582 5072 pietatis
2628 5001 2888 5058 vocabula
2933 5000 3228 5058 sociantur.
3272 5002 3364 5059 Sic
3402 5004 3567 5059 eninr

1960 5091 2247 5147 miseretur
2291 5097 2348 5145 ut
2391 5099 2566 5162 pater,
2605 5090 2700 5147 sed
2741 5090 2937 5162 quibus
2968 5093 3082 5162 ipse
3124 5101 3275 5162 pater
3319 5102 3442 5161 est;
3471 5097 3567 5150 sic:
3658 5102 3663 5105 '

1960 5185 2184 5257 corripit
2221 5193 2279 5241 ut
2319 5184 2477 5252 ﬁlios,
2520 5183 2617 5241 sed
2654 5185 2747 5255 qui
2788 5183 2940 5253 regni
2980 5184 3098 5254 ejus
3140 5185 3384 5243 hteredes
3426 5201 3568 5243 essen

1961 5279 2281 5338 meruerint.
2313 5279 2587 5350 Sequitur,
2618 5280 2690 5333 ita
2718 5279 2957 5333 misertus
2989 5288 3062 5334 est
3088 5279 3341 5336 Dominus
3368 5282 3568 5336 timeri-

1962 5372 2097 5429 tibus
2128 5387 2203 5427 se.
2274 5370 2412 5426 Dum
2462 5370 2613 5437 dicit,
2664 5372 2758 5436 ita,
2809 5370 3053 5443 designat
3104 5374 3260 5429 nobis
3311 5382 3566 5445 paternas

1964 5466 2317 5523 correctionis
2355 5462 2625 5520 allectum.
2656 5462 2814 5521 Pater
2854 5467 2997 5522 enim
3038 5468 3271 5524 carnalis
3313 5469 3403 5540 qui
3438 5469 3565 5525 vult

1961 5560 2127 5618 ﬁlium
2160 5575 2317 5623 suum
2352 5561 2509 5616 bonis
2547 5560 2754 5618 actibus
2795 5562 3038 5631 erudire,
3078 5564 3388 5635 frequenter
3425 5580 3558 5623 eum

1960 5654 2204 5727 corripit,
2239 5651 2546 5724 frequenter
2576 5651 2827 5723 ﬂagellat,
2860 5653 3000 5727 sicut
3045 5654 3300 5711 Salomon
3343 5655 3459 5711 ait:
3490 5656 3559 5711 Si

1962 5747 2135 5818 diligis
2165 5745 2331 5813 ﬁlium
2360 5754 2525 5812 tuum,
2548 5744 2811 5815 frequenta
2837 5747 2884 5799 ei
2908 5747 3118 5816 ﬂagella
3154 5744 3289 5818 [ed.,
3317 5746 3561 5816 frequen-

1964 5848 2040 5893 ter
2081 5854 2191 5893 eum
2222 5836 2473 5909 ﬂagella],
2504 5853 2620 5892 cum
2646 5837 2819 5891 adhuc
2848 5846 2987 5893 tener
3010 5848 3083 5893 est
3113 5836 3301 5909 (Eccli.
3326 5852 3450 5903 xxx,
3472 5837 3556 5909 1),

1969 5939 2074 5991 etc.
2121 5922 2228 6003 ipsi
2251 5930 2395 5993 enim
2426 5941 2678 6004 parentes
2704 5945 2832 5990 vere
2860 5930 3087 6004 diligunt
3115 5930 3257 6001 ﬁlios
3298 5943 3433 5990 suos
3458 5929 3559 6006 qui

3623 5302 3669 5479 ἐ
