4092 6344
463 426 578 486 721

1735 433 1804 487 ΙΙ.
1849 432 2131 489 AURELII
2172 434 2577 493 CASSIODOBI

3653 427 3760 484 ται

463 541 546 597 eis
590 539 693 596 sub
725 541 921 610 pietate
950 539 1179 622 districti
1207 548 1353 594 sunt.
1383 541 1472 597 Sic
1503 552 1557 598 et
1587 542 1844 601 Dominus
1875 553 2060 602 noster
2089 549 2140 610 Α
2169 550 2407 610 addidit.
2454 563 2499 605 et
2549 567 2652 605 non
2682 557 2948 621 cognoscet
2979 539 3217 616 'amptius
3245 559 3418 602 cocum
3441 559 3596 600 suum
3615 589 3631 615 ,
3663 545 3765 600 hoc

465 635 698 707 ﬂagellat
726 648 939 690 onmem
968 635 1138 688 filium
1167 649 1327 704 quem
1371 636 1586 706 recipit,
1630 645 1686 693 et
1724 638 1974 695 timentes
2002 654 2061 696 se

463 731 532 788 ad
561 731 800 787 studiqu
829 729 985 785 bonae
1015 729 1309 786 voluntatis
1338 731 1574 787 adducit.

554 826 710 882 Vers.
774 825 861 878 Μ.
929 824 1064 890 Quia
1125 825 1236 893 ipse
1296 827 1389 880 scit
1451 826 1754 897 ﬁgmentum
1810 834 2061 886 nostrum.

467 919 749 984 Memento,
792 915 1037 988 Domine,
1083 921 1220 990 quod
1249 919 1417 990 pulvis
1445 935 1641 975 sumus.
1696 922 1806 978 Hoc
1851 934 2061 976 comma

466 1013 534 1070 ad
567 1013 850 1085 superiora
897 1014 1230 1086 jungendum
1274 1024 1377 1070 est.
1419 1015 1593 1072 Causa
1631 1017 1775 1072 enim
1820 1015 2063 1071 redditur

463 1123 561 1162 cur
603 1106 926 1165 misereatur
962 1116 1018 1164 ut
1061 1119 1212 1179 pater
1245 1126 1260 1164 :
1301 1109 1508 1164 scilicet
1533 1109 1788 1180 quoniam
1826 1117 2064 1164 nosmet-

463 1201 609 1272 ipsos
635 1203 702 1256 ab
725 1202 814 1258 illa
839 1203 1068 1260 naturali
1095 1203 1356 1275 dignitate
1381 1203 1698 1276 deiecimus,
1723 1212 1779 1260 et
1800 1218 1832 1258 a
1857 1203 2064 1260 factura

464 1294 737 1351 Creatoris
802 1297 1052 1366 repulsi,
1115 1297 1416 1368 ﬁgmentum
1486 1312 1608 1354 esse
1676 1305 2060 1354 monstramur.

467 1389 657 1446 Merito
683 1404 812 1460 ergo
837 1391 1112 1446 subveniri
1139 1391 1238 1448 sibi
1271 1394 1527 1461 postulat,
1557 1391 1650 1461 qui
1678 1406 1827 1460 Spem
1862 1391 1914 1446 in
1941 1390 2066 1445 viri-

2168 652 2250 698 est
2276 644 2328 698 iu
2359 644 2462 699 hoc
2481 645 2734 700 sarculum
2765 659 2868 698 non
2899 653 3073 714 potest
3089 641 3283 706 redire,
3309 640 3397 695 ubi
3419 651 3570 694 suam
3596 637 3764 693 vitam

2167 735 2337 804 possit
2359 736 2576 791 iterare.
2601 736 2855 792 Conrictri
2885 744 2968 790 est
3001 734 3372 789 imbecillitate
3396 745 3493 786 sua
3530 730 3764 784 humana

2169 827 2456 898 fragilitas.
2489 819 2722 896 Audisti,
2753 831 2934 898 homo,
2970 828 3095 897 quid
3127 826 3222 890 sis,
3255 825 3380 879 audi
3405 822 3536 892 quid
3563 822 3694 887 eris,
3715 822 3766 876 si

2169 919 2453 976 Dominum
2511 923 2733 978 minime
2785 923 2974 976 timere
3027 918 3360 989 dmpexeris.
3411 916 3544 983 Quae
3597 914 3768 983 ﬁgura

2167 1009 2363 1066 dicitur
2405 1013 2619 1080 parison
2647 1057 2662 1081 ,
2710 1013 2761 1067 id
2793 1023 2876 1067 est
2921 1011 3152 1080 :r-quatio
3197 1007 3518 1073 sententias,
3551 1005 3768 1074 quoties

2166 1099 2306 1157 bona
2337 1104 2418 1159 vel
2451 1105 2587 1159 mala
2619 1104 2945 1174 conjunctim
2977 1102 3234 1158 membris
3265 1099 3616 1156 dissimilibus
3643 1096 3764 1154 allio

2163 1213 2376 1269 gamus.

2241 1293 2393 1350 Vers.
2433 1295 2516 1348 17.
2554 1294 2912 1350 Misericordia
2943 1303 3114 1348 autem
3147 1293 3358 1348 Domini
3385 1309 3418 1346 α
3446 1289 3634 1348 seculo
3661 1297 3760 1356 est,

2168 1392 2217 1442 et
2245 1403 2404 1457 usque
2431 1388 2484 1440 in
2513 1388 2761 1440 smcutum
2805 1390 2983 1442 saeculi
3025 1403 3176 1459 super
3227 1388 3456 1441 timentes
3495 1399 3615 1441 eum
3653 1399 3676 1440 :
3715 1392 3768 1439 et

466 1480 569 1534 bus
606 1481 837 1552 pr0priis
873 1497 981 1537 non
1032 1481 1283 1537 habebat.
1319 1482 1592 1552 Sequitur,
1627 1482 1909 1545 Memento,
1955 1480 2067 1536 Do-
2159 1479 2366 1550 justitia
2404 1479 2518 1548 ejus
2561 1495 2714 1549 super
2753 1480 2888 1547 ﬁlios
2931 1479 3179 1548 ﬁtiorum.
3222 1479 3474 1548 Exposita
3501 1487 3583 1534 est
3611 1477 3765 1547 prius

468 1573 625 1650 mine,
674 1573 814 1643 quod
866 1572 1032 1642 pulvis
1079 1589 1277 1629 sumus.
1314 1575 1450 1628 Dicit
1486 1575 1664 1640 enim,
1696 1573 1900 1629 Memor
1925 1583 2061 1640 esto,

464 1663 715 1728 Domine,
736 1679 842 1719 non
869 1665 992 1735 quia
1020 1681 1116 1720 nos
1141 1680 1209 1720 ex
1235 1664 1365 1720 limo
1391 1664 1589 1720 creasti
1619 1663 1750 1736 [ed.,
1776 1661 2064 1736 formasti],

467 1773 574 1816 non
617 1757 740 1828 quia
779 1757 1112 1813 immortales
1143 1766 1230 1812 tua
1270 1757 1516 1828 largitate
1557 1756 1753 1823 fecisti,
1783 1770 1892 1811 non
1921 1753 2065 1825 quod

469 1848 538 1908 ad
569 1849 854 1920 imaginem
885 1857 942 1905 et
966 1848 1366 1904 similitudinem
1397 1859 1542 1903 tuam
1573 1849 1844 1917 plasmare
1874 1847 2065 1918 digna-

2169 1570 2436 1626 veraciter
2469 1575 2697 1626 humana
2731 1571 2968 1626 conditio
3001 1581 3224 1642 prOpter
3251 1570 3593 1626 insolentium
3623 1581 3766 1638 prae-

2170 1663 2506 1732 sumptiones
2536 1663 2777 1730 illicitas;
2803 1679 2943 1718 nunc
2975 1664 3209 1718 insinuat
3233 1677 3407 1733 spem,
3435 1677 3556 1734 quae
3577 1660 3766 1716 ﬁdeles

2173 1755 2362 1812 debeat
2392 1757 2658 1813 consolari
2691 1775 2704 1812 :
2738 1759 2862 1827 quia
2889 1758 3014 1812 licet
3047 1773 3144 1825 per
3193 1773 3292 1813 nos
3337 1758 3505 1813 simus
3551 1756 3766 1826 fragiles

2174 1857 2228 1904 et
2257 1849 2472 1916 caduci,
2505 1864 2599 1918 per
2623 1849 3044 1904 mise'ricordiam
3080 1849 3286 1904 Domini
3309 1847 3587 1905 reddimur
3611 1847 3768 1901 abso-

469 1948 555 2024 tus
585 1955 665 2012 es,
685 1942 806 2011 quia
835 1944 935 1996 ista
964 1943 1140 1995 omnia
1175 1941 1428 1996 invidiam
1459 1943 1629 2010 magis
1651 1941 1886 1997 excitare
1911 1948 2066 2012 potc-
2099 1936 2148 1998 Β
2176 1941 2282 1996 Iule
2306 1943 2576 2011 perpetui;
2602 1949 2660 1997 ut
2678 1951 2732 1997 et
2753 1957 2912 2012 quam
2937 1941 3150 2012 fragiles
3173 1943 3342 1997 simus
3361 1940 3654 1996 debeamus
3671 1936 3768 1992 ade

468 2042 594 2090 rant
621 2035 925 2112 peccatori;
955 2034 1050 2088 Sed
1101 2035 1220 2104 quia
1266 2035 1320 2089 in
1367 2037 1639 2104 pulverem
1682 2049 1824 2090 nunc
1863 2033 2068 2088 redacti

471 2140 659 2204 sumus
702 2126 952 2182 ariditate
997 2127 1225 2196 peccati.
1269 2127 1523 2184 Miserere
1569 2128 1648 2182 eis
1676 2128 1766 2198 qui
1797 2142 1858 2184 se
1888 2126 2068 2182 infeli-

468 2221 604 2276 citer
645 2220 1020 2290 perculerunt:
1067 2221 1292 2276 subveni
1337 2223 1426 2292 qui
1476 2223 1527 2277 in
1571 2223 1662 2276 illo
1707 2237 1936 2278 munere
1977 2231 2069 2278 tuo

467 2315 694 2370 minime
733 2315 1033 2370 consistere
1083 2317 1390 2370 voluerunt.
1450 2315 1532 2369 Tu
1575 2315 1718 2371 enim
1763 2315 1912 2371 solus
1949 2315 2070 2385 pius

467 2391 528 2480 es
565 2405 958 2475 peccatoribus,
989 2405 1112 2476 quia
1156 2405 1532 2474 delinquentes
1572 2419 1632 2460 se
1667 2405 1903 2476 graviter
1945 2419 2069 2475 pero

469 2497 737 2556 eulcruut.

480 2571 488 2578 ’
521 2573 703 2664 ’345
737 2590 889 2647 Vers.
909 2590 995 2646 15.
1028 2589 1202 2646 Homo
1232 2592 1363 2646 sicut
1394 2594 1564 2663 fenum
1595 2591 1706 2645 dies
1727 2592 1858 2661 ejus,
1889 2597 1934 2644 et
1961 2590 2068 2644 sic-

470 2694 524 2750 ut
550 2687 650 2756 ﬂos
679 2686 792 2757 agri
821 2686 893 2738 ita
922 2685 1089 2756 ﬂoriet
1119 2683 1270 2758 [mss.
1305 2689 1394 2752 A.,
1423 2687 1506 2750 Β..
1542 2685 1624 2754 γη
1657 2682 1902 2756 ﬂorebit].
1933 2684 2072 2741 Sunt

469 2777 677 2848 species
717 2777 1084 2834 definitionum
1136 2795 1255 2848 qua:
1305 2794 1402 2850 per
1455 2792 1636 2834 rerum
1689 2778 2072 2836 similitudines

469 2873 676 2943 aliquas
705 2872 1072 2942 explicantur,
1109 2883 1166 2927 ut
1192 2882 1275 2928 est
1305 2872 1438 2928 illud
1469 2892 1484 2930 :
1517 2871 1630 2946 Ego
1660 2890 1772 2928 sum
1802 2875 1902 2940 via,
1931 2875 2069 2928 veri...

471 2978 548 3036 tas
577 2979 624 3021 et
653 2968 758 3020 vita
782 2965 960 3037 (Joan.
996 2981 1103 3032 xw,
1128 2965 1204 3037 6).
1261 2964 1353 3021 Sic
1381 2977 1435 3020 et
1468 2967 1522 3022 in
1564 2966 1666 3020 hoc
1708 2976 1762 3020 et
1793 2965 1847 3020 in
1877 2965 2069 3022 subseo

470 3062 653 3135 quenti
697 3076 854 3116 versu
876 3069 1090 3115 constat
1118 3074 1237 3115 esse
1261 3059 1570 3116 formatum.
1603 3061 2068 3127 Quemadmodum

470 3153 514 3206 si
539 3151 860 3222 interroges,
885 3152 1012 3222 quid
1042 3160 1128 3209 est
1147 3153 1341 3206 homo?
1363 3150 1739 3220 respondetur,
1762 3152 1936 3220 fenum
1961 3153 2069 3206 dies

469 3246 612 3314 ejus,
645 3246 786 3314 quod
827 3259 1036 3300 summa
1068 3243 1337 3300 hilaritate
1369 3243 1614 3313 pullulat,
1659 3243 1754 3298 sed
1784 3243 2069 3299 celerrima

471 3333 756 3392 velocitate
777 3334 1097 3391 desiccatur.
1135 3333 1336 3390 Fenum
1363 3342 1448 3391 est
1475 3334 1615 3404 quod
1647 3332 1841 3403 pluviis
1869 3334 2072 3391 veloci-
2099 3319 2146 3386 C

472 3436 558 3483 ter
587 3427 641 3482 in
669 3441 824 3488 auras
856 3435 1019 3497 caput
1044 3427 1220 3498 erigit,
1255 3427 1350 3484 sed
1379 3428 1434 3483 in
1465 3427 1746 3484 ardoribus
1790 3429 1931 3486 colla
1977 3430 2075 3487 de-

471 3520 646 3594 ponit.
677 3521 744 3576 Et
773 3534 842 3577 ne
883 3519 1111 3576 forsitan
1157 3519 1356 3590 aliquid
1385 3520 1671 3577 soliditatis
1694 3521 1831 3578 hanc
1853 3537 2071 3594 compa—

395 3642 398 3646 -
470 3613 739 3670 rationem
772 3622 990 3682 putares
1013 3611 1233 3679 habere,
1254 3612 1483 3680 addidit,
1507 3623 1553 3670 et
1579 3615 1709 3670 sicut
1735 3617 1834 3687 [los
1861 3617 1974 3688 agri
1999 3617 2075 3674 ita

471 3706 660 3782 ﬂoriet.
707 3701 837 3760 Elos
879 3707 991 3779 agri
1041 3706 1211 3762 multo
1255 3707 1490 3764 celerius
1537 3709 1730 3766 transit
1773 3726 1932 3781 quam
1963 3710 2073 3767 feni

473 3799 714 3876 viriditas
752 3794 1072 3873 permanere
1120 3811 1470 3860 monstratur.
1507 3803 1614 3859 Sed
1664 3807 1910 3876 quamvis
1949 3791 2071 3876 pul-

472 3895 798 3952 cherrimum
830 3895 1076 3954 videatur
1103 3911 1222 3956 esse
1249 3898 1376 3955 dum
1404 3898 1594 3968 pubet,
1630 3901 1858 3956 multum
1891 3901 2072 3972 fugiti‘

472 4002 598 4056 vum
621 3991 858 4047 cernitur
881 4005 1004 4048 esse
1025 3991 1150 4048 dum
1183 3994 1406 4049 corruit.
1431 3993 1508 4048 Ita
1536 3994 1680 4050 enim
1711 4005 1766 4051 et
1788 3997 2073 4052 imbecilli-

473 4091 558 4142 tas
585 4083 817 4140 humana
849 4084 1074 4154 pulchre
1097 4087 1326 4154 crescit,
1355 4088 1430 4142 ita
1455 4087 1640 4147 sreculi
1674 4088 1908 4146 honores
1935 4090 2074 4146 divi¢

473 4175 671 4245 tiaeque
683 4178 1003 4248 gratissimae
1018 4179 1273 4246 sunt,sed
1295 4195 1400 4237 non
1426 4181 1492 4236 ad
1514 4181 1675 4237 tinem
1699 4184 2068 4254 longissimum

474 4269 869 4339 perducuntur.
911 4270 1188 4328 Veraciter
1229 4287 1360 4342 ergo
1411 4273 1494 4328 his
1541 4275 1703 4330 rebus
1744 4278 2068 4333 transitoriis

475 4359 787 4417 humanits
830 4374 1213 4432 comparatur,
1264 4366 1386 4435 quia
1438 4367 1672 4422 robustis
1721 4370 1920 4425 viribus
1974 4370 2070 4426 de-

473 4451 696 4524 stituta,
741 4453 796 4510 in
844 4467 1026 4512 casum
1075 4457 1263 4512 mortis
1314 4473 1479 4527 prona
1527 4474 1742 4530 semper
1791 4462 2070 4522 celeritate

471 4541 716 4602 festinat.

465 4643 469 4648 ’
544 4639 702 4698 Vers.
736 4642 824 4700 16.
869 4641 1006 4708 Quia
1049 4644 1261 4712 spiritus
1307 4645 1637 4713 pertransibit
1683 4647 1736 4700 in
1767 4664 1845 4716 eo,
1879 4657 1930 4703 et
1968 4665 2068 4704 non

2172 2047 2409 2101 vertere,
2439 2046 2493 2090 et
2523 2036 2648 2104 quid
2681 2051 2778 2106 per
2824 2035 3035 2090 Domini
3081 2039 3305 2105 gratiam
3351 2043 3766 2103 consequamur.

2172 2129 2438 2198 possimus
2469 2128 2677 2182 audire.
2727 2127 2794 2184 Et
2845 2137 2969 2182 nota
3020 2129 3161 2198 quod
3211 2127 3375 2194 dixit,
3407 2123 3768 2191 amento,“

2171 2230 2275 2287 est,
2303 2237 2424 2275 cum
2455 2222 2813 2277 administrari
2837 2231 3044 2290 coeptus
3075 2230 3158 2277 est
3182 2221 3434 2287 mundus,
3464 2229 3517 2275 et
3541 2219 3769 2274 diversa

2171 2323 2430 2370 creatura:
2471 2316 2707 2370 auctoris
2737 2318 2819 2370 sui
2862 2330 3087 2370 munere
3121 2324 3499 2384 proruperunt.
3532 2312 3683 2368 Unde
3713 2318 3768 2366 et

2171 2411 2302 2466 mihi
2330 2409 2543 2464 videtur
2563 2409 2650 2464 hic
2677 2409 3062 2466 ronvenienter
3085 2407 3314 2472 adverti,
3338 2417 3392 2462 et
3414 2406 3583 2460 Adam
3605 2404 3768 2474 (sicut

2170 2503 2324 2558 multi
2355 2503 2568 2556 Patrum
2597 2502 2881 2570 dixerunt)
2927 2516 2957 2556 a
2986 2501 3198 2555 Domini
3230 2499 3394 2554 fuisse
3437 2500 3606 2570 gratia
3643 2495 3764 2569 [πη.

2172 2593 2265 2661 G.,
2289 2594 2393 2661 ed.,
2423 2594 2490 2648 ad
2507 2593 2715 2648 Domini
2747 2593 2911 2649 fuisse
2926 2590 3174 2664 gratiam]
3204 2599 3533 2658 revocatum,
3552 2588 3766 2660 quando

2171 2688 2290 2758 ipse
2320 2688 2522 2757 primus
2552 2687 2606 2740 in
2631 2687 2830 2742 saeculo
2859 2686 2981 2752 fuit,
3030 2685 3188 2741 sicuti
3227 2685 3389 2741 etiam
3423 2683 3586 2748 Abel,
3623 2681 3766 2756 Noe,

2171 2786 2445 2844 Abraham
2488 2794 2544 2842 et
2578 2787 2762 2842 cmteri
2816 2786 3034 2852 Patres,
3070 2786 3161 2856 qui
3209 2794 3388 2841 tamen
3437 2784 3490 2839 in
3535 2783 3766 2848 sarculo,

2171 2879 2269 2935 sed
2294 2893 2398 2934 non
2429 2895 2462 2933 α
2487 2881 2675 2934 δίει-κιο
2703 2879 2936 2934 fuerunt.
2967 2877 3102 2934 Nam
3132 2879 3274 2949 quod
3300 2878 3571 2948 Sequitur,
3602 2883 3649 2929 et
3677 2891 3768 2929 us-

2173 2989 2272 3043 que
2300 2973 2352 3026 in
2379 2973 2624 3028 sarculum
2651 2971 2830 3027 saeculi
2847 3013 2861 3038 ,
2891 2971 3250 3027 mternitatem
3281 2969 3488 3025 Domini
3517 2965 3767 3022 absolute

2173 3064 2423 3136 designat
2456 3082 2470 3117 :
2500 3065 2752 3136 quoniam
2785 3075 2840 3120 et
2869 3063 2958 3120 ille
3005 3073 3129 3120 ante
3175 3061 3448 3127 smculum,
3477 3067 3532 3116 et
3573 3058 3627 3113 in
3658 3071 3767 3113 sae-

2173 3159 2315 3224 culo,
2344 3168 2536 3228 etpost
2562 3160 2702 3215 istud
2732 3160 2986 3216 saeculum
3019 3157 3325 3214 misericors
3350 3169 3471 3212 esse
3496 3161 3767 3210 monstra-

2177 3261 2281 3306 tur.
2315 3250 2611 3306 Considera
2655 3252 2814 3309 etiam
2857 3252 2999 3324 quod
3045 3251 3291 3318 addidit,
3341 3265 3498 3320 super
3535 3248 3770 3301 timentes

2176 3359 2310 3410 eum,
2361 3359 2428 3399 ne
2454 3353 2508 3400 et
2534 3344 2611 3398 illi
2649 3344 2750 3399 hoc
2775 3344 2832 3400 in
2871 3357 2930 3400 se
2957 3343 3237 3400 crederent
3274 3356 3397 3399 esse
3441 3339 3769 3407 faciendum,

2175 3437 2267 3508 qui
2297 3437 2347 3492 ei
2378 3437 2658 3492 sceleratis
2685 3437 2902 3494 ausibus
2930 3436 3149 3494 obedire
3180 3441 3555 3490 coiitemnunt.
3582 3430 3771 3501 Sequi-

2176 3539 2282 3596 tur,
2313 3542 2358 3585 et
2377 3531 2582 3604 justitia
2608 3532 2722 3598 eius
2757 3547 2910 3603 super
2945 3531 3083 3600 ﬁlios
3111 3529 3360 3599 ﬁliorum.
3400 3523 3570 3580 Filios
3603 3523 3771 3597 (sicut

2176 3623 2455 3693 stepejam
2487 3621 2688 3677 dictum
2723 3623 2841 3694 est)
2875 3621 3298 3692 uniuscujusque
3327 3627 3478 3674 actus
3509 3617 3771 3672 debemus

2175 3716 2488 3781 advertere;
2517 3715 2650 3782 ﬁiios
2681 3713 2929 3784 ﬁliorum,
2958 3727 3180 3784 cperum
3206 3721 3511 3768 nostrorum
3533 3707 3770 3780 justissi-

2175 3821 2316 3862 mam
2348 3806 2772 3862 retributionem.
2805 3807 2942 3862 Nam
2971 3801 3113 3863 sicut
3155 3819 3253 3862 nos
3281 3818 3498 3875 operam
3529 3810 3770 3856 nostram

2175 3899 2568 3972 quodammodo
2597 3915 2938 3969 generamus,
2971 3902 3047 3956 ita
3086 3899 3242 3956 nobis
3272 3896 3650 3954 retributiones
3678 3908 3769 3949 rt.h

2173 4007 2294 4049 rum
2341 4001 2542 4048 nostrae
2587 4003 2845 4062 generant
2895 3994 3152 4050 actiones.
3199 3991 3348 4048 Hanc
3403 3986 3766 4057 unusquisque

2169 4087 2350 4158 justus
2394 4087 2654 4157 recipiet,
2694 4101 2816 4143 cum
2863 4089 2918 4143 in
2975 4097 3175 4144 aeterna
3227 4086 3388 4142 fuerit
3437 4081 3770 4140 beatitudine

2173 4181 2490 4237 collocatus.
2525 4179 2674 4236 Multi
2701 4181 2846 4236 enim
2877 4180 3113 4237 fidelium
3144 4180 3284 4235 filios
3311 4192 3417 4234 non
3441 4176 3768 4241 habuerunt,

2173 4283 2266 4331 aut
2295 4273 2594 4330 sterilitatis
2621 4283 2814 4329 eventu
2837 4315 2851 4340 ,
2884 4282 2975 4328 aut
3019 4271 3340 4343 virginitatis
3387 4267 3590 4324 studio.
3617 4262 3768 4333 Quod

2171 4366 2217 4422 si
2249 4364 2314 4419 ad
2357 4364 2589 4422 litteram
2637 4365 2768 4420 velis
2815 4363 3095 4420 advertere
3137 4361 3301 4434 (quod
3347 4359 3511 4428 absit)
3553 4353 3770 4428 plurimi

2171 4467 2484 4514 sanctorum
2526 4457 2629 4512 ista
2675 4457 3030 4528 promissione
3077 4455 3412 4510 fraudantur.
3443 4451 3577 4507 Nam
3623 4459 3676 4507 et
3713 4449 3770 4504 in

2172 4550 2623 4620 subsequentibus
2663 4549 3013 4620 spiritualiter
3050 4547 3251 4604 dictum
3281 4559 3404 4601 esse
3442 4543 3766 4600 declaratur.

2251 4642 2403 4698 Vers.
2438 4643 2526 4698 18.
2557 4641 2967 4696 Custodientibus
3005 4647 3361 4696 testamentum
3392 4638 3537 4708 ejus,
3573 4644 3620 4688 et
3658 4647 3768 4686 meo

470 4732 609 4801 erit;
635 4743 683 4789 et
717 4751 822 4791 non
861 4745 1126 4808 cognoscet
1170 4738 1394 4808 amplius
1422 4739 1587 4794 locum
1611 4756 1780 4796 suum.
1813 4741 1895 4798 Ad
1926 4742 2066 4800 hanc
2097 4718 2336 4817 Dmoria
2365 4735 2694 4789 retinentibus
2737 4733 2981 4788 mandata
3029 4735 3143 4804 ejus
3165 4773 3180 4798 ,
3211 4739 3265 4786 ut
3315 4731 3516 4800 faciant
3561 4737 3641 4782 ea.
3677 4725 3771 4817 Isti

472 4826 878 4885 similitudinem
905 4831 1236 4899 comparatio
1263 4832 1560 4902 superioris
1590 4847 1778 4890 versus
1807 4850 2063 4906 expressa

471 4926 576 4976 est.
605 4919 870 4977 Describit
887 4921 1030 4977 enim
1054 4921 1179 4991 quid
1203 4923 1275 4978 sit
1295 4923 1476 4989 homo,
1499 4922 1552 4978 id
1579 4933 1682 4993 est,
1709 4927 1922 4995 spiritus
1950 4943 2068 4998 pera

472 5015 722 5070 transiens
747 5017 1026 5084 mundum,
1050 5016 1254 5073 scilicet
1279 5025 1621 5087 praesentem,
1653 5019 1706 5074 in
1735 5035 1840 5090 quo
1867 5021 2064 5077 diutis-

472 5108 612 5164 sime
639 5123 745 5164 non
775 5119 954 5180 potest
981 5125 1320 5181 permanere.
1349 5112 1584 5168 Audiam
1616 5113 1705 5183 qui
1743 5115 2064 5185 superbiunt

471 5210 526 5257 et
557 5215 618 5257 se
645 5201 882 5270 gaudent
907 5205 1178 5260 mundana
1211 5205 1463 5260 felicitate
1503 5206 1818 5272 subvectos,
1845 5209 1926 5264 sic
1953 5208 2064 5279 spi-

469 5293 606 5347 ritus
633 5291 940 5363 relinquere
985 5303 1167 5351 nostra
1211 5297 1562 5367 corpuscula,
1611 5298 2061 5367 quemadmodum

473 5381 644 5438 solent
669 5382 890 5438 flumina
915 5383 1030 5440 loca
1053 5385 1307 5442 inundata
1334 5387 1584 5444 transire.
1605 5387 1699 5442 llla
1718 5389 1863 5445 enim
1891 5390 2062 5459 spatia

471 5487 590 5545 quae
621 5477 775 5546 plena
807 5477 1058 5532 videntur
1087 5493 1206 5533 esse
1237 5481 1566 5536 torrentibus
1586 5524 1600 5547 ,
1626 5497 1784 5552 quam
1816 5491 1942 5538 sunt
1968 5497 2060 5539 va-

467 5579 568 5623 cua
613 5584 740 5624 cum
787 5569 1064 5625 recedunt.
1109 5570 1223 5627 Non
1275 5583 1358 5628 est
1403 5589 1532 5645 ergo
1562 5573 1632 5628 de
1676 5573 1898 5646 fugitivo
1929 5576 2058 5633 ﬂatu

467 5660 922 5732 prmsumendum,
955 5662 1048 5716 sed
1088 5663 1173 5718 hic
1202 5665 1376 5732 potius
1407 5667 1670 5736 agendum
1694 5705 1710 5734 ,
1742 5669 1884 5738 quod
1929 5684 2058 5738 pro-

465 5752 628 5810 desse
656 5756 900 5809 novimus
933 5754 984 5809 in
1018 5755 1276 5810 futurum.
1308 5759 1373 5813 Et
1402 5774 1470 5815 ne
1498 5761 1720 5815 forsitan
1745 5761 1936 5833 aliquis
1964 5778 2060 5832 per

466 5848 976 5921 metempsychosim
1007 5850 1255 5906 crederet
1284 5852 1350 5904 ad
1389 5853 1529 5908 hunc
1561 5856 1818 5910 mundum
1849 5858 2058 5914 animas

473 5959 594 6006 esse
608 5946 874 6007 redituras
893 5946 1056 6024 (sicut
1073 5945 1318 6008 nonnulli
1340 5956 1666 6024 putaverunt
1677 5948 2052 6026 dementiam),
2067 5981 2073 5992 -

2172 4832 2299 4883 sunt
2329 4823 2423 4878 lilii
2451 4838 2585 4894 quos
2632 4824 2879 4894 superius
2908 4821 3084 4891 dixit,
3121 4821 3212 4893 qui
3251 4827 3520 4891 praecepta
3554 4815 3770 4874 Domini

2173 4920 2512 4988 custodiunt,
2539 4919 2628 4989 qui
2659 4919 3033 4975 mandatorum
3059 4917 3176 4988 ejus
3213 4915 3467 4987 operibus
3497 4920 3624 4968 sunt
3654 4923 3768 4965 me-

2175 5028 2376 5080 mores,
2412 5027 2517 5067 non
2545 5011 2724 5067 studio
2751 5010 3051 5067 cantilenae.
3083 5007 3217 5064 Nam
3249 5014 3304 5064 et
3331 5006 3378 5062 si
3407 5004 3526 5076 quis
3557 5001 3768 5058 Psaitc-

2165 5108 2306 5165 rium
2329 5119 2462 5163 voce
2486 5104 2694 5172 reddat,
2719 5118 2926 5159 memor
2948 5102 3067 5172 ejus
3089 5116 3198 5157 non
3223 5107 3326 5168 est,
3353 5097 3458 5154 nisi
3484 5111 3606 5168 quae
3629 5107 3770 5166 pras-

2167 5201 2439 5272 cipiuntur
2481 5197 2742 5255 effecerit.
2787 5196 2911 5252 Ideo
2958 5195 3103 5251 enim
3149 5195 3290 5250 dicta
3324 5198 3480 5258 sunt,
3514 5196 3576 5246 ut
3613 5190 3765 5253 ﬁant,

2165 5310 2276 5353 non
2299 5303 2356 5350 ut
2380 5294 2494 5352 sola
2520 5292 2902 5350 vociferatione
2923 5299 3225 5348 cantentur.
3250 5288 3402 5346 Unde
3423 5285 3770 5344 doctissimus

2166 5389 2327 5447 Pater
2347 5386 2677 5460 Augustinus
2700 5387 2753 5440 in
2780 5385 2882 5440 hoc
2904 5384 3110 5454 psalmo
3127 5382 3426 5452 disputans,
3446 5376 3770 5434 Psalterium

2169 5496 2229 5539 se
2261 5497 2368 5538 non
2413 5492 2597 5539 tenere
2645 5478 2920 5551 professus
2961 5485 3065 5540 est,
3113 5489 3214 5532 nec
3256 5475 3418 5529 totius
3467 5471 3599 5540 legis
3623 5470 3768 5524 dicta

2167 5575 2446 5641 recolere;
2477 5575 2683 5630 scilicet
2711 5581 2770 5629 ut
2799 5587 2906 5628 non
2954 5571 3128 5626 solum
3170 5567 3236 5623 ad
3285 5565 3632 5628 audiendum,
3668 5559 3768 5616 sed

2170 5671 2402 5726 maxime
2428 5670 2493 5726 ad
2515 5669 2825 5725 faciendum
2849 5679 3161 5722 cunctarum
3185 5661 3418 5718 studium
3445 5658 3768 5714 concitaret.

2171 5764 2422 5820 Memoria
2457 5773 2542 5820 est
2592 5765 2734 5820 enim
2781 5778 2876 5832 per
2921 5775 3077 5832 quam
3128 5758 3335 5814 animus
3383 5753 3598 5824 repetit,
3646 5763 3768 5822 qua:

2167 5861 2368 5926 audita,
2397 5862 2528 5924 visa,
2561 5859 2805 5928 factaque
2836 5855 3131 5926 cognoscit.

2201 5953 2397 6012 ινα-δ.
2432 5953 2518 6012 19.
2566 5951 2815 6010 Dominus
2855 5952 2908 6006 in
2946 5949 3072 6007 caelo
3104 5947 3297 6021 paravit
3342 5942 3518 6000 sedem
3553 5953 3705 5998 suam
3742 5949 3768 5999 ἒ
3845 5949 3858 5960 ³
