4092 6344
328 444 437 516 125

1302 454 1663 518 EXPOSI'I’IO
1700 454 1767 514 IN
1804 448 2263 516 PSAL'I'ERIUM.
2304 454 2495 518 PSAL.
2536 458 2668 519 Clll.

3514 465 3617 521 726

331 578 380 629 et
408 589 622 645 regnum
652 576 762 648 ejus
789 575 1020 633 omnium
1061 574 1428 634 dominabitur.
1460 575 1619 634 Venit
1656 575 1724 632 ad
1762 571 1928 631 futuri
1954 566 2008 634 Δ
2034 572 2149 629 sive
2178 574 2234 630 iu
2255 574 2502 633 laudibus
2527 619 2543 645 ,
2575 577 2691 634 sive
2725 577 2779 633 in
2808 576 3289 650 vituperationibus
3319 576 3386 633 ad
3415 578 3625 633 animos

327 666 516 738 judicii
546 665 941 725 formidabilem
980 668 1418 740 praedicationem
1448 686 1464 724 :
1490 685 1559 726 ne
1591 668 1928 740 peccantium

327 769 541 818 mentes
571 760 980 830 insolescerent,
1003 777 1128 819 cum
1162 764 1418 819 ultionem
1445 770 1726 818 venturam
1756 761 1927 817 malo-

328 854 448 908 r‘um
481 861 696 908 actuum
727 868 835 910 non
864 854 1137 911 timerent.
1166 853 1310 910 Dicit
1336 852 1501 919 enim,
1532 853 1727 922 paravit
1756 852 1929 907 sedem

328 934 497 1001 suam.
533 945 643 1002 [loc
666 946 732 1002 ad
764 946 893 1003 illud
921 949 1193 1022 pertinet,
1228 947 1441 1019 quando
1486 944 1928 1001 Dominusdcsus

327 1038 573 1095 ascendit
616 1039 671 1095 in
714 1040 908 1097 coelum
930 1081 945 1107 ,
976 1041 1129 1097 sedet
1158 1042 1221 1096 ad
1254 1040 1530 1096 dexteram
1564 1038 1771 1104 Patris,
1804 1037 1929 1092 inde

327 1142 589 1188 venturus
608 1131 855 1205 judicare
880 1134 1030 1188 vivos
1057 1141 1111 1190 et
1138 1141 1399 1189 mortuos.
1427 1132 1495 1186 Et
1522 1145 1589 1186 ne
1616 1130 1789 1199 aliqua
1824 1130 1926 1183 im-

326 1226 571 1297 potentia
604 1223 817 1282 Domini
850 1224 1212 1293 mordereris,
1244 1225 1415 1294 ipsum
1447 1224 1578 1278 dicit
1606 1238 1815 1292 parasse
1844 1237 1929 1275 se-

326 1317 445 1372 dem
470 1333 648 1385 suam,
679 1319 769 1390 qui
799 1317 1138 1390 judicaturus
1165 1327 1252 1376 est
1279 1315 1562 1374 mundum.
1591 1314 1840 1382 Addidit,
1880 1322 1929 1369 et

317 1427 542 1484 regnum
563 1414 674 1484 ejus
695 1413 919 1467 omnium
950 1410 1320 1466 dominabitur.
1344 1409 1420 1465 Ne
1456 1418 1704 1480 putarent
1734 1406 1925 1477 pagani

326 1501 604 1560 daemones
630 1519 756 1561 suos
784 1519 999 1575 quoquo
1029 1505 1193 1561 modo
1225 1517 1564 1574 regnaturos,
1599 1503 1772 1572 ipsum
1801 1500 1930 1556 dicit

328 1594 838 1669 dominaturum,qui
861 1597 1057 1669 paravit
1080 1595 1249 1651 sedem
1272 1611 1439 1659 suam,
1466 1594 1518 1650 id
1538 1602 1619 1651 est
1644 1592 1927 1648 Dominum

328 1688 623 1746 Christum.

403 1781 555 1839 Vers.
584 1784 675 1839 20.
704 1781 998 1838 Benedicite
1026 1782 1335 1851 Dominum,
1371 1796 1543 1836 omnes
1571 1778 1744 1851 angeli
1771 1778 1880 1849 ejus
1911 1792 1929 1831 :

328 1886 554 1947 potentes
580 1878 783 1946 virtute,
812 1878 898 1948 qui
927 1877 1102 1947 facitis
1133 1877 1333 1931 verbum
1356 1878 1492 1947 ejus,
1522 1872 1590 1928 ad
1621 1871 1931 1927 audiendam

2035 667 2324 737 erigendos
2363 668 2584 725 verbum
2622 669 2818 741 saepius
2860 669 3085 738 iterare,
3114 670 3255 742 quod
3287 669 3483 726 dictum
3516 678 3620 727 est.

2034 760 2179 818 Dixit
2202 773 2379 819 autem
2406 764 2554 833 prius
2586 764 2708 821 illos
2737 763 2935 822 debere
2961 764 3266 832 benedicere,
3294 764 3385 835 qui
3412 762 3621 819 Domini

2028 857 2299 926 iussiones
2328 856 2596 927 efﬁciunt;
2624 874 2766 914 nunc
2787 857 3040 916 admonet
3066 857 3236 929 ipsam
3269 872 3484 927 operam
3518 857 3622 912 Do.

2031 948 2161 1023 mini
2194 959 2468 1006 auctorem
2492 965 2644 1006 suum
2673 951 2873 1009 debere
2900 952 3150 1018 laudare,
3186 959 3244 1006 ut
3274 958 3486 1006 terrena
3513 965 3623 1004 coc-

2033 1039 2295 1112 lestiaque
2320 1042 2687 1100 concluderet.
2713 1043 2843 1098 Nam
2868 1058 2987 1100 cum
3022 1052 3189 1098 totum
3217 1057 3355 1113 opus
3382 1040 3499 1112 ejus
3529 1043 3622 1109 sit,

2032 1133 2213 1211 omnia
2261 1134 2457 1190 debent
2487 1151 2643 1192 suum
2676 1136 2972 1192 benedicere
2998 1142 3319 1192 creatttan.
3344 1133 3620 1204 Sequitur,

2032 1226 2084 1280 in
2117 1228 2255 1280 ontni
2287 1228 2400 1281 loco
2430 1228 2794 1283 dominationis
2815 1230 2947 1298 ejus.
2997 1228 3147 1286 Sicut
3188 1227 3332 1282 nulla
3376 1237 3625 1283 creatura

2032 1332 2060 1372 a
2090 1316 2337 1371 laudibus
2367 1319 2577 1373 Domini
2598 1318 2816 1389 jubctur
2837 1319 3042 1390 excipi,
3068 1321 3139 1374 ita
3169 1333 3266 1375 nec
3300 1318 3447 1374 locus
3477 1319 3623 1390 quis-

2031 1426 2191 1481 quam
2215 1409 2554 1481 relinquitur,
2584 1411 2673 1480 qui
2703 1427 2733 1466 a
2765 1411 2855 1467 tuli
2887 1427 3109 1468 munere
3133 1422 3462 1481 segregetur.
3491 1410 3622 1464 Nam

2033 1520 2153 1560 cum
2184 1504 2401 1572 dicitur,
2425 1506 2478 1559 in
2503 1505 2642 1559 omni
2670 1503 2784 1559 loco
2810 1506 3169 1561 dominationis
3194 1509 3335 1579 ejus,
3360 1506 3492 1562 nihil
3521 1520 3626 1561 es.-

2031 1595 2268 1667 cipitur,
2321 1596 2445 1667 quia
2493 1596 2692 1667 ubique
2742 1596 3071 1653 dominatur.
3119 1596 3436 1667 Signiﬁcans
3486 1597 3625 1654 forte

2030 1681 2328 1738 Ecclesiam
2359 1679 2678 1734 catholicam
2698 1717 2713 1744 ,
2748 1688 2867 1745 quae
2892 1688 2984 1743 per
3015 1681 3185 1727 totum
3218 1673 3474 1725 mundum
3503 1681 3622 1725 erat

2032 1774 2311 1844 (Domino
2364 1774 2695 1843 praestante)
2744 1768 3049 1833 creditura;
3088 1768 3202 1836 ipsa
3240 1765 3385 1819 enim
3428 1763 3628 1834 ubique

2036 1866 2312 1921 Dominum
2373 1863 2659 1929 benedicit,
2729 1861 2925 1930 ubique
2980 1857 3290 1924 collaudat,
3331 1865 3387 1911 et
3423 1855 3631 1927 gratias

328 1946 499 2024 uocem
525 1946 832 2025 sermonum
862 1946 993 2039 ejus.
1036 1967 1169 2025 Cum
1216 1946 1466 2040 superius
1509 1965 1579 2022 de
1625 1965 1929 2021 hominibus
1957 1946 2008 2026 Β
2036 1958 2300 2015 maximas
2333 1956 2639 2029 hymnidica
2669 1954 3028 2011 exsultatione
3055 1949 3421 2007 concelebrat.
3461 1947 3634 2006 Addi-

330 2056 593 2135 prOpheta
624 2065 972 2135 loqueretur,
1004 2066 1153 2121 venit
1197 2064 1261 2119 ad
1297 2064 1506 2119 tertiam
1540 2060 1925 2125 narrationem,

328 2152 419 2215 ubi
458 2159 708 2214 caelestes
738 2167 1015 2214 creaturas
1044 2157 1357 2228 alloquitur,
1391 2164 1450 2211 ut
1493 2152 1703 2210 Domini
1742 2150 1929 2206 laudes

330 2254 562 2310 debeant
603 2253 898 2309 celebrare.
926 2253 995 2307 Et
1032 2251 1285 2323 quoniam
1334 2250 1479 2306 inter
1520 2250 1665 2318 ipsos
1705 2244 1928 2316 angelos

330 2356 412 2404 est
441 2363 629 2418 magna
659 2346 936 2411 discretio,
971 2345 1094 2400 illos
1125 2353 1328 2401 tantum
1360 2343 1491 2398 dicit
1517 2339 1785 2412 praeconio
1818 2338 1926 2394 Do-

329 2441 457 2495 mini
482 2440 673 2510 dignos
692 2440 966 2505 existere,
993 2438 1084 2507 qui
1109 2437 1230 2507 ejus
1264 2434 1561 2507 probantur
1592 2430 1928 2504 jussionibus

331 2532 555 2589 obedire
582 2550 597 2588 :
623 2533 913 2588 ostendens
935 2547 1110 2603 neque
1133 2531 1401 2596 homines,
1426 2544 1601 2599 neque
1622 2526 1929 2596 Spirituales

327 2628 657 2682 substantias
681 2627 749 2682 ad
768 2628 1123 2681 ministerium
1148 2633 1310 2680 tantm
1332 2623 1625 2694 majestatis
1646 2620 1926 2687 accedere,

326 2720 432 2774 nisi
455 2720 546 2789 qui
567 2720 685 2788 ejus
707 2717 1071 2773 voluntatibus
1091 2714 1583 2771 obsecundant.Sic
1612 2712 1754 2767 enim
1780 2725 1929 2765 com-

326 2818 537 2878 monet,
571 2825 742 2863 omnes
768 2809 937 2879 angeli
963 2812 1094 2878 ejus.
1120 2807 1254 2880 Ejus
1284 2807 1480 2878 quippe
1504 2804 1570 2860 de
1594 2803 1702 2858 illis
1728 2800 1929 2857 dicitur

326 2898 421 2971 qui
443 2898 510 2953 ab
535 2898 700 2968 ipsius
728 2899 959 2967 imperio
984 2912 1319 2969 nequaquam
1343 2895 1598 2951 recedere
1619 2893 1926 2949 voluerunt.

333 2990 589 3062 Sequitur
622 2990 819 3061 aliquid
841 2992 1146 3061 expressius
1172 3032 1185 3053 ,
1219 2998 1450 3059 potentes
1474 2989 1657 3043 virtute
1678 3028 1697 3057 ,
1727 2988 1812 3058 qui
1841 2987 1927 3057 fa-

332 3083 448 3137 citis
490 3084 693 3136 rerbum
736 3083 869 3154 ejus.
905 3082 1009 3149 lpsi
1054 3082 1197 3137 enim
1246 3083 1443 3136 virtute
1488 3079 1652 3152 346
1680 3087 1926 3151 possunt,

330 3158 422 3243 qui
453 3172 568 3242 ejus
586 3173 750 3241 jussis
777 3173 1052 3227 obediunt.
1071 3172 1251 3227 Potest
1275 3181 1450 3226 autem
1475 3179 1530 3227 et
1549 3170 1793 3226 diabolus
1819 3170 1927 3227 non

333 3266 563 3333 virtute,
608 3262 703 3321 sed
751 3267 1045 3336 pravitate;
1095 3281 1200 3320 non
1254 3265 1490 3329 honore,
1537 3263 1631 3320 sed
1677 3278 1929 3334 praesum-

335 3361 540 3432 ptione.
574 3359 818 3415 Potentes
846 3361 1111 3429 siquidem
1146 3360 1224 3414 illi
1255 3374 1380 3415 vere
1416 3358 1628 3415 dicendi
1657 3368 1807 3427 sunt,
1836 3356 1929 3429 qui
1952 3352 2003 3422 (Ξ

335 3453 499 3509 verbo
543 3452 752 3509 Dumini
796 3468 985 3522 parere
1029 3452 1386 3507 contendunt.
1419 3452 1481 3507 Et
1525 3468 1591 3507 ne
1620 3451 1819 3522 aliquid
1846 3467 1933 3507 re-

334 3542 663 3616 linqueretur
688 3545 1018 3617 ambiguum,
1050 3545 1308 3601 calcatius
1338 3544 1597 3610 insinuat,
1622 3543 1689 3598 ad
1718 3544 1932 3599 audien-

334 3638 458 3692 dam
487 3656 656 3694 vocem
695 3655 983 3693 sermonum
1010 3639 1150 3707 ejus,
1194 3638 1401 3694 scilicet
1439 3646 1499 3693 ut
1535 3636 1645 3693 sint
1674 3636 1930 3706 humiles,

335 3747 443 3788 non
469 3732 707 3802 superbi.
732 3734 834 3803 lpsi
856 3741 981 3788 sunt
1001 3733 1143 3788 enim
1162 3732 1305 3802 digni
1326 3731 1640 3801 benedicere,
1659 3731 1751 3800 qui
1773 3745 1933 3788 suum

335 3836 391 3883 et
420 3836 773 3897 cognoscunt,
807 3836 862 3883 et
887 3836 1209 3883 venerantur
1240 3835 1534 3881 auctorem.

406 3918 563 3976 νει-ε.
593 3919 683 3974 21.
717 3918 1008 3976 Benedicite
1031 3919 1332 3985 Dominum,
1357 3923 1532 3974 ornnes
1554 3919 1759 3972 virtutes
1782 3918 1896 3988 ejus
1912 3958 1930 3987 ,

334 4014 560 4067 ministri
602 4014 738 4081 ejus,
782 4013 872 4084 qui
915 4013 1085 4082 facitis
1132 4012 1440 4066 voluntatem
1480 4012 1613 4081 ejus.
1661 4010 1795 4064 Rem
1820 4025 1934 4064 ma-

336 4121 497 4177 gnam
519 4148 534 4171 ,
561 4122 678 4162 rem
704 4107 925 4162 omnino
955 4106 1242 4160 sublimem
1275 4104 1462 4158 iterata
1489 4100 1750 4173 judicavit
1787 4102 1931 4157 invi-

338 4199 540 4255 tatione
567 4198 901 4254 solidandam
924 4238 940 4264 ,
972 4208 1029 4252 ut
1060 4196 1345 4252 inﬁrmitas
1376 4194 1608 4250 humana
1638 4210 1932 4265 cognosce-

335 4300 420 4347 ret
482 4307 642 4360 quam
726 4290 1140 4347 saluberrimum
1187 4297 1331 4345 esset
1386 4286 1607 4344 obedire
1660 4287 1931 4357 Domino,

334 4385 553 4455 quando
591 4386 761 4455 ipsius
811 4384 1070 4439 voluntati
1110 4384 1372 4439 caelorum
1405 4382 1605 4437 militat
1650 4380 1928 4439 fortitudo.

335 4474 406 4530 Et
420 4475 638 4531 intende
656 4475 1012 4546 proprietates
1032 4474 1262 4531 emicare
1280 4472 1587 4529 verborum.
1608 4472 1763 4529 Prius
1777 4472 1932 4543 dixit,

335 4568 423 4637 qui
466 4568 663 4638 faciunt
700 4567 904 4623 uerbum
946 4569 1077 4639 ejus.
1123 4567 1190 4621 Et
1232 4581 1300 4621 ne
1328 4566 1550 4622 verbum
1581 4566 1931 4637 intelligeres,

334 4662 477 4731 quod
510 4662 789 4718 verberato
815 4676 942 4717 aere
963 4662 1030 4715 ab
1059 4660 1360 4715 hominibus
1384 4660 1524 4716 solet
1551 4660 1802 4731 proferri,
1833 4661 1932 4716 ad-

335 4846 463 4904 bum
494 4846 703 4901 Domini
729 4854 812 4902 est
828 4846 1075 4901 voluntas
1101 4845 1217 4916 ejus
1247 4863 1260 4898 :
1293 4846 1544 4915 quoniam
1570 4845 1659 4901 illa
1687 4846 1932 4904 sublimis

335 4938 740 5015 spiritualisque
778 4938 1082 4994 substantia
1128 4937 1407 4994 beatorum
1438 4938 1777 5010 angelorum,
1808 4955 1932 4995 cum

337 5012 625 5091 Dominum
664 5038 986 5098 contuetur,
1024 5030 1099 5084 ibi
1158 5032 1445 5086 veritatem
1492 5031 1608 5099 ejus
1640 5032 1932 5089 voluntatis

336 5125 602 5199 agnoscit.
625 5123 736 5181 Nec
759 5138 896 5194 opus
915 5131 998 5179 est
1024 5123 1192 5193 loqui,
1218 5124 1410 5193 quibus
1438 5138 1496 5180 se
1522 5123 1780 5180 Divinitas
1805 5140 1932 5196 pro-

337 5216 525 5291 pitiata
555 5217 834 5287 patefacit;
862 5230 969 5273 non
1018 5215 1159 5271 enim
1190 5217 1270 5271 eis
1318 5216 1458 5272 Deus
1490 5217 1772 5275 verberato
1802 5233 1930 5277 aere

338 5308 598 5383 loquitur,
626 5310 721 5366 sed
763 5308 1114 5381 inspiramine
1147 5322 1246 5364 suo
1295 5308 1597 5366 voluntates
1643 5325 1830 5367 eorum
1860 5310 1928 5368 ad

338 5417 497 5487 suum
525 5404 665 5460 \clle
686 5403 968 5461 convertit.
999 5403 1090 5461 Sic
1111 5410 1287 5470 erunt,
1308 5412 1366 5458 ut
1388 5403 1678 5472 credimus,
1708 5414 1763 5461 et
1786 5405 1934 5464 beati

341 5498 591 5555 lietnincs
621 5508 901 5571 postquam
930 5498 1082 5568 regni
1112 5495 1300 5554 aeterni
1329 5495 1529 5552 fuerint
1557 5500 1777 5567 praemia
1803 5516 1935 5558 con-

335 5590 532 5648 Decuti.

413 5686 569 5744 Vers.
601 5687 694 5744 9.2.
726 5686 1017 5746 Benedicite
1058 5688 1370 5758 Dominum,
1402 5687 1574 5743 omnia
1618 5703 1771 5759 opera
1800 5689 1930 5759 ejus,

339 5780 397 5835 in
438 5782 577 5835 omni
624 5782 736 5837 loco
765 5782 1130 5837 dominationis
1158 5784 1299 5854 ejus;
1332 5780 1571 5847 benedic,
1595 5781 1770 5833 anima
1798 5795 1930 5846 nica,

341 5867 653 5949 Dominum.
677 5873 988 5941 Benedic‘rte,
1014 5889 1157 5929 nunc
1186 5875 1341 5930 tertia
1371 5873 1656 5929 iteratione
1691 5875 1932 5943 gemina-

339 5966 454 6029 m.
476 5964 606 6037 Quae
630 5965 801 6041 ﬁgura
827 5965 1026 6025 dicitur
1049 5966 1386 6050 epembasis,
1415 5963 1673 6051 decorum
1712 5964 1935 6026 schema
1968 6048 1987 6071 ἱ

2037 2053 2158 2120 dit,
2208 2051 2459 2116 Benedic,
2504 2050 2680 2104 animo
2709 2063 2845 2114 mea,
2886 2044 3188 2100 Dominum.
3220 2044 3337 2114 Ipsa
3365 2040 3633 2098 sententia

2037 2149 2303 2205 conclusit
2322 2149 2608 2218 psalmum,
2635 2160 2755 2215 quac
2785 2143 3205 2215 pulcherrimum
3236 2141 3367 2197 fecit
3392 2138 3629 2197 initium.

2038 2243 2150 2300 Sed
2181 2243 2429 2314 quoniam
2453 2243 2506 2297 in
2532 2241 2822 2312 Scripturis
2850 2240 3045 2295 divinis
3066 2241 3245 2295 omnia
3270 2246 3635 2294 sacramento-

2040 2352 2161 2393 rum
2194 2337 2435 2393 ubertate
2465 2338 2840 2408 pinguescunt,
2872 2336 2989 2391 ha:c
3015 2334 3309 2390 similitudo
3341 2334 3501 2403 (sicut
3520 2333 3634 2402 jam

2043 2431 2244 2486 dictum
2272 2431 2378 2502 est)
2412 2432 2464 2486 in
2493 2439 2684 2487 octavo
2706 2431 2915 2501 psalmo
2941 2430 3063 2485 illos
3087 2429 3309 2497 indicat,
3338 2437 3397 2483 ut
3417 2429 3631 2498 Opinor,

2045 2522 2139 2593 qui
2160 2523 2294 2576 atria
2326 2522 2450 2577 ﬁdei
2477 2523 2707 2579 sinceris
2733 2523 3006 2579 mentibus
3043 2520 3273 2593 ingressi
3295 2530 3443 2589 sunt,
3470 2529 3526 2577 et
3554 2520 3640 2576 vi-

2035 2617 2142 2663 tam
2168 2622 2319 2664 suam
2343 2607 2580 2679 glorioso
2625 2607 2731 2663 ﬁne
2758 2606 3020 2677 (Domino
3051 2606 3376 2677 praestante)
3408 2605 3629 2661 conclu-

2032 2699 2187 2755 dunt.
2215 2700 2383 2769 Digna
2415 2700 2797 2769 commonitio,
2822 2714 2921 2769 per
2951 2713 3112 2769 quam
3148 2712 3207 2753 se
3253 2695 3424 2753 ﬁdelis
3451 2695 3629 2750 anima

2034 2793 2344 2850 consoletur
2364 2833 2382 2861 ,
2414 2807 2532 2862 quae
2560 2800 2746 2847 contra
2797 2805 2987 2845 omnes
3030 2804 3188 2845 casus
3235 2798 3484 2858 tanquam
3516 2786 3631 2858 cly-

2035 2903 2168 2959 peus
2200 2885 2629 2957 inexpugnabilis
2660 2892 2982 2941 assumatur.
3015 2883 3148 2938 Nam
3184 2883 3227 2939 si
3265 2896 3386 2940 eum
3414 2892 3631 2954 semper

2035 2981 2401 3051 benedicimus,
2430 2979 2498 3038 ab
2525 2995 2590 3037 eo
2615 2978 2815 3050 jugiter
2844 2976 3197 3031 custodiatur.

2573 3092 2854 3150 Conclusio
2880 3089 3082 3163 psalmi.

2106 3210 2419 3268 Benedictio
2444 3208 2654 3264 Domini
2678 3207 2988 3262 timentibus
3013 3218 3135 3262 eum
3158 3213 3356 3275 quanta
3386 3202 3631 3274 largitate

2035 3304 2363 3361 concedatur
2382 3301 2720 3371 agnovimus.
2748 3299 3086 3354 Festinamus
3108 3297 3175 3353 ad
3201 3296 3454 3353 mandata
3477 3309 3627 3353 com-

2040 3397 2257 3469 plenda,
2281 3405 2339 3450 ut
2362 3394 2643 3463 pervenire
2669 3405 2976 3447 mereamur
3000 3389 3068 3446 ad
3094 3390 3334 3461 praemia.
3360 3389 3632 3445 Habemus

2036 3490 2325 3549 Dominum
2354 3497 2409 3545 et
2435 3504 2531 3559 per
2557 3497 2802 3542 naturam
2836 3486 3004 3557 piutn,
3033 3493 3088 3541 et
3118 3499 3214 3555 per
3237 3482 3632 3541 miscricordia-

2036 3600 2157 3640 rum
2179 3583 2325 3639 dona
2346 3580 2727 3652 largissimum.
2751 3578 2881 3646 Quis
2906 3578 3118 3635 dubitet
3136 3576 3205 3631 ab
3224 3576 3314 3632 illo
3332 3576 3628 3647 postulare.

2037 3678 2130 3748 qui
2152 3716 2169 3745 ,
2198 3677 2245 3731 si
2284 3691 2393 3732 non
2424 3683 2637 3746 petatur
2658 3717 2675 3745 ,
2708 3671 3035 3729 oﬁ‘enditur?
3077 3671 3468 3727 Benedicamus
3502 3683 3633 3740 ergo

2038 3784 2230 3825 omnes
2254 3769 2307 3824 in
2337 3781 2627 3824 commune
2654 3765 2963 3831 Dominum,
2989 3778 3152 3835 opera
3182 3764 3302 3833 ejus
3326 3763 3634 3836 hymuidics

2037 3862 2402 3919 exsultatione
2423 3860 2778 3917 celebremus.
2806 3858 2975 3924 Quale
2995 3858 3140 3913 enim
3161 3857 3501 3926 sacrilegium
3524 3864 3631 3921 est,

2038 3967 2100 4011 ut
2127 3971 2249 4011 cum
2276 3955 2455 4011 omnia
2496 3962 2743 4009 creatura
2788 3951 3042 4021 jubeatur
3078 3950 3401 4007 benedicere
3441 3948 3632 4005 Domi-

2037 4062 2191 4112 num,
2214 4047 2262 4101 si
2285 4046 2449 4101 homo
2473 4044 2682 4100 desinat
2713 4043 2932 4098 laudare
2964 4041 3271 4107 Dominum,
3295 4042 3386 4111 qui
3406 4041 3476 4097 ad
3500 4041 3633 4096 ima-

2037 4141 2218 4212 ginem
2240 4146 2297 4195 et
2324 4137 2732 4194 similitudinem
2765 4137 2935 4207 ipsius
2959 4137 3200 4192 noscitur
3224 4152 3346 4194 esse
3383 4151 3633 4207 procrea-

2039 4234 2163 4291 tus?
2184 4234 2524 4299 Audivimus,
2554 4233 2860 4289 benedictio
2886 4231 3097 4287 Domini
3126 4232 3321 4304 quibus
3350 4232 3632 4288 virtutibus

2039 4329 2357 4400 applicetur,
2376 4329 2540 4384 castis
2561 4328 2767 4399 utique,
2793 4326 3129 4396 humillimis,
3155 4328 3416 4384 charitate
3437 4326 3631 4397 plenis,

2038 4434 2095 4480 et
2118 4423 2210 4494 qui
2241 4423 2453 4480 Domini
2485 4422 2688 4494 reliqua
2732 4421 2983 4479 mandata
3027 4422 3330 4493 perﬁciunt.
3372 4421 3635 4477 Arceatur

2039 4531 2170 4587 ergo
2201 4516 2327 4571 hinc
2368 4529 2530 4572 omne
2574 4514 2716 4585 quod
2759 4530 2979 4585 pravum
3027 4524 3140 4580 est;
3173 4513 3491 4569 excludatur
3515 4511 3635 4567 uni-

2041 4623 2195 4665 versa
2219 4610 2420 4666 malitia
2443 4608 2659 4676 mundi;
2683 4608 3038 4664 emendentur
3062 4604 3365 4671 illecebrae;
3389 4602 3636 4659 diabolus

375 4698 477 4771 Ῠζῖῗ
516 4698 942 4771 “”ῗ””ξ“”.“ἶ.”ῗ“ῖ
963 4698 1032 4771 au.
1059 4698 1360 4771 ’Ϊ”’”’“Ϊ”““’
1384 4698 1802 4771 ῖ”’”Ῠ,ξ’Ῐ“’ν’⁹Ῐ’¹’
1833 4698 1931 4716 ⁶¹“’
1962 4730 2014 4771 ᾗ
2040 4702 2187 4760 iuras
2216 4706 2456 4760 mittatur
2488 4718 2611 4759 cum
2638 4701 2961 4771 sequacibus
3004 4699 3135 4755 suis.
3176 4698 3515 4767 Quapropter
3540 4710 3636 4751 au-

336 4754 505 4831 didit,
536 4756 624 4823 qui
658 4755 828 4826 facitis
855 4753 1168 4808 uoluntatem
1207 4756 1339 4823 ejus.
1380 4755 1603 4823 Angelis
1632 4756 1777 4811 enim
1814 4771 1935 4812 ver—
1959 4752 2016 4815 D

2043 4797 2155 4853 dito
2181 4806 2331 4852 tanto
2353 4811 2595 4861 munere,
2630 4793 2881 4864 completi
2908 4800 3053 4848 tanta
3088 4805 3207 4862 spe,
3229 4789 3431 4845 sanctis
3451 4787 3633 4859 operi-

2042 4890 2143 4946 bus
2159 4890 2541 4947 benedicamus
2560 4886 2869 4953 Dominum,
2893 4883 3158 4957 religiosis
3180 4883 3334 4940 factis
3355 4893 3633 4939 cantemus

2043 4986 2286 5041 Auctori.
2317 4984 2434 5040 Non
2466 4999 2565 5040 nos
2605 4983 2802 5041 electio
2826 4982 3031 5039 Judicis
3074 4977 3411 5051 repudiabit,
3443 4977 3490 5035 si
3515 4984 3634 5047 qun

2041 5083 2304 5150 praecepit
2334 5078 2422 5134 hic
2443 5093 2543 5135 nos
2573 5078 2846 5150 peregisse
2874 5075 3204 5149 cognoverit.

2328 5187 2699 5249 EXPOSITIO
2737 5187 2805 5245 IN
2841 5186 3171 5246 PSALMUM
3206 5185 3340 5247 Clll.

2548 5280 2783 5338 Psalmus
2812 5281 2914 5354 ipsi
2938 5279 3131 5341 David.
3246 5302 3247 5307 ‘

2114 5402 2449 5473 Frequenter
2469 5402 2708 5459 diximus
2726 5417 2985 5474 psa.mum
3013 5400 3135 5458 illos
3154 5408 3305 5458 actus
3329 5398 3637 5474 signiﬁcare

2045 5493 2350 5550 mortalium
2381 5494 2471 5565 qui
2509 5494 2577 5550 ad
2608 5509 2787 5551 rerum
2828 5494 3133 5552 divinarum
3172 5494 3503 5552 intellectum
3539 5506 3638 5564 pro

2042 5604 2141 5646 sua
2170 5590 2435 5662 probitate
2462 5591 2780 5664 respiciunt.
2810 5589 2896 5647 Ad
2934 5593 3089 5662 cujus
3132 5589 3541 5647 similitudinem
3580 5595 3637 5644 et

2036 5700 2299 5757 organum
2344 5687 2515 5755 ipsum
2554 5694 2792 5757 aptatum
2834 5686 2952 5761 [ms.
2986 5683 3083 5754 F.,
3112 5683 3317 5758 aptum]
3348 5693 3464 5752 est,
3492 5682 3634 5752 quod

2038 5777 2347 5847 Specialiter
2387 5778 2619 5849 psalmus
2659 5762 2899 5844 vacatur,
2932 5793 3146 5834 sursum
3194 5778 3396 5831 habens
3424 5785 3635 5846 tympa-

2038 5886 2193 5936 num,
2228 5869 2316 5923 ubi
2346 5870 2516 5926 melos
2543 5871 2913 5926 dulcissimum
2940 5885 3140 5927 canoro
3163 5869 3343 5924 sonitu
3373 5877 3636 5935 tempera-

2038 5970 2149 6023 tur.
2175 5960 2346 6023 David
2380 5971 2563 6025 autem
2604 5971 2812 6025 tantum
2843 5977 3076 6035 persona
3104 5958 3372 6033 loquentls
3402 5953 3632 6045 ιω
