4062 6344
497 389 594 450 7‘27

1707 390 1779 446 Μ.
1828 385 2108 448 AURELII
2147 384 2549 447 CASSIODORI

3675 393 3784 456 728

497 521 600 570 tur.
627 510 894 567 Craterum
943 508 1120 566 omnia
1169 510 1382 563 constat
1423 503 1491 562 de
1534 504 1762 562 Domino
1799 505 2081 561 Salvatore
2108 501 2163 566 Α
2186 516 2303 557 rum
2329 516 2426 560 ore
2454 500 2736 566 laudatur,
2768 507 2823 557 et
2860 499 2915 558 iu
2953 511 3265 562 sanctorum
3294 511 3494 563 emtum
3524 507 3780 581 veniunt,

497 601 786 667 narranda,
815 600 904 670 qui
931 599 984 654 in
1009 597 1274 668 principio
1296 596 1422 653 fecit
1441 596 1636 652 omium
1659 603 1714 654 et
1743 605 1964 652 terram.
1994 598 2088 654 Est

498 695 640 752 enim
672 692 906 763 psalmus
938 691 1037 746 iste
1080 699 1224 745 tanta
1272 689 1622 761 dispositione
1674 689 1983 760 perlectus,
2030 699 2090 747 ut

498 786 673 855 aliqua
698 784 782 838 hic
802 782 943 838 dicta
959 781 1244 853 intelligas,
1259 795 1378 852 quae
1403 782 1456 837 in
1474 781 1614 837 libro
1635 781 1907 839 Geneseos
1930 783 2088 838 tacita

499 875 663 931 fuisse
684 887 998 944 cognoscas.
1032 872 1372 944 Quapropter
1397 888 1517 945 quzc
1540 883 1665 930 sunt
1693 883 1815 945 apta
1846 889 2058 946 expone

497 983 615 1023 mus
639 965 706 1022 ad
730 967 998 1032 litteram;
1025 979 1144 1036 quae
1170 979 1300 1022 vero
1321 964 1446 1021 ﬁdei
1471 973 1669 1022 nostra:
1693 975 1917 1038 possunt
1945 966 2088 1022 indi-

497 1075 624 1116 care
651 1060 921 1126 notitiam,
947 1061 1211 1130 spirituali
1243 1059 1522 1116 intellectu
1549 1059 1710 1132 (sicut
1735 1075 1766 1116 a
1797 1059 2091 1131 majoribus

497 1151 824 1224 accepimus)
851 1145 1278 1223 explanabimus.
1316 1151 1474 1208 Unde
1518 1152 1728 1208 solliciti
1777 1167 1896 1209 esse
1923 1153 2092 1210 debe-

496 1261 637 1311 mus,
670 1249 955 1318 paratique
981 1246 1048 1301 ad
1076 1245 1399 1302 audiendum
1433 1262 1447 1300 :
1474 1246 1598 1317 quia
1630 1245 1743 1316 ipse
1771 1261 1984 1317 quoque
2012 1245 2092 1301 vir

497 1340 969 1411 eloquentissimus
999 1340 1158 1396 Pater
1199 1339 1531 1410 Augustinus
1572 1340 1713 1394 hunc
1746 1340 2006 1410 psalmum
2037 1349 2094 1396 et

496 1432 686 1488 sedule
715 1432 844 1489 dicit
869 1432 1292 1506 perquirendum
1315 1474 1332 1503 ,
1363 1441 1420 1489 et
1446 1431 1515 1489 de
1543 1431 1736 1488 eodem
1776 1431 2091 1489 laboriosis-

498 1522 637 1581 sime
664 1522 1070 1593 disputandum.

1086 1635 1282 1692 Divisio
1312 1638 1519 1709 psalmi.

569 1753 842 1826 Propheta
870 1754 1056 1811 volens
1084 1755 1373 1811 ostendere
1414 1755 1755 1812 conditiones
1790 1770 1973 1812 rerum
2006 1755 2092 1812 di-

499 1850 628 1908 vina
655 1849 965 1920 signiﬁcare
995 1848 1274 1920 mysteria,
1306 1848 1482 1919 primo
1513 1848 1676 1905 modo
1710 1864 1804 1919 per
1832 1847 2088 1904 fabricam

499 1943 624 2001 cteli
649 1950 706 1999 et
729 1951 884 1999 terrae
909 1941 1149 2012 quaedam
1186 1941 1341 1998 nobis
1365 1942 1708 2012 cognoscitur
1736 1941 1974 1998 indicare
1995 1939 2096 1996 do-

498 2045 678 2107 gmata
723 2033 842 2109 [ms.
874 2032 968 2104 0.,
1015 2031 1369 2106 dogmalica],
1417 2043 1475 2089 ut
1519 2047 1873 2105 agnoscamus
1917 2033 2098 2089 omnia

498 2129 600 2187 sibi
634 2144 819 2186 revera
850 2139 1103 2200 tanquam
1148 2128 1216 2184 ab
1257 2143 1363 2184 uno
1405 2131 1642 2185 Auctore
1679 2128 1892 2184 condita
1941 2143 2098 2198 posse

499 2237 821 2294 congruere,
844 2221 1060 2294 quando
1088 2220 1292 2292 aliquas
1316 2219 1696 2277 similitudines
1720 2235 1845 2276 suas
1865 2219 2096 2277 invicem

500 2315 796 2384 probantur
834 2314 1078 2386 aperire;
1127 2314 1367 2370 secundo
1401 2329 1564 2384 opera
1607 2315 1820 2371 Domini
1869 2314 2097 2371 diversis

499 2406 685 2480 ﬁguris
703 2415 841 2464 tecta
863 2416 1145 2463 enumerat
1167 2424 1181 2473 ;
1210 2407 1368 2464 tertio
1388 2407 1673 2478 proﬁtetur
1701 2407 1756 2462 in
1779 2406 1871 2462 illo
1891 2415 2096 2463 aeterno

499 2501 700 2557 saeculo
748 2497 909 2572 35.7
939 2500 1213 2571 praeconia
1259 2497 1470 2554 Domini
1512 2497 1711 2569 jugiter
1741 2512 1804 2554 se
1845 2511 1970 2555 esse
2014 2497 2098 2554 di-

500 2604 710 2651 cturum
735 2636 751 2663 ,
791 2608 912 2664 qua:
941 2592 1104 2649 etiam
1133 2591 1188 2647 in
1238 2593 1342 2650 hac
1370 2593 1494 2648 vitae
1530 2607 1641 2649 suae
1679 2592 1940 2650 brevitate
1968 2606 2097 2649 can-

501 2694 728 2743 taverat.

1037 2803 1311 2874 Expositio
1339 2803 1548 2874 psalmi.

571 2915 726 2972 Vers.
757 2913 808 2970 1.
841 2913 1097 2983 Benedic,
1129 2917 1304 2971 anima
1331 2933 1445 2971 mea
1465 2954 1482 2981 ,
1510 2913 1792 2972 Dominum
1830 2931 1848 2970 :
1877 2915 2098 2974 Domine

500 3009 641 3064 Deus
667 3025 837 3077 meus,
869 3010 1232 3082 magniﬁcatus
1259 3027 1312 3065 es
1340 3012 1681 3065 uehementer.
1715 3008 2095 3080 Confessionem

501 3110 547 3154 ct
577 3101 812 3154 decorem
851 3101 1089 3156 induisti.
1133 3101 1328 3157 Invitat
1357 3102 1619 3172 propheta
1650 3104 1996 3172 semetipsum
2027 3103 2096 3160 ad

499 3190 929 3248 benedicendum
979 3193 1297 3259 Dominum;
1349 3203 1406 3250 et
1459 3194 1710 3265 quoniam
1763 3205 1987 3251 noverat
2040 3197 2097 3252 in

2188 593 2281 666 qui
2309 608 2368 650 se
2398 593 2608 664 pridem
2637 593 2887 650 nefandis
2924 596 3220 655 sceleribus
3250 598 3580 669 polluerunt.
3621 601 3785 660 Vehe-

2188 694 2384 741 menter
2409 685 2551 743 enim
2579 685 2854 757 aptissime
2882 687 3084 744 dictum
3110 699 3196 746 est
3215 735 3230 757 ,
3264 692 3407 762 quod
3438 701 3554 750 toto
3581 694 3785 764 geritur

2189 779 2370 836 cordis
2399 777 2614 836 adnisu.
2650 778 2756 835 Sed
2785 779 2928 836 unde
2954 783 3315 854 magniﬁcatus
3343 785 3411 840 sit
3442 786 3784 860 vehementer,

2189 883 2583 942 consequenter
2609 872 2928 942 exponitur,
2953 871 3334 944 Confessionem
3361 886 3408 932 et
3448 878 3684 934 decorem
3708 881 3788 935 i1-

2191 961 2368 1016 duisti.
2397 960 2624 1018 Induere
2651 973 2733 1020 est
2762 965 2994 1035 aliquem
3025 966 3169 1036 quod
3206 982 3315 1024 non
3359 969 3595 1026 habebat
3632 986 3788 1028 assu-

2191 1067 2361 1109 mere.
2390 1053 2457 1109 Et
2480 1055 2695 1125 quando
2719 1056 2863 1114 Deus
2889 1059 3121 1114 decorem
3149 1074 3258 1117 non
3289 1061 3493 1130 habuit,
3517 1066 3608 1136 qui
3633 1081 3788 1124 (rea-

2193 1145 2326 1201 turis
2349 1147 2460 1202 suis
2491 1150 2671 1203 omnia
2702 1151 2948 1220 speciosa
2985 1166 3204 1224 semper
3239 1154 3528 1228 indulget?
3558 1158 3668 1216 Sed
3707 1159 3791 1216 hic

2194 1238 2492 1298 incarnatio
2518 1241 2730 1300 Domini
2761 1241 2962 1299 Christi
2991 1245 3269 1304 evidenter
3289 1250 3598 1320 exponitur,
3631 1267 3789 1323 quam

2196 1331 2434 1399 sumpsit
2461 1345 2528 1387 ex
2557 1342 2802 1403 tempore
2822 1376 2838 1402 ,
2871 1349 2969 1405 per
2997 1352 3157 1408 quam
3194 1340 3563 1410 confessionem
3591 1353 3792 1400 morta-

2197 1421 2327 1477 lium
2360 1423 2585 1495 largitor
2614 1439 2728 1481 suze
2753 1426 2970 1498 pietatis
2998 1431 3226 1488 invenit.
3261 1431 3622 1492 Recesserant
3649 1439 3791 1495 enim

2195 1513 2444 1573 homines
2475 1533 2505 1572 a
2533 1518 2677 1576 cultu
2701 1535 2842 1577 verte
2870 1521 3199 1592 Divinitatis,
3231 1539 3352 1582 cum
3375 1527 3792 1589 simulacrorum

2195 1605 2390 1662 studiis
2421 1617 2475 1664 et
2520 1608 2672 1665 vanis
2705 1610 3063 1681 religionibus
3100 1615 3437 1672 serviebant.
3468 1618 3576 1674 Sed
3605 1633 3678 1675 eo
3702 1636 3791 1677 vc-

2195 1698 2378 1756 niente
2401 1745 2416 1770 ,
2446 1701 2537 1772 qui
2566 1712 2744 1759 tamen
2777 1703 2975 1761 absens
3018 1721 3293 1778 nunquam
3336 1710 3547 1767 exstitit
3591 1711 3793 1774 Divini-

2199 1799 2336 1862 tate,
2369 1803 2416 1849 et
2446 1797 2701 1865 confessio
2743 1807 2792 1852 ct
2832 1797 2984 1853 decus
3022 1814 3274 1870 supernae
3303 1801 3600 1873 Majestatis
3641 1804 3792 1861 inuo-

2125 1901 2174 1964 ις
2200 1886 2323 1952 tuit,
2349 1886 2536 1958 eisque
2574 1888 2736 1944 rebus
2785 1890 3024 1946 indutum
3065 1891 3196 1949 dicit
3245 1893 3552 1965 Dominum,
3602 1897 3795 1969 quibus

2199 1979 2498 2037 Ecclesiam
2526 1981 2846 2040 catholicam
2879 1994 3091 2041 constat
3117 2001 3241 2044 esse
3269 1999 3536 2046 ornatam.
3655 2049 3658 2052 ,

2273 2073 2503 2131 Vers.2.
2538 2077 2763 2132 Amictus
2804 2079 2996 2136 lumine
3040 2083 3176 2137 sicut
3224 2084 3522 2141 vestimento
3557 2085 3688 2160 [ms.
3727 2087 3793 2146 (ἱ.

2197 2176 2252 2223 et
2273 2168 2384 2236 cd.,
2429 2170 2603 2226 lumen
2651 2172 2783 2227 sicut
2829 2176 3257 2251 vestimentum],
3305 2182 3581 2238 extendens
3613 2183 3793 2240 ccelunt

2196 2259 2331 2313 sicut
2357 2261 2562 2330 pellem.
2596 2262 2796 2319 Versus
2821 2265 2908 2320 isti
2934 2266 3124 2338 viginti
3145 2268 3253 2326 duo
3282 2285 3452 2342 usque
3480 2273 3550 2329 ad
3575 2273 3795 2330 divisio-

2199 2365 2324 2406 nem
2377 2352 2612 2408 luturam
2671 2370 2770 2425 per
2819 2357 3037 2428 ﬁguram
3101 2362 3356 2431 parabole
3411 2364 3796 2436 pulcherrimis

2197 2443 2559 2501 allusionibus
2599 2448 2968 2518 explicantur;
3019 2467 3143 2523 quae
3197 2453 3258 2509 ﬁt
3301 2457 3518 2526 quando
3563 2473 3655 2516 res
3698 2459 3796 2516 sibi

2197 2547 2396 2604 genere
2421 2535 2712 2594 dissimiles
2741 2551 3145 2610 comparantur.
3178 2543 3376 2601 Lumen
3420 2548 3570 2605 cnim
3608 2550 3796 2608 Eccle-

2198 2625 2334 2682 siam
2375 2627 2666 2697 signiﬁcat,
2698 2631 2766 2688 de
2795 2647 2899 2703 qua
2929 2636 3194 2706 scriptum
3241 2647 3328 2694 est
3372 2657 3388 2695 :
3429 2641 3561 2710 Quae
3602 2657 3675 2699 est
3704 2645 3796 2701 ista

2197 2735 2313 2790 qua:
2342 2723 2570 2777 ascendit
2597 2723 2837 2779 dealbata
2876 2725 3048 2797 (Cant.
3091 2743 3171 2797 ιιι,
3205 2729 3300 2802 6)?
3348 2732 3604 2790 Dealbata
3653 2737 3796 2794 enim

2197 2812 2513 2884 intelligitur
2542 2815 2841 2874 illuminata
2859 2859 2876 2886 ,
2903 2835 3024 2891 qua:
3061 2833 3211 2880 recte
3237 2825 3386 2882 velut
3413 2829 3576 2885 chtis
3599 2829 3795 2888 adrer-

2197 2906 2329 2964 titur
2354 2907 2566 2965 Domini
2597 2910 2920 2981 Salvatoris,
2952 2929 3061 2972 non
3081 2917 3302 2995 habens
3326 2921 3582 2977 maculam
3613 2939 3796 2996 neque

2199 2997 2407 3084 rugam.
2437 2997 2560 3086 Ipsa
2601 3024 2686 3071 est
2731 3015 2878 3072 enim
2929 3010 3153 3072 candida
3213 3016 3482 3082 dealbata,
3528 3018 3596 3072 de
3627 3018 3794 3088 cujus

2198 3103 2454 3162 membris
2485 3105 2611 3161 dicit
2643 3106 2933 3176 Apostolus
2962 3124 2977 3162 :
3009 3105 3211 3164 Fuistis
3245 3109 3385 3165 enim
3411 3107 3698 3180 aliquando
3728 3118 3801 3165 te-

2196 3197 2386 3264 nebrat,
2416 3214 2554 3253 nunc
2579 3207 2749 3254 autem
2775 3199 2866 3255 lux
2887 3201 2940 3256 in
2963 3200 3187 3258 Domino
3214 3200 3431 3274 (Ephes.
3458 3218 3514 3271 v,
3540 3203 3622 3272 8).
3649 3201 3798 3258 llauc

500 3285 762 3340 catholica
794 3284 900 3340 ﬁde
926 3285 1148 3342 unitatis
1173 3285 1402 3358 gratiam
1436 3286 1725 3357 plurimum
1763 3288 2093 3360 praevalere,
2121 3299 2174 3369 ο
2196 3289 2357 3346 etiam
2392 3291 2573 3347 tunica
2614 3290 3083 3362 illa‘signiﬁcavit,
3113 3308 3236 3365 qua:
3276 3308 3384 3350 non
3427 3294 3604 3365 potuit
3632 3293 3798 3351 dividi

500 3377 604 3432 sibi
635 3385 840 3431 tantum
869 3377 1138 3447 loquitur,
1171 3379 1314 3449 quod
1345 3394 1536 3437 omnes
1562 3381 1756 3438 debeat
1779 3381 2097 3440 admonere.

501 3466 812 3524 Benedicere
835 3476 1013 3526 autem
1045 3470 1215 3527 Deum
1233 3513 1250 3540 ,
1277 3481 1364 3529 est
1387 3472 1508 3544 ejus
1532 3475 1796 3546 magnalia
1820 3475 2100 3548 conﬁteri,

501 3569 561 3616 ut
587 3575 708 3618 cum
731 3562 801 3618 de
818 3561 916 3619 illo
942 3563 1144 3620 dicitur
1179 3565 1379 3637 aliquid
1410 3581 1662 3639 magnum
1687 3610 1703 3638 ,
1729 3572 2100 3643 unusquisque

505 3654 718 3710 veritati
745 3664 964 3727 praestet
989 3656 1248 3714 olﬁcium.
1279 3659 1407 3716 llaec
1435 3660 1594 3732 igitur
1620 3664 1887 3720 sententia
1915 3664 1982 3721 ad
2016 3674 2100 3722 to-

501 3756 614 3804 tum
643 3750 867 3821 respicit
897 3759 1122 3818 textum,
1155 3752 1246 3808 ubi
1273 3753 1466 3826 psalmi
1494 3753 1654 3828 hujus
1679 3757 1958 3828 prolixitas
1985 3767 2098 3816 ter-

501 3844 756 3901 minatur.
784 3846 890 3902 Sed
920 3860 1043 3903 eum
1071 3847 1137 3902 ad
1167 3862 1324 3904 suam
1351 3849 1445 3919 (ut
1472 3849 1676 3906 dictum
1717 3850 1835 3921 est)
1864 3853 2098 3908 animam

500 3935 846 4008 loqueretur,
889 3937 1065 3994 subita
1110 3939 1466 3998 conversione
1504 3941 1676 3998 dicit:
1710 3941 1932 3998 Domine
1957 3941 2101 4000 Deus

498 4042 661 4084 meus.
713 4029 845 4096 Quae
885 4030 1053 4102 ﬁgura
1094 4031 1291 4089 dicitur
1328 4033 1829 4104 proanaphonesis,
1880 4034 2099 4106 quando

500 4118 644 4175 inter
672 4121 777 4176 alia
806 4136 926 4192 quae
946 4122 1239 4196 loquimur,
1270 4123 1338 4180 ad
1370 4125 1540 4182 Deum
1568 4125 1750 4182 subito
1773 4126 1938 4183 verba
1960 4141 2096 4184 con-

500 4212 786 4270 vertimus.
830 4213 1150 4273 Generalem
1197 4217 1384 4290 utique
1429 4217 1715 4275 Dominum
1761 4220 2100 4278 conﬁdenter

497 4318 658 4362 suum
700 4307 895 4362 asserit
927 4307 1131 4376 Deum,
1183 4317 1245 4365 ut
1283 4323 1407 4366 cum
1449 4325 1510 4367 se
1537 4312 1706 4383 ipsius
1731 4326 1946 4369 servum
1975 4327 2099 4372 esse

499 4394 809 4466 proﬁtetur,
844 4398 1043 4454 nullam
1068 4413 1130 4455 se
1165 4400 1366 4459 habere
1394 4416 1517 4458 cum
1546 4403 1760 4460 diabolo
1782 4406 2100 4476 comprobet

499 4487 805 4559 portionem
834 4506 846 4543 :
877 4504 948 4547 ne
976 4491 1029 4546 in
1055 4505 1122 4547 eo
1151 4493 1440 4564 quidquam
1478 4495 1863 4565 praevaricator
1891 4497 1982 4554 ille
2008 4513 2098 4556 re-

499 4581 770 4651 quireret,
797 4595 960 4653 quem
989 4583 1223 4640 alienum
1260 4599 1388 4642 esse
1415 4598 1787 4658 cognosceret.
1818 4589 2091 4661 Sequitur,

500 4676 866 4748 magniﬁcatus
906 4692 960 4731 es
988 4678 1324 4734 uehementer.
1357 4679 1583 4749 Oportet
1610 4694 1710 4737 nos
1735 4679 1844 4736 vim
1874 4682 2099 4739 istorum

499 4771 780 4826 nominum
811 4769 1094 4842 diligenter
1122 4771 1428 4842 inquirere;
1461 4787 1585 4828 nam
1615 4773 1830 4844 quando
1858 4773 1950 4831 ille
1978 4789 2098 4831 ma-

499 4878 638 4935 gnus
674 4879 784 4920 non
821 4872 936 4931 est,
967 4871 1028 4918 ut
1070 4863 1348 4919 hominum
1394 4863 1643 4920 laudibus
1685 4865 2099 4936 magniﬁcetur?

499 4958 607 5011 Aut
632 4957 760 5026 quid
790 4956 862 5014 illi
890 4965 1070 5028 potest
1093 4957 1248 5025 addi,
1272 4958 1361 5028 qui
1391 4966 1474 5014 est
1502 4959 1765 5017 mirabilis
1790 4971 1846 5016 et
1883 4961 2096 5019 incom-

498 5049 882 5122 prehensibilis
927 5051 1204 5121 plenitudo
1245 5051 1546 5108 virtutum?
1584 5050 1689 5109 Sed
1736 5054 2098 5125 magniﬁcatur

499 5143 763 5199 Dominus
801 5144 942 5213 apud
972 5145 1215 5203 homines
1238 5187 1254 5213 ,
1289 5143 1506 5217 quando
1547 5145 1627 5201 eis
1673 5161 1897 5218 magnus
1934 5156 2098 5220 atque

499 5233 746 5291 excelsus
773 5247 894 5292 esse
919 5235 1204 5303 claruerit;
1239 5244 1296 5290 ut
1315 5237 1490 5306 ipsum
1518 5237 2096 5310 sentiantcreatorcm,

499 5324 676 5395 ipsum
714 5324 978 5381 bonorum
1020 5328 1260 5382 omnium
1295 5329 1640 5399 largitorem,
1671 5330 1843 5400 ipsum
1889 5331 2102 5389 redem-

497 5425 742 5487 ptorem.
776 5417 840 5473 ad
876 5426 1204 5486 postremum
1255 5421 1430 5488 ipsum
1474 5432 1529 5478 et
1569 5422 1828 5492 judicem.
1875 5423 1956 5479 Ex
1994 5440 2098 5494 qua

495 5521 650 5580 parte
690 5510 968 5580 provenit,
999 5518 1060 5564 ut
1103 5520 1250 5568 recte
1290 5512 1497 5569 dicatur
1534 5516 1936 5587 redemptorum
1965 5517 2096 5589 [ed.,

496 5600 847 5676 redemptor]
899 5602 1157 5658 Dominus
1201 5605 1562 5675 magniﬁcari,
1611 5609 1704 5677 qui
1753 5610 1997 5679 quotidie
2039 5609 2099 5668 ﬁt

499 5698 832 5754 credentium
885 5698 1171 5755 devotione
1223 5700 1510 5755 mirabilis.
1561 5701 1648 5756 Sic
1701 5703 1863 5758 etiam
1903 5705 2098 5760 dicitur

497 5794 824 5850 sanctiﬁcari
850 5835 864 5858 ,
898 5792 980 5849 sic
1008 5791 1294 5862 gloriﬁcari
1323 5834 1338 5858 ,
1369 5791 1447 5845 sic
1477 5791 1721 5848 benedici
1744 5832 1760 5859 ,
1810 5801 1866 5847 et
1906 5793 1988 5851 his
2019 5797 2095 5850 si-

502 5887 1277 5966 milia.Adjecit,vehementcr.
1309 5882 1540 5953 Revera,
1569 5884 1782 5956 quando
1802 5899 2098 5950 converso.

2196 3369 2440 3452 tempore
2462 3383 2743 3453 passionis.
2782 3384 2908 3440 Haec
2934 3395 3016 3440 est
3047 3385 3117 3442 de
3152 3399 3257 3456 qua
3283 3385 3482 3442 dicitur
3505 3429 3523 3456 ,
3565 3387 3798 3442 Amictus

2197 3474 2392 3531 lumine
2433 3475 2564 3532 sicut
2592 3481 2907 3534 vestimento.
2951 3477 3226 3548 Sequitur,
3273 3479 3556 3535 extendens
3608 3482 3794 3534 cretum

2192 3567 2327 3622 sicut
2371 3566 2572 3639 pellem.
2607 3569 2750 3625 Bene
2778 3567 2972 3624 dicitur
3001 3569 3286 3627 Dominum
3314 3570 3470 3626 calas
3497 3572 3792 3640 extendere,

2194 3658 2287 3715 ubi
2317 3659 2632 3714 meretrices
2657 3670 2709 3714 et
2738 3659 3052 3730 publicanos
3082 3675 3208 3717 eum
3233 3669 3449 3717 constat
3477 3660 3790 3717 admittere.

2194 3748 2326 3806 Nam
2355 3765 2476 3806 cum
2505 3751 2613 3806 sint
2636 3767 2730 3822 per
2749 3750 3009 3822 justitiam
3037 3751 3158 3808 caeli
3175 3752 3471 3823 justorum,
3513 3752 3635 3808 lacti
3667 3762 3796 3809 sunt

2194 3851 2251 3899 et
2282 3842 2469 3914 gratia:
2494 3843 2738 3913 largitate
2783 3843 3144 3914 peccantium.
3189 3843 3298 3900 Nec
3327 3843 3527 3901 fmstra
3564 3859 3789 3914 compa-

2193 3941 2312 3989 rata
2338 3942 2420 3990 est
2448 3934 2572 3989 calo
2604 3935 2789 4006 pellis;
2814 3935 2938 4010 quia
2961 3936 3102 3992 sicut
3126 3936 3302 3992 omnia
3332 3937 3567 3994 membra
3595 3946 3780 3991 nostra

2192 4025 2349 4100 pellis
2379 4027 2546 4097 tegit,
2600 4027 2672 4108 ita
2717 4035 2773 4084 et
2818 4013 3091 4085 creaturas
3121 4030 3382 4086 ctelorum
3415 4029 3638 4086 ambitus
3666 4031 3782 4085 cir-

2193 4131 2473 4180 cumactus
2521 4123 2762 4181 includit.
2815 4124 3114 4182 Senserunt
3157 4126 3324 4198 aliqui
3371 4128 3568 4186 ccelum
3618 4135 3676 4184 et
3718 4126 3786 4184 de

2189 4214 2334 4285 justo
2384 4214 2610 4282 dictum,
2658 4230 2818 4286 quem
2866 4217 2947 4273 sic
2989 4232 3086 4287 per
3129 4218 3361 4289 gratiam
3404 4219 3667 4289 probatur
3694 4233 3787 4274 ex-

2191 4310 2453 4380 tendere,
2493 4309 2942 4380 quemadmodum
2986 4318 3165 4381 potest
3206 4319 3357 4368 tensa
3399 4311 3556 4381 pellis
3598 4325 3785 4366 excre-

2191 4415 2368 4458 scere.
3775 4407 3784 4422 '

2268 4494 2420 4552 Vers.
2447 4495 2502 4550 3.
2535 4494 2637 4562 Qui
2677 4494 2798 4566 tegit
2823 4494 2876 4548 in
2902 4494 3047 4566 aquis
3073 4493 3340 4564 superiora
3362 4497 3499 4567 ejus,
3523 4494 3612 4561 qui
3642 4495 3783 4566 ponit

2190 4586 2372 4640 nubem
2401 4601 2669 4641 ascensum
2705 4601 2875 4654 suum,
2902 4586 2992 4657 qui
3015 4586 3242 4641 ambulat
3271 4601 3426 4657 super
3449 4602 3649 4658 pennas
3669 4601 3786 4641 cett-

2123 4661 2380 4734 Dtorum.
2420 4677 2674 4746 Quamvis
2703 4677 2944 4734 ordinem
2987 4677 3313 4733 conditionis
3340 4691 3618 4748 exponere
3659 4689 3780 4731 sen-

2189 4774 2375 4838 tiatur,
2408 4772 2530 4842 quia
2576 4780 2630 4826 et
2657 4785 2819 4840 super
2861 4770 3028 4826 caelos
3056 4785 3209 4840 aquae
3251 4777 3373 4825 sunt
3401 4769 3613 4839 positae,
3647 4766 3784 4823 sicut

2190 4875 2242 4924 et
2263 4867 2316 4922 in
2342 4864 2539 4922 Genesi
2566 4864 2782 4934 legitur,
2808 4874 2863 4919 et
2891 4865 3009 4933 ipse
3028 4862 3153 4917 alibi
3179 4862 3310 4918 dicit
3339 4879 3355 4917 :
3381 4860 3450 4916 Et
3482 4876 3635 4926 aqua
3671 4873 3784 4930 qua

2189 4973 2342 5030 super
2370 4955 2520 5012 caelos
2543 4964 2662 5010 sunt
2683 4955 2896 5010 laudent
2923 4969 3106 5008 nomen
3131 4951 3342 5009 Domini
3363 4951 3538 5025 (Psal.
3557 4966 3783 5019 chvm,

2187 5047 2288 5121 4):
2319 5056 2496 5104 tamen
2524 5055 2579 5102 et
2606 5047 2744 5102 sacri
2775 5045 3113 5115 baptismatis
3141 5044 3298 5100 nobis
3329 5053 3607 5101 reseratur
3644 5043 3785 5100 indi-

2187 5143 2354 5209 cium;
2383 5148 2442 5197 ut
2467 5139 2666 5196 ctelum
2694 5138 2855 5210 (sicut
2874 5137 3182 5210 frequenter
3201 5137 3404 5193 dictum
3430 5138 3541 5208 est)
3561 5151 3782 5194 omnem

2186 5233 2391 5306 justum
2435 5231 2728 5288 debeamus
2757 5229 3024 5300 accipere,
3069 5229 3224 5300 cujus
3265 5231 3571 5301 superiora,
3614 5230 3667 5286 id
3704 5235 3785 5285 est

2189 5325 2493 5385 emendatio
2521 5323 2695 5380 ﬁdelis
2734 5322 2927 5378 animae
2963 5325 3116 5392 aquis
3147 5321 3470 5378 salutaribus
3499 5322 3777 5393 irrigatur.

2189 5421 2266 5479 Ita
2294 5419 2440 5477 enim
2481 5417 2597 5474 haec
2633 5417 2809 5473 omnia
2841 5415 2908 5470 ab
2937 5415 3028 5470 illo
3066 5424 3286 5472 auctore
3327 5416 3572 5487 deposita
3615 5423 3782 5483 sunt,

2190 5521 2252 5568 ut
2296 5521 2351 5567 et
2395 5518 2547 5566 actus
2574 5495 2972 5564 ecclesiasticos
3001 5505 3142 5562 dicta
3163 5506 3402 5563 caelestia
3428 5506 3670 5562 iudicare
3699 5505 3784 5560 vi-

2192 5605 2442 5670 deantur,
2494 5611 2548 5658 et
2597 5599 3174 5660 iterumconditiones
3205 5614 3383 5655 rerum
3432 5598 3786 5655 veracissima

2199 5704 2510 5758 narratione
2543 5709 2830 5756 testentur.
2862 5697 3147 5768 Sequitur,
3181 5698 3270 5769 qui
3299 5699 3440 5768 ponit
3485 5703 3672 5755 nubem
3711 5718 3787 5756 σε.

2199 5813 2405 5852 censum
2431 5809 2600 5849 suum.
2629 5793 2741 5848 Hoc
2763 5792 2976 5861 quidem
3001 5802 3054 5847 et
3081 5793 3146 5847 ad
3172 5793 3403 5848 litteram
3433 5806 3789 5867 congruenter

2206 5887 2502 5960 accipitur:
2537 5884 2750 5957 quando
2781 5884 3036 5942 Dominus
3079 5893 3198 5956 post
3229 5887 3684 5945 resurrectionem
3707 5886 3776 5968 vi.
