4092 6344
245 380 258 391 ’
275 404 375 463 129

1265 398 1627 458 EXPOSlTlO
1670 396 1733 455 lN
1773 393 2231 483 PSALTERIUM.
2274 396 2467 456 esse.
2509 395 2642 452 Clll.

3441 394 3545 451 730

275 522 523 581 dentibus
559 520 819 593 apostolis
859 517 1103 577 ascendit
1141 519 1194 575 in
1230 518 1459 585 coelum;
1503 520 1581 576 sic
1612 519 1756 575 enim
1801 516 1855 571 in
1882 514 1940 577 Α
1962 514 2194 571 Christus
2216 516 2366 573 Iesus
2393 516 2447 590 (1
2471 516 2590 573 Cor.
2624 531 2715 583 tu,
2746 515 2857 587 ll).
2888 515 3062 587 Supra
3090 530 3250 588 quem
3276 514 3321 572 si
3347 513 3543 587 iugiter

274 616 494 674 Actibus
516 616 880 686 apostolorum
906 615 1101 687 legitur
1121 613 1279 670 :Hazc
1308 631 1423 670 cum
1447 614 1680 681 dixisset,
1701 612 1858 668 nubes

273 711 491 780 suscepit
522 726 638 765 eum
664 711 727 766 ab
752 711 912 766 oculis
938 726 1110 765 eorum
1142 707 1280 781 (Act.
1312 723 1363 775 ι,
1393 707 1474 780 9).
1506 707 1611 765 Sed
1645 716 1698 763 et
1726 706 1859 762 illud

271 803 548 872 aptissime
591 801 885 873 probamur
933 802 1216 872 accipere,
1246 811 1303 856 ut
1349 800 1548 857 nubem
1592 811 1858 869 ponamus

270 882 418 949 verbi
450 894 659 949 Domini
694 895 1127 966 pradicatorem,
1170 908 1270 965 per
1313 908 1470 964 quem
1519 891 1765 949 Christus
1802 892 1857 947 in

270 984 528 1041 membris
556 987 668 1042 suis
701 986 965 1053 ascendit,
997 1001 1119 1042 eum
1162 994 1395 1043 mentem
1441 993 1780 1056 peccatorum
1826 1000 1858 1042 a

269 1075 453 1131 mundi
477 1076 633 1132 istius
662 1078 925 1147 pravitate
954 1076 1311 1133 mundaverit.
1344 1074 1597 1139 Addidit,
1626 1077 1715 1147 qui
1742 1091 1858 1130 am-

270 1168 414 1223 bulat
438 1185 591 1240 super
619 1186 814 1241 pennas
846 1180 1129 1225 uentorum.
1172 1167 1323 1224 Venti
1353 1168 1407 1224 in
1444 1169 1547 1224 is‘to
1577 1170 1719 1225 aeris
1759 1168 1859 1223 llu-

268 1268 356 1317 ctu
382 1260 534 1332 quasi
573 1261 896 1333 quibusdam
934 1262 1128 1332 pennis
1156 1260 1343 1318 volare
1384 1268 1707 1328 noscuntur;
1761 1259 1857 1317 sed

268 1354 529 1411 Dominus
558 1355 785 1409 ambulat
810 1371 965 1426 super
988 1371 1181 1427 pennas
1212 1369 1398 1411 eorum
1416 1395 1433 1423 ,
1462 1353 1590 1410 dum
1613 1352 1859 1409 volunta-

268 1455 347 1503 tes
372 1460 501 1503 suas
529 1446 699 1503 multo
727 1447 969 1503 velocius
1015 1455 1270 1518 operatur
1290 1489 1305 1516 ,
1333 1460 1493 1516 quam
1521 1451 1698 1515 potest
1737 1457 1857 1501 esse

266 1551 524 1593 excursus
545 1545 853 1594 ventorum.
880 1536 1006 1595 Sive
1036 1538 1203 1609 magis
1231 1548 1425 1603 ventos,
1446 1537 1711 1607 iustorum
1737 1536 1856 1592 ani-

267 1646 379 1687 mas
425 1631 685 1688 debemus
724 1633 971 1703 accipere
1014 1649 1027 1687 :
1070 1633 1193 1704 quia
1240 1640 1467 1702 utroque
1511 1631 1857 1688 Testamento

265 1720 526 1790 perdocti,
557 1724 705 1779 velut
731 1723 938 1780 duabus
968 1723 1065 1780 alis
1095 1722 1161 1779 ad
1189 1738 1421 1794 superna
1450 1723 1640 1792 gaudia
1672 1732 1859 1779 trans-

265 1813 528 1870 feruntur.
561 1815 732 1884 Supra
777 1829 912 1886 quos
952 1816 1216 1871 Dominus
1251 1815 1515 1869 ambulare
1543 1825 1690 1872 recte
1727 1815 1856 1870 dici-

1962 610 2343 676 manserimus,
2376 610 2681 665 nullatenus
2710 610 3035 664 inclinamur.
3067 608 3376 678 Superjecta
3405 606 3548 662 enim

1962 703 2213 759 nesciunt
2241 702 2500 768 titubare,
2532 702 2657 758 dum
2696 704 2805 759 sint
2842 702 2943 758 ﬁxa
2982 719 3101 774 qua:
3128 702 3426 758 continent.
3459 702 3548 757 Sic

1963 795 2165 850 veritas
2200 793 2357 865 hujus
2391 794 2672 850 sententia:
2715 795 2957 850 absoluta
2995 794 3152 851 nobis
3181 794 3391 850 ratione
3420 808 3549 848 con-

1959 887 2141 943 stabit.
2173 886 2404 959 Spiritus
2436 888 2580 944 enim
2622 897 2838 943 sanctus
2871 887 2993 944 ideo
3032 887 3301 943 interdum
3337 885 3550 942 difﬁcil-

1959 980 2086 1036 lima
2113 980 2246 1037 dicit
2274 982 2341 1037 ad
2366 980 2597 1037 litteram
2622 1023 2639 1050 ,
2670 987 2728 1036 ut
2761 981 2949 1051 majori
2980 980 3181 1037 ambitu
3212 978 3546 1051 spiritualem

1960 1072 2291 1129 intellectum
2335 1088 2579 1145 quaerere
2624 1072 2937 1129 debeamus.
2972 1073 3085 1129 lloe
3123 1087 3252 1146 ergo
3297 1071 3440 1144 quod
3468 1071 3549 1128 di-

1960 1175 2103 1222 ctum
2148 1177 2265 1235 est,
2314 1184 2417 1223 non
2462 1166 2795 1221 inclinabitur
2841 1166 2895 1220 in
2935 1167 3181 1221 swculum
3228 1166 3423 1235 seaculi,
3451 1180 3548 1236 per

1959 1263 2137 1319 omnia
2176 1271 2442 1318 commata
2477 1263 2636 1317 trium
2674 1277 2922 1319 versuum
2964 1261 3301 1332 superiorum
3341 1268 3548 1318 constat

1959 1367 2081 1412 esse
2122 1354 2478 1412 reddendum.
2531 1354 2662 1422 Quae
2710 1355 2883 1425 ﬁgura
2934 1353 3129 1410 dicitur
3168 1353 3503 1425 hyperbaton
3531 1393 3548 1422 ,

1958 1448 2212 1520 quoniam
2241 1447 2374 1503 ordo
2400 1446 2687 1503 verborum
2710 1446 2918 1517 longius
2945 1448 3261 1516 explicatur.

2030 1537 2186 1596 Vers.
2222 1539 2274 1593 6.
2303 1539 2528 1618 Abyssus
2557 1538 2687 1592 sicut
2728 1536 2946 1608 pallium
2981 1537 3195 1593 amictus
3218 1540 3363 1609 ejus,
3394 1552 3549 1607 super

1958 1641 2153 1688 montes
2192 1632 2397 1688 stabunt
2442 1648 2607 1701 aqum.
2638 1630 2747 1687 Nec
2789 1629 2891 1687 iste
2937 1643 3127 1686 versus
3172 1629 3241 1684 ad
3272 1630 3549 1685 historiam

1957 1734 2139 1798 potest
2164 1726 2384 1794 referri,
2417 1726 2659 1797 quamvis
2686 1725 2753 1781 de
2789 1724 3116 1795 superducta
3138 1722 3338 1780 diluvio
3369 1723 3550 1779 dicere

1961 1821 2229 1878 videatur.
2264 1821 2598 1878 Praeteritum
2637 1822 2780 1879 enim
2831 1828 3042 1890 tempus
3089 1816 3275 1874 diluvii
3320 1817 3454 1885 fuit,
3494 1826 3550 1873 et

266 1914 371 1974 tur,
406 1906 459 1961 in
488 1908 681 1980 quibus
709 1907 1140 1965 misericordiam
1166 1923 1277 1964 sua:
1306 1906 1634 1978 operationis
1664 1917 1851 1965 osten-
1883 1900 1931 1959 B
1956 1928 2099 1969 nunc
2142 1913 2406 1984 pmpheta
2451 1913 2519 1969 de
2558 1913 2739 1969 futuro
2781 1911 3041 1983 praedicat
3077 1924 3197 1966 esse
3227 1908 3550 1966 faciendum.

264 2000 355 2056 dit.
390 2001 459 2056 Et
497 2012 619 2059 nota
650 2004 796 2074 quod
824 2003 877 2058 in
908 2003 1011 2060 hoc
1039 2018 1197 2059 versu
1217 2044 1232 2070 ,
1264 2010 1320 2059 et
1343 2001 1461 2058 aliis
1493 2002 1581 2072 qui
1612 2017 1850 2073 sequun-

265 2100 368 2157 tur,
397 2093 685 2150 Dominum
715 2094 920 2151 mavult
966 2094 1254 2151 ostendere
1299 2109 1395 2164 per
1440 2092 1495 2148 id
1541 2093 1681 2163 quod
1721 2094 1849 2163 egit.

266 2184 388 2239 llmc
416 2185 653 2241 secunda
690 2185 899 2256 species
938 2180 1268 2241 deﬁnitionis
1300 2184 1498 2240 dicitur
1532 2184 1673 2253 apud
1702 2182 1853 2239 Grae-

266 2290 351 2331 cos
383 2279 791 2345 ennoematice,
839 2278 1030 2335 Latine
1076 2288 1256 2332 autem
1302 2276 1451 2332 notio
1491 2285 1847 2347 nuncupatur.

266 2367 389 2424 Nam
420 2384 541 2425 cum
565 2371 822 2425 Dominus
852 2385 948 2440 per
986 2379 1234 2425 naturam
1267 2384 1417 2424 suam
1459 2379 1690 2440 nequeat
1715 2369 1851 2426 deﬁ-

265 2460 385 2529 niri,
417 2477 512 2532 per
540 2461 670 2519 illud
703 2472 883 2519 tamen
914 2461 1138 2533 pulchre
1163 2461 1530 2533 cognoscitur,
1560 2462 1701 2533 quod
1741 2462 1851 2517 sin-

264 2556 517 2627 gulariter
545 2566 817 2627 operatur.

332 2618 487 2704 ἦτε.
516 2618 702 2714 4.Ὠειὶ
726 2649 853 2719 facit
877 2650 1086 2720 angelos
1109 2665 1228 2704 suos
1256 2649 1488 2718 spiritus,
1518 2656 1566 2701 et
1593 2648 1853 2704 ministros

261 2755 379 2794 suos
406 2741 575 2810 ignem
602 2749 848 2794 urentem.
875 2739 1371 2796 Commendandum
1399 2748 1483 2794 est
1508 2739 1710 2807 animo,
1729 2740 1853 2809 quia

259 2828 348 2884 hic
370 2830 681 2898 specialiter
707 2830 774 2885 de
795 2831 1002 2901 angelis
1032 2831 1252 2897 dicitur,
1277 2830 1441 2903 348
1465 2831 1608 2902 quod
1638 2831 1691 2886 in
1716 2832 1854 2889 libro

261 2919 538 2976 Geneseos
563 2921 863 2977 evidentius
893 2936 1001 2977 non
1030 2921 1278 2976 habetur.
1306 2923 1437 2976 Nam
1464 2931 1518 2978 et
1545 2921 1709 2978 verba
1738 2922 1854 2991 ipsa

263 3019 384 3068 sunt
422 3010 755 3069 discutienda
799 3013 1066 3069 subtilius.
1095 3014 1325 3084 Spiritus
1361 3014 1614 3085 generale
1656 3029 1853 3071 nomen

263 3116 344 3164 est
388 3108 744 3180 incorporalis
784 3107 1128 3179 petentisque
1170 3108 1519 3178 substantiae,
1576 3108 1856 3165 visibiliter

264 3203 375 3260 sive
404 3202 744 3259 invisibiliter
767 3218 1019 3273 operans,
1050 3203 1192 3274 quod
1224 3204 1275 3260 ei
1324 3203 1581 3259 divinitus
1622 3204 1855 3275 inspira-

1953 2006 2109 2063 Unde
2143 2021 2366 2063 necesse
2397 2014 2480 2062 est
2509 2016 2567 2062 nt
2598 2006 2700 2062 hoc
2729 2006 2901 2076 magis
2930 2002 3285 2074 spiritualiter
3314 2003 3552 2073 inquira-

1954 2112 2075 2154 mus
2099 2140 2115 2166 ,
2140 2098 2353 2169 quando
2376 2098 2475 2153 sibi
2499 2097 2564 2153 ad
2590 2097 2821 2153 litteram
2852 2104 3097 2166 tempora
3122 2096 3415 2152 convenire
3443 2109 3550 2149 non

1954 2199 2201 2261 possunt.
2235 2191 2461 2261 Abyssus
2488 2191 2631 2247 enim
2672 2190 2870 2245 dicitur
2897 2204 3155 2260 aquarum
3180 2187 3550 2259 copiosissima

1954 2283 2272 2349 multitudo;
2298 2299 2417 2353 quae
2438 2284 2559 2339 etin
2584 2283 2727 2338 bono
2748 2282 2955 2338 etmalo
2982 2281 3296 2352 plerumque
3314 2279 3549 2350 ponitur.

1955 2375 2087 2429 llaec
2116 2375 2309 2430 merito
2346 2374 2434 2429 hic
2474 2375 2865 2443 superstitiosis
2918 2383 3075 2444 atque
3121 2372 3552 2443 persecutoribus

1955 2475 2304 2537 comparatur
2323 2507 2337 2532 ,
2367 2466 2492 2537 quia
2520 2466 2661 2521 sicut
2684 2466 2901 2535 pallium
2924 2465 3165 2535 subjecta
3194 2463 3458 2533 cooperit,
3481 2462 3551 2517 ita

1956 2558 2033 2615 illi
2052 2558 2309 2614 mundum
2329 2557 2626 2613 foedissima
2650 2556 3037 2628 superstitione
3059 2563 3336 2621 texerunt;
3365 2561 3426 2609 ut
3445 2568 3551 2608 non

1958 2652 2133 2708 solum
2165 2651 2465 2708 mediocres
2505 2649 2789 2715 homines,
2821 2650 2918 2707 sed
2966 2651 3019 2706 in
3062 2650 3355 2720 perniciem
3400 2662 3551 2704 suam

1955 2744 2102 2816 ipsos
2127 2760 2339 2817 quoque
2362 2756 2577 2800 sanctos
2605 2745 2746 2800 viros
2768 2752 2929 2814 atque
2954 2743 3409 2800 eminentissimos
3437 2750 3549 2797 tor-

1957 2838 2154 2893 mentis
2175 2852 2460 2908 corporum
2484 2836 2712 2891 obruere
2736 2835 3067 2891 viderentur.
3090 2834 3198 2890 Sed
3226 2834 3315 2889 hic
3338 2833 3553 2903 abyssus

1960 2932 2012 2987 in
2059 2930 2203 2985 malo
2243 2929 2414 3000 posita
2444 2937 2529 2985 est
2554 2970 2569 2995 ,
2599 2929 2725 2983 dum
2755 2928 2965 2997 legatur
2992 2934 3046 2981 et
3074 2925 3126 2981 in
3161 2925 3303 2982 bona
3327 2966 3343 2992 ,
3386 2933 3444 2978 ut
3471 2931 3553 2979 est

1957 3023 2084 3080 illud
2130 3041 2145 3079 :
2188 3022 2399 3076 Iudicia
2445 3020 2657 3074 Domini
2704 3020 2841 3074 velut
2882 3018 3094 3089 abyssus
3140 3015 3305 3071 multa
3358 3013 3550 3088 (Psal.

1957 3132 2121 3182 xxxv,
2152 3115 2231 3187 7).
2255 3114 2408 3184 Quod
2438 3128 2606 3182 genus
2638 3110 2925 3167 locutionis
2947 3112 3088 3166 inter
3115 3109 3330 3181 propria
3360 3107 3553 3164 divina:

1958 3206 2248 3276 Scriptura:
2278 3214 2492 3260 constat
2514 3218 2635 3260 esse
2662 3200 3053 3272 deputandum.
3087 3200 3328 3270 Denique
3354 3199 3433 3253 sic
3463 3212 3550 3254 se-

265 3303 370 3349 tur.
403 3295 716 3366 Angelorttm
747 3297 892 3351 enim
919 3273 1115 3353 nomen
1147 3310 1251 3351 non
1284 3295 1553 3368 signiﬁcat
1582 3273 1849 3368 naturam,
1878 3273 1926 3336 C
1958 3273 2161 3373 quitur,
2190 3301 2363 3373 Super
2387 3308 2581 3353 montes
2612 3299 2821 3353 stabunt
2860 3313 3030 3368 aqua.
3063 3294 3324 3352 Steterunt
3358 3293 3554 3366 quippe

266 3385 355 3443 sed
385 3386 771 3443 obedientiam.
802 3388 1029 3459 Angelus
1066 3389 1210 3445 enim
1238 3388 1426 3445 Grzeea
1470 3389 1674 3457 Lingua
1720 3389 1856 3446 dici.

266 3486 371 3546 tur,
399 3480 491 3549 qui
515 3478 706 3535 Latine
738 3480 960 3535 nuntius
996 3480 1381 3552 interpretatur
1417 3499 1431 3535 :
1474 3496 1596 3537 nam
1639 3482 1855 3553 quando

266 3573 548 3629 mittuntur
586 3574 758 3643 angeli
804 3571 980 3638 ﬁunt,
1031 3587 1153 3628 cum
1195 3581 1375 3629 tamen
1406 3582 1596 3628 natura
1634 3573 1856 3642 spiritus

265 3676 385 3722 esse
414 3672 724 3719 noscantur.
752 3663 991 3734 Addidit,
1024 3680 1165 3733 suos,
1194 3672 1253 3719 ut
1282 3664 1399 3720 illos
1428 3664 1736 3720 ostenderet
1764 3666 1856 3735 qui

266 3764 411 3813 recta
442 3766 624 3813 mente
653 3756 869 3813 Domini
900 3757 1267 3813 voluntatibus
1296 3757 1686 3814 obsecundant.
1714 3757 1859 3814 Ordo

266 3849 410 3907 enim
432 3849 719 3906 verborum
742 3849 865 3906 talis
893 3857 978 3905 est
1005 3867 1019 3903 :
1054 3850 1152 3917 Qui
1181 3850 1395 3919 spiritus
1412 3867 1532 3906 suos
1559 3850 1685 3920 facit
1705 3867 1860 3921 ange-

266 3942 361 3996 los.
396 3940 667 4011 Sequitur,
701 3951 750 3995 et
774 3941 1033 3995 ministros
1072 3956 1191 3994 suos
1221 3941 1390 4011 ignem
1418 3949 1665 3996 urentem.
1698 3941 1860 3995 Mini-

266 4043 366 4090 ster
391 4034 488 4091 Dei
519 4043 603 4091 est
631 4034 808 4090 omnis
836 4035 927 4103 qui
957 4033 1169 4089 divinas
1194 4035 1513 4104 exsequitur
1532 4034 1859 4101 voluntates,

266 4134 320 4180 et
349 4125 627 4181 charitatis
651 4126 863 4183 fervore
892 4140 1107 4195 semper
1127 4139 1389 4180 accensus
1409 4134 1511 4181 est.
1545 4125 1690 4181 Talis
1717 4126 1861 4181 enim

264 4217 348 4275 vir
372 4217 615 4276 cmlestis
642 4219 783 4291 ignis
813 4219 1066 4285 efﬁcitur,
1098 4216 1318 4287 quando
1337 4219 1506 4275 verbo
1533 4219 1865 4288 praedicatio-

264 4313 348 4367 nis
380 4312 714 4381 peccantium
745 4312 1011 4381 nequitias
1041 4325 1200 4366 urere
1241 4319 1294 4366 et
1341 4325 1658 4367 consumere
1703 4326 1865 4382 posse

264 4410 619 4461 monstratur.
650 4402 740 4460 Sic
760 4404 902 4460 enim
924 4404 1041 4475 ipse
1067 4403 1329 4459 Dominus
1355 4404 1486 4460 dicit
1510 4424 1521 4458 :
1546 4402 1728 4477 Ignem
1752 4408 1865 4461 veni

264 4497 464 4552 mittere
491 4499 545 4551 in
571 4506 763 4551 terram
790 4495 941 4569 (Luc.
976 4512 1084 4563 xu,
1107 4495 1234 4568 49),
1268 4496 1405 4566 ignis
1440 4499 1625 4566 utique
1652 4499 1862 4565 vitalis,

267 4590 407 4662 ignis
438 4590 648 4660 salutis,
677 4591 768 4662 qui
796 4588 924 4646 dum
963 4598 1183 4661 peccata
1205 4590 1504 4657 consumit,
1530 4590 1739 4646 animas
1764 4607 1863 4648 nu-

268 4685 382 4739 trit.

329 4776 497 4845 \Vers.
522 4779 580 4835 5.
610 4778 712 4846 Qui
738 4776 973 4849 fundavit
999 4786 1189 4833 terram
1217 4794 1371 4850 super
1398 4778 1728 4834 stabilitatem
1749 4783 1860 4851 ejus

267 4870 425 4943 (mss.
441 4870 531 4937 A.,
545 4871 630 4938 8.,
647 4869 836 4943 suam],
853 4887 958 4925 non
978 4870 1311 4926 inclinabitur
1328 4871 1382 4926 in
1401 4872 1643 4927 steculum
1663 4871 1858 4927 seaculi.

267 4967 474 5023 Versus
503 4968 603 5023 iste
629 4966 695 5022 ad
722 4966 955 5023 litteram
990 4980 1100 5021 non
1138 4964 1351 5021 videtur
1385 4980 1541 5034 posse
1568 4974 1858 5033 constare;

267 5075 395 5116 nam
447 5076 568 5118 cum
610 5070 808 5117 terram
848 5060 1006 5115 istam
1053 5059 1364 5114 mutandam
1404 5073 1523 5114 esse
1551 5059 1863 5130 legerimus,

270 5152 543 5225 quomodo
568 5153 681 5209 fieri
708 5161 886 5224 potest
904 5159 962 5207 ut
989 5167 1093 5206 non
1114 5150 1388 5204 inclinetur
1416 5151 1468 5204 in
1496 5148 1744 5206 sarculum
1767 5164 1869 5206 ste-

270 5247 415 5302 culi?
441 5246 547 5303 Sed
576 5246 663 5302 hic
692 5247 860 5315 magis
901 5244 1167 5299 ﬁrmatam
1203 5252 1423 5310 terram,
1457 5241 1740 5298 solidatam
1764 5240 1864 5297 ad-

270 5349 547 5397 vertamus
574 5338 900 5405 Ecclesiam;
932 5351 1051 5406 quas
1085 5344 1220 5389 terra
1248 5334 1373 5390 ideo
1399 5333 1626 5401 dicitur,
1656 5334 1780 5403 quia
1801 5346 1868 5388 ex

274 5432 502 5489 terrenis
538 5431 845 5489 hominibus
866 5430 1091 5486 collecta
1113 5442 1236 5484 esse
1268 5434 1623 5493 monstratur,
1654 5426 1793 5481 sicut
1814 5424 1870 5480 in

274 5523 381 5581 alio
402 5525 521 5581 loco
542 5525 615 5581 ait
647 5541 661 5577 :
695 5522 907 5578 Domini
936 5531 1010 5576 est
1040 5531 1174 5577 terra
1200 5529 1250 5574 et
1272 5518 1535 5589 plenitudo
1562 5519 1670 5588 ejus
1692 5515 1869 5588 (Psal.

275 5633 434 5685 mn,
461 5618 536 5689 i).
563 5618 733 5689 llujus
756 5616 1009 5672 stabilitas
1053 5622 1201 5671 recte
1240 5612 1435 5667 dicitur
1480 5609 1744 5673 Christus,
1779 5607 1869 5678 qui

278 5719 367 5769 est
391 5711 665 5767 immobile
696 5710 1098 5765 fundamentum
1131 5717 1184 5763 et
1222 5705 1544 5761 inviolabilis
1593 5712 1771 5771 petra;
1803 5701 1870 5756 de

282 5820 388 5876 quo
411 5807 543 5862 dicit
565 5806 857 5877 Apostolus
889 5822 902 5859 :
933 5802 1353 5857 Fundamentum
1383 5801 1521 5855 enim
1551 5796 1695 5851 aliud
1722 5811 1869 5851 nemo

278 5910 443 5972 potest
480 5916 704 5974 ponere,
757 5906 941 5970 praeter
988 5896 1041 5953 id
1071 5897 1205 5970 quod
1249 5895 1472 5966 positum
1511 5900 1607 5960 est,
1637 5889 1772 5962 quod
1800 5898 1874 5948 est

1957 3413 2111 3463 super
2157 3408 2251 3449 eos
2277 3433 2293 3459 ,
2335 3392 2425 3463 qui
2475 3401 2667 3445 montes
2715 3389 2837 3447 ﬁdei
2882 3388 3132 3444 ﬁrmitate
3176 3384 3350 3442 vocati
3392 3390 3552 3451 sunt,

1958 3487 2175 3558 quando
2213 3499 2308 3541 eos
2351 3483 2579 3538 diversis
2620 3482 2793 3552 poenis
2841 3487 2896 3535 et
2933 3476 3198 3534 mortibus
3235 3474 3551 3531 affecerunt.

1960 3579 2130 3649 Aquas
2156 3576 2301 3632 enim
2330 3585 2385 3631 et
2413 3575 2643 3647 abyssos,
2668 3571 2860 3642 impios
2892 3570 2979 3625 hic
3007 3568 3264 3626 debemus
3288 3566 3553 3634 accipere.

1959 3671 2051 3743 qui
2081 3671 2160 3725 sic
2187 3669 2255 3724 ad
2282 3668 2615 3725 obruendam
2647 3670 2941 3737 properant
2968 3662 3328 3729 sanctitatem,
3358 3673 3549 3729 quem-

1962 3762 2250 3818 admodum
2282 3771 2463 3832 potest
2491 3758 2741 3815 cumulus
2776 3756 3040 3811 undarum
3083 3752 3323 3824 subjecta
3362 3758 3552 3806 conte-

1961 3873 2108 3929 gere.
2160 3856 2266 3914 Sed
2295 3864 2352 3911 ut
2375 3856 2478 3911 hoc
2501 3854 2668 3923 magis
2694 3851 2764 3907 de
2793 3848 3039 3919 superbis
3083 3856 3245 3918 atque
3274 3845 3555 3902 sceleratis

1964 3949 2230 4019 potuisses
2260 3946 2571 4012 advertere,
2598 3955 2833 4012 sequens
2859 3953 3051 3995 versus
3076 3938 3332 3993 ostendit.
3356 3935 3555 3991 Volunt

1965 4041 2127 4096 etiam
2157 4037 2321 4108 aliqui
2355 4037 2458 4091 hoc
2507 4034 2572 4090 ad
2613 4034 2849 4089 litteram
2879 4030 3155 4085 vindicare
3180 4074 3195 4099 ,
3231 4037 3291 4084 ut
3313 4028 3553 4098 abyssum

1965 4134 2151 4190 dicant
2193 4141 2349 4188 terra:
2388 4130 2682 4199 marginem
2727 4125 3040 4188 circumire;
3074 4136 3197 4177 nam
3234 4122 3370 4177 sicut
3399 4130 3555 4175 estea

1965 4228 2110 4283 riora
2139 4223 2380 4295 corporis
2412 4222 2580 4278 nostri
2608 4220 2773 4292 pallio
2800 4217 3201 4288 cooperiuntur,
3233 4215 3307 4273 ita
3328 4224 3382 4271 et
3407 4214 3553 4270 orbis

1967 4327 2231 4376 terrarum
2253 4315 2454 4372 Oceani
2475 4313 2678 4369 ambitu
2702 4311 2873 4367 fertur
2896 4306 3116 4364 includi.

2037 4410 2199 4466 Vers.
2227 4408 2281 4464 7.
2309 4408 2385 4463 Alt
2406 4406 2752 4478 increpatione
2780 4412 2869 4457 tua
2891 4401 3108 4475 fugient,
3138 4416 3171 4454 a
3197 4414 3317 4455 voce
3343 4395 3557 4454 lonitrui

1968 4505 2042 4559 tui
2085 4501 2455 4575 formidabant.
2497 4498 2598 4567 Qui
2630 4498 2829 4569 fugient
2872 4494 2976 4551 nisi
3008 4492 3221 4564 abyssi,
3251 4491 3350 4546 nisi
3379 4503 3553 4559 aqua).

1968 4611 2091 4667 qua:
2117 4591 2390 4651 montibus
2409 4590 2604 4647 Christi
2628 4587 3028 4659 supereminere
3048 4580 3403 4639 videbantur?
3423 4579 3556 4634 Nam

1890 4662 1946 4723 Ῑ)
1970 4662 2215 4761 quamvis
2253 4694 2469 4742 sanctos
2506 4684 2623 4755 ejus
2670 4681 2900 4737 diversis
2945 4678 3185 4735 caedibus
3230 4676 3558 4740 aﬁecissent,

1969 4783 2069 4856 ipsi
2098 4791 2276 4838 tamen
2304 4778 2564 4849 increpati
2588 4790 2720 4831 voce
2755 4772 3146 4845 apostolorum,
3179 4768 3436 4826 derelicta
3467 4780 3558 4821 su-

1969 4875 2305 4948 perstitione,
2333 4871 2499 4942 fugati
2520 4877 2673 4935 sunt;
2700 4876 2753 4923 et
2782 4866 2926 4939 quod
2947 4873 3031 4921 est
3060 4862 3355 4919 maximum
3385 4859 3558 4915 victo-

1968 4968 2065 5023 τίω
2089 4980 2279 5037 genus,
2327 4969 2515 5020 contra
2552 4973 2648 5015 sua
2696 4967 2819 5014 vota
2859 4960 3165 5012 senserunt.
3211 4949 3484 5020 Sequitur,
3524 4964 3558 5003 a

1966 5076 2085 5115 uoce
2114 5056 2327 5113 tonitrui
2357 5054 2432 5110 tui
2471 5051 2849 5125 formidabant.
2891 5043 3208 5103 Prtedicatio
3246 5051 3557 5099 sanctorum

1966 5152 2068 5208 sub
2116 5151 2216 5207 hac
2262 5148 2516 5218 allegoria
2556 5140 2920 5216 pulcherrima
2965 5137 3227 5195 relatione
3285 5135 3558 5205 descripta

1969 5252 2070 5300 est.
2106 5242 2240 5298 Dicit
2272 5239 2442 5305 enim,
2474 5255 2505 5292 α
2532 5253 2651 5292 voce
2682 5233 2893 5289 tonitrui
2925 5231 3038 5296 tui;
3068 5237 3256 5285 utnon
3288 5227 3420 5284 illud
3452 5226 3556 5281 bu-

1970 5350 2187 5393 manum
2208 5330 2503 5401 eloquium,
2526 5327 2619 5383 sed
2642 5325 2879 5382 caelestis
2902 5321 3116 5379 virtutis
3132 5321 3367 5378 sonitum
3393 5317 3559 5375 fuisse

1977 5428 2231 5486 sentires.
2274 5423 2706 5479 Formidaverunt
2744 5418 2929 5486 utique
2959 5414 3207 5475 homines
3237 5414 3432 5485 passim
3475 5420 3559 5467 to-

1978 5522 2155 5575 nitrua
2187 5515 2624 5588 praedicationum
2644 5552 2659 5579 ,
2690 5509 2904 5582 quando
2928 5507 3115 5579 judicii
3146 5515 3319 5563 terror
3346 5502 3561 5560 edictus

1982 5622 2066 5670 est
2089 5652 2103 5677 ,
2134 5609 2347 5680 quando
2376 5606 2647 5661 diabolum
2678 5603 2972 5673 periturum
3004 5598 3289 5656 audierunt
3322 5609 3444 5651 cum
3474 5608 3562 5650 se-
3625 5611 3635 5619 ’

1978 5699 2234 5774 quacibus
2256 5699 2401 5762 suis;
2435 5706 2487 5752 et
2515 5693 2757 5765 quamvis
2795 5690 3081 5748 habuerint
3124 5688 3177 5744 in
3221 5686 3324 5741 hoc
3362 5683 3562 5740 mundo

1980 5795 2283 5862 licentiam,
2317 5792 2417 5863 ipsi
2460 5804 2557 5845 sua
2605 5786 2812 5845 scelera
2857 5790 3098 5842 correcta
3135 5788 3313 5837 mente
3339 5774 3560 5831 damna-

1980 5887 2133 5945 bant.
