4092 6344
497 450 593 508 73!

1719 449 1788 505 Μ.
1827 443 2104 505 AURELll
2142 441 2545 502 CASSIODORI

3668 421 3770 484 75?.

533 555 546 628 ,’
574 565 725 621 Vers.
757 549 809 620 8.
843 555 1131 620 Aseemlunt
1175 569 1370 618 montes
1393 603 1410 631 ,
1462 569 1509 617 et
1556 560 1868 617 descendunt
1915 559 2080 629 campi
2107 555 2161 616 Δ
2188 554 2445 609 νοιυὶεδϐι
2473 548 2719 621 intelligi.
2763 547 2988 614 ἀίιίεεθι
3025 546 3092 601 de
3130 542 3258 615 iPSiS
3287 539 3556 597 "millibus
3605 555 3768 611 “quas

499 661 554 720 in
583 660 751 713 locum
774 674 922 728 quem
949 657 1181 728 fundasti
1210 656 1302 710 eis.
1329 655 1514 710 Adhuc
1542 655 1593 708 in
1627 654 1842 724 tropicis
1865 652 2078 707 allusio-

501 741 658 806 nibus
709 757 1018 820 perseverat
1072 765 1084 802 :
1145 748 1396 818 quoniam
1453 746 1718 816 superbos
1751 754 1805 800 et
1862 747 2074 814 impios,

500 840 732 918 quandia
757 839 1212 906 voluitDontiuus,
1234 838 1474 908 permisit
1498 841 1548 893 in
1574 846 1782 894 montes
1804 852 2076 900 crescere;

500 942 656 1002 alque
688 933 881 988 iterum
907 934 1119 1003 quando
1148 933 1367 1002 placuit,
1398 933 1518 988 iecit
1550 932 1602 986 itt
1632 929 1951 985 convallium
1984 928 2080 984 hu-

503 1025 728 1079 militate
759 1025 1015 1081 residere.
1047 1025 1135 1081 Sic
1165 1035 1219 1080 et
1258 1024 1688 1094 persecutoribus
1732 1034 1940 1090 tempus
1983 1021 2080 1076 da-

504 1124 613 1176 tum
641 1122 723 1169 est
752 1123 808 1169 ut
840 1116 892 1170 in
938 1117 1103 1171 altum
1134 1126 1453 1187 surgerent,
1499 1131 1562 1171 ac
1603 1117 1797 1170 deinde
1845 1114 2081 1170 inclinati

503 1205 806 1262 Christiano
838 1207 1032 1276 populo
1061 1207 1403 1278 subiacerent
1433 1226 1446 1264 :
1481 1207 1680 1263 docens
1711 1207 1886 1261 omnia
1915 1206 2083 1276 ipsius

503 1299 841 1356 ordinatione
872 1291 982 1356 ﬁeri
1007 1345 1021 1368 ,
1051 1302 1201 1372 cujus
1233 1302 1491 1356 voluntati
1523 1317 1626 1356 non
1660 1309 1830 1370 potest
1860 1299 2084 1366 obviari,

502 1383 640 1446 sicut
669 1392 782 1460 ipse
815 1393 1068 1447 Dominus
1098 1395 1148 1446 in
1181 1394 1472 1462 Evangelia
1499 1392 1689 1448 Pontio
1716 1393 1886 1446 Pilato
1909 1391 2043 1446 dixit
2069 1408 2080 1444 :

506 1483 626 1550 Non
656 1484 859 1539 haberes
888 1487 938 1539 in
967 1503 1044 1540 me
1070 1495 1361 1552 potestatem
1383 1526 1398 1550 ,
1428 1487 1524 1540 nisi
1546 1487 1634 1539 tibi
1663 1487 1784 1539 data
1823 1485 1954 1557 [ed..
1987 1485 2084 1537 da-

506 1570 633 1642 tum]
661 1583 786 1627 esset
828 1573 1040 1644 desuper
1070 1574 1252 1646 (Joan.
1297 1591 1411 1642 tux,
1446 1573 1552 1646 Η).
1587 1575 1654 1629 Et
1696 1575 1912 1631 intende
1955 1589 2089 1645 quo-

507 1669 649 1722 niam
679 1667 770 1723 hic
808 1681 996 1722 montes
1031 1669 1084 1746 in.
1114 1671 1254 1724 malo
1294 1671 1451 1740 positi
1491 1680 1612 1725 sunt
1637 1712 1651 1737 ,
1684 1687 1802 1724 cum
1844 1671 2088 1738 superius

518 1769 712 1815 montes
755 1762 1058 1830 signiﬁcent
1087 1763 1427 1819 ﬁdelissimos
1459 1766 1632 1830 viros;
1664 1763 1804 1835 quod
1851 1763 2087 1833 plerum.

511 1868 616 1922 que
645 1853 696 1909 itt
732 1854 1022 1922 Scripturis
1052 1855 1247 1910 divinis
1277 1857 1508 1912 diximus
1539 1857 1784 1912 inveniri.
1817 1857 2068 1926 Sequitur

2183 648 2393 715 liuere,
2444 663 2551 703 non
2596 646 2676 702 eis
2720 644 2775 700 in
2827 643 3008 701 medio
3053 639 3356 699 constitutis
3404 637 3637 695 transire
3678 655 3770 710 po-

2184 741 2369 796 tuisse.

2256 829 2410 886 Vers.
2440 829 2526 885 ii.
2563 826 2821 884 Potabunt
2851 844 2910 883 ea
2949 843 3120 882 omnes
3164 826 3334 882 bestia:
3369 827 3643 892 silvarum,
3685 842 3770 881 ex-

2182 923 2480 990 spectabant
2509 923 2690 993 onagri
2712 923 2846 978 sitim
2863 921 3015 994 [mss.
3036 907 3124 984 Α..
3147 922 3229 988 8.,
3247 919 3402 986 F.,in
3424 919 3585 992 sitim]
3605 938 3770 976 suam.

2185 1011 2383 1068 Bestias
2409 1015 2650 1068 silvarum
2681 1013 2766 1069 hic
2795 1022 2978 1083 gentes
3006 1012 3306 1081 intelligere
3335 1011 3593 1068 debemus
3612 1053 3626 1075 ,
3656 1028 3771 1081 qua:

2185 1106 2252 1161 de
2282 1105 2370 1160 illa
2404 1105 2670 1160 idolorum
2697 1105 2903 1160 cultura
2933 1115 3179 1174 tanquam
3210 1102 3276 1157 de
3306 1103 3454 1159 silvis
3482 1103 3769 1174 umbrosis,

2187 1199 2436 1269 proiectis
2468 1195 2816 1252 ferocissimis
2842 1196 3102 1263 moribus,
3135 1196 3483 1261 exierunt,ad
3515 1197 3771 1266 potandus

2187 1291 2395 1344 scilicet
2425 1305 2590 1358 aquas
2619 1304 2749 1356 quas
2782 1289 2834 1342 in
2880 1285 3168 1356 Evangelio
3197 1297 3279 1341 est
3311 1288 3562 1342 Dominus
3590 1287 3770 1344 Sama-

2190 1381 2378 1435 ritana:
2412 1381 2697 1450 pollicitus,
2732 1379 2914 1434 dicens
2947 1395 2960 1435 :
2998 1379 3098 1445 Qui
3138 1379 3316 1432 biberit
3348 1396 3410 1433 ex
3447 1397 3575 1449 aqua
3617 1398 3768 1451 quam

2189 1493 2281 1550 ego
2311 1476 2442 1529 dabo
2473 1477 2537 1540 ei,
2581 1478 2665 1544 ﬁet
2706 1476 2758 1528 in
2798 1492 2858 1530 eo
2909 1480 3022 1544 fons
3070 1491 3218 1545 aqua:
3257 1474 3485 1528 salientis
3520 1474 3572 1528 in
3617 1473 3766 1526 titam

2189 1580 2429 1624 (sternam
2481 1569 2661 1639 (Joau.
2704 1585 2776 1632 tv,
2822 1570 2912 1634 l3,
2950 1567 3060 1638 li).
3098 1567 3376 1635 Sequitur,
3421 1568 3771 1636 exspectabant

2190 1662 2369 1730 onagri
2397 1663 2533 1716 sitim
2563 1677 2728 1714 suant.
2757 1659 2887 1714 Cum
2921 1659 3116 1715 dixerit
3142 1660 3326 1714 bestias
3355 1657 3772 1730 silvarum‘aquis

2191 1759 2598 1815 decurrentibus
2645 1775 2750 1813 esse
2817 1768 3049 1831 paratas,
3092 1775 3310 1828 onagros
3356 1766 3561 1812 tantum
3604 1755 3774 1826 posuit

2176 1851 2332 1916 sitim
2363 1866 2512 1903 suam
2536 1861 2861 1919 exspectare,
2899 1851 3108 1906 scilicet
3143 1849 3358 1904 Iudaeos
3395 1848 3485 1919 qui
3532 1847 3774 1917 neglexe-

510 1941 564 1996 in
610 1943 780 1998 locum
823 1962 967 2016 quem
1014 1947 1247 2015 fundasti
1290 1950 1378 2003 eis.
1425 1947 1505 2003 llli
1547 1949 1752 2004 scilicet
1791 1948 1879 2018 qui
1918 1948 2086 2017 campi
2115 1935 2314 1998 Brant
2361 1941 2558 1997 ﬂuenta
2601 1943 2791 1998 divinae
2839 1943 3047 2012 pietatis
3095 1942 3329 1997 haurire.
3382 1942 3583 2013 Onager
3637 1940 3775 1994 enim

511 2033 617 2102 iam
655 2035 784 2091 facti
816 2045 971 2105 sunt,
1003 2037 1068 2093 ad
1116 2040 1291 2094 locum
1336 2040 1716 2096 iandatissiuue
1762 2042 2093 2097 descendunt

512 2125 785 2192 Ecclesiae,
817 2138 871 2182 et
899 2129 953 2184 in
987 2129 1101 2199 ejus
1133 2131 1494 2200 penetralibus
1525 2131 1929 2200 permanebunt.
1958 2129 2090 2187 Nam

512 2223 565 2270 et
594 2217 723 2285 ipsis
751 2235 962 2290 quoque
1000 2221 1369 2290 peccatoribus
1406 2223 1594 2278 modus
1619 2232 1702 2278 est
1731 2224 1962 2292 positus,
1995 2239 2092 2279 nec

516 2307 653 2361 tiitra
684 2311 1063 2378 permittuntur
1091 2311 1382 2376 excedere,
1413 2330 1570 2383 quam
1599 2315 1676 2369 eis
1701 2313 1882 2368 datum
1913 2323 1996 2369 est
2026 2313 2091 2368 li-

517 2399 705 2453 centiae
736 2415 848 2456 suae
880 2401 1028 2455 frena
1067 2403 1266 2458 laxare.
1298 2403 1536 2474 Denique
1564 2406 1642 2459 sic
1678 2405 1871 2476 legitur
1901 2428 1912 2460 :
1944 2405 2094 2460 Cont-

518 2493 652 2557 pleta
695 2501 813 2545 sunt
853 2504 1060 2563 peccata
1093 2496 1500 2549 Amorrlueorum
1543 2495 1692 2565 (Gen.
1736 2514 1803 2551 xv
1827 2540 1840 2565 ,
1880 2497 2004 2568 16),
2039 2507 2097 2552 ut

519 2584 692 2635 omnia
722 2585 821 2638 sub
849 2585 1124 2640 voluntate
1165 2589 1370 2642 Domini
1400 2589 1574 2658 posita
1617 2604 1738 2644 esse
1779 2605 2093 2660 cognoscas.

519 2671 629 2727 Hoc
654 2676 793 2729 enim
825 2685 880 2731 et
910 2677 1287 2750 subsequentia
1319 2682 1596 2736 evidenter
1622 2682 1930 2750 explanant.

595 2764 742 2821 Vers.
770 2767 824 2822 9.
854 2765 1152 2823 Terminum
1173 2772 1388 2842 posuisti
1417 2773 1508 2839 eis,
1536 2769 1685 2842 quem
1716 2789 1816 2826 non
1841 2782 2099 2845 transgre-

521 2857 736 2924 dientur,
765 2877 924 2932 neque
951 2872 1300 2918 convertentur
1329 2862 1451 2936 [ms.
1496 2864 1586 2929 G.,
1617 2866 1942 2938 revertentur]
1976 2884 2097 2937 ope—

521 2950 620 3004 rire
658 2961 868 3009 terram.
916 2954 1026 3011 Hoc
1071 2956 1114 3012 si
1153 2955 1219 3011 ad
1263 2956 1493 3012 litteram
1549 2959 1680 3012 velis
1727 2961 1989 3028 accipere,
2032 2953 2099 3013 de

523 3045 672 3112 aquis
700 3047 1096 3102 abundantibus
1117 3047 1275 3114 dicit,
1308 3065 1426 3118 qua:
1465 3048 1664 3102 dilttvio
1691 3051 1976 3105 recedente
2021 3049 2101 3103 ul-

526 3137 689 3192 terius
712 3146 880 3193 terras
904 3149 1175 3210 nequeunt
1199 3156 1479 3211 occupare,
1508 3141 1644 3195 sicut
1672 3142 1723 3194 in
1755 3141 1945 3196 Genesi
1969 3141 2102 3196 scri-

527 3238 670 3298 ptum
701 3237 784 3286 est
816 3251 828 3285 :
861 3231 1101 3286 Statuam
1131 3241 1335 3302 paetum
1367 3249 1529 3286 meum
1560 3233 1837 3299 vobiscum,
1864 3243 1911 3287 et
1939 3234 2103 3306 349

2195 2034 2374 2088 asinus
2404 2042 2488 2089 est
2517 2032 2800 2098 silvestris,
2831 2035 2920 2105 qui
2963 2033 3102 2089 inter
3147 2035 3348 2105 reliqua
3390 2033 3641 2088 animalia
3687 2046 3777 2086 cor

2193 2127 2388 2182 dicitttr
2428 2126 2627 2182 habere
2660 2128 3100 2198 pinguissimum;
3137 2127 3278 2196 quod
3319 2143 3486 2199 genus
3526 2135 3779 2194 quantum

2194 2218 2398 2288 patiens
2427 2228 2508 2272 est
2539 2218 2834 2282 domitum,
2881 2226 3083 2272 tantum
3132 2218 3484 2272 saevissimum
3541 2215 3780 2270 redditur

2195 2301 2316 2362 cum
2345 2307 2498 2363 silvis
2525 2307 2883 2363 retinentibus
2913 2308 3185 2364 efferatur.
3217 2308 3306 2378 llis
3329 2308 3580 2361 obstinati
3613 2307 3784 2362 Judzei

2195 2400 2390 2454 merito
2433 2407 2831 2469 comparantur,
2863 2399 2955 2469 qtti
2997 2399 3197 2454 ferocia
3239 2399 3435 2453 mentis
3480 2408 3534 2450 et
3583 2397 3782 2450 callosa

2198 2489 2440 2545 iatuitate
2469 2491 2644 2545 durati
2676 2501 2820 2556 sunt,
2845 2507 2943 2546 nec
2965 2491 3150 2545 satiari
3174 2491 3281 2544 cito
3306 2489 3508 2558 poculis
3535 2489 3781 2544 vitalibus

2199 2585 2567 2652 acquiescant.
2621 2583 2751 2637 Nam
2783 2583 2924 2653 quod
2975 2583 3171 2640 dicitur
3192 2624 3207 2648 ,
3240 2581 3624 2651 exspectabant,
3657 2579 3782 2634 illud

2199 2673 2463 2744 signiﬁcat
2490 2673 2629 2744 quod
2663 2673 2972 2744 frequenter
3003 2674 3204 2727 dictum
3237 2681 3320 2727 est
3353 2691 3364 2724 :
3394 2671 3515 2741 quia
3545 2671 3596 2726 in
3627 2671 3782 2725 ﬁnem

2200 2771 2379 2825 saeculi
2422 2770 2536 2824 Elia
2567 2781 2621 2825 et
2648 2770 2828 2824 Enoch
2857 2769 3217 2834 venientibus,
3247 2767 3514 2823 creditura
3542 2776 3624 2822 est
3651 2765 3786 2820 ntul-

2204 2863 2373 2918 titudo
2405 2863 2735 2919 .ludzeorum.
2769 2864 2950 2920 Miseri
2991 2865 3081 2934 qtti
3114 2862 3297 2917 tandiu
3327 2863 3513 2916 sitiunt
3535 2903 3550 2927 ,
3581 2862 3671 2930 qui
3703 2875 3786 2915 sa-

2204 2955 2322 3008 tiari
2356 2955 2573 3010 minime
2605 2956 3008 3024 concupiscunt.
3036 2955 3128 3011 llis
3159 2958 3268 3011 vita
3300 2955 3521 3026 pcenalis
3547 2963 3663 3021 est,
3689 2953 3784 3025 qui

2205 3051 2348 3098 tanta
2379 3046 2781 3110 exspectatione
2809 3046 3139 3106 cruciantur.

2275 3134 2428 3189 Vers.
2462 3135 2548 3188 η.
2577 3136 2746 3206 Super
2771 3153 2832 3190 ea
2862 3139 3084 3191 volucres
3116 3138 3228 3192 caeli
3254 3136 3580 3204 habitabant,
3604 3137 3666 3190 de
3688 3152 3789 3190 me-

2207 3227 2293 3280 dio
2322 3231 2577 3297 petrarum
2617 3228 2810 3282 dabunt
2835 3246 3002 3283 vocem
3042 3246 3210 3284 suam.
3254 3229 3424 3298 Super
3464 3229 3552 3284 illa
3592 3230 3789 3286 scilicet

528 3335 838 3392 nequaquam
871 3324 1005 3376 ultra
1034 3325 1360 3392 interﬁcietur
1388 3325 1552 3379 omnis
1582 3343 1702 3380 caro
1728 3328 1872 3395 aquis
1903 3325 2102 3394 diluvii,
2133 3315 2180 3378 C
2211 3331 2328 3389 qua:
2356 3321 2598 3387 Superius
2629 3320 2759 3374 dixit
2793 3338 2806 3379 :
2845 3322 2944 3386 Qui
2969 3324 3147 3376 emittit
3179 3324 3342 3392 fontes
3373 3325 3425 3376 in
3457 3323 3790 3388 convallibus,

529 3425 682 3484 neque
719 3415 813 3468 erit
855 3417 1092 3482 deinceps
1137 3417 1386 3470 diluvium
1428 3419 1686 3487 dissipans
1731 3428 1918 3472 terram
1951 3417 2104 3492 (Cen.

530 3509 602 3570 Ix,
631 3503 744 3577 il).
771 3507 826 3562 Si
842 3524 970 3564 vero
998 3509 1342 3577 Spiritualiter
1371 3527 1598 3581 qua-ras,
1637 3522 1814 3582 potest
1835 3513 1935 3570 hoc
1958 3523 2011 3570 et
2039 3514 2107 3570 de

539 3611 865 3665 paganorum
907 3599 1010 3653 ritu
1058 3601 1223 3670 accipi
1270 3613 1655 3671 congruenter;
1685 3605 1772 3672 qui
1807 3605 1928 3658 licet
1954 3621 1980 3658 a
2012 3620 2108 3659 sua

531 3687 791 3755 pravitate
839 3692 1201 3759 recesserint,
1250 3709 1518 3764 nunquam
1563 3696 1614 3750 in
1657 3695 1798 3750 illam
1839 3697 2106 3752 licentiam

532 3778 644 3836 Deo
673 3779 774 3837 sibi
821 3782 1071 3840 obviante
1115 3785 1451 3854 remeabunt,
1501 3797 1558 3842 ut
1609 3787 1897 3842 humanum
1938 3805 2110 3858 genus

533 3873 964 3942 superstitionum
997 3891 1212 3932 suarum
1245 3878 1589 3934 inundatione
1619 3882 1950 3948 cooperiant.
1988 3881 2109 3936 Ter-

535 3966 701 4020 minus
737 3967 934 4038 quippe
963 3984 1146 4025 eorum
1192 3971 1451 4026 adventus
1499 3972 1596 4026 fuit
1647 3973 1852 4027 Domini
1889 3973 2106 4042 Christi,

535 4055 684 4126 cujus
711 4067 987 4116 crescente
1021 4061 1309 4132 religione,
1334 4073 1522 4118 cuncta
1562 4063 1702 4118 idola
1745 4062 1911 4136 [mss.,
1947 4064 2113 4120 idola-

536 4146 654 4219 tria]
689 4163 811 4204 cum
859 4151 971 4206 suis
1019 4153 1328 4208 auctoribus
1373 4161 1712 4209 corruerunt.
1762 4153 2114 4224 Inspiciamus

537 4251 746 4308 quoque
781 4239 878 4294 sub
907 4253 1007 4310 qua
1051 4243 1416 4310 increpatione
1444 4246 1541 4300 ista
1571 4245 1910 4314 referuntur,
1943 4257 2000 4300 ut
2029 4261 2116 4300 ra-

538 4330 760 4386 tionales
789 4332 1034 4387 homines
1057 4343 1241 4403 putent
1271 4351 1330 4392 se
1356 4345 1616 4407 praecepta
1647 4337 1856 4393 Domini
1887 4353 1992 4392 non
2023 4338 2117 4394 de-

538 4421 666 4477 bere
695 4431 1070 4491 contetnnere,
1099 4441 1218 4480 cum
1260 4430 1371 4498 ipsa
1420 4430 1682 4485 elementa
1730 4439 2118 4501 cognoscantur

538 4513 653 4584 ejus
682 4514 1014 4586 iussionibus
1039 4517 1279 4575 obedire.

608 4606 759 4664 Vers.
802 4607 888 4664 lo.
940 4607 1040 4674 Qui
1073 4611 1254 4665 emittit
1306 4611 1468 4682 fontes
1509 4611 1562 4667 in
1605 4613 1946 4681 convallibus,
1991 4617 2120 4670 inter

2213 3412 2324 3465 ccli
2353 3411 2576 3465 t‘olucres
2597 3409 2911 3467 habitabant.
2939 3413 3061 3468 lltcc
3084 3415 3344 3486 siquidem
3370 3424 3417 3468 et
3450 3415 3717 3468 convalles
3742 3423 3793 3468 et

2215 3516 2378 3572 aquas
2408 3503 2630 3573 irriguos
2657 3502 2801 3575 [mss.
2832 3505 2918 3569 Α.,
2945 3503 3034 3572 8.,
3059 3501 3153 3570 F.,
3177 3506 3330 3575 aquis
3353 3504 3593 3579 irrigata]
3621 3521 3793 3560 amare

2214 3605 2530 3648 noscuntur.
2566 3593 2672 3650 Sed
2706 3610 2810 3650 non
2843 3605 2993 3650 vacat
3032 3595 3175 3665 quod
3214 3595 3453 3664 addidit,
3486 3595 3629 3663 ca’li,
3676 3611 3792 3651 nam

2213 3685 2258 3740 si
2291 3693 2492 3740 tantum
2536 3702 2658 3741 aves
2697 3687 2956 3742 voluisset
2981 3687 3217 3754 adverti,
3247 3689 3492 3744 volucres
3531 3689 3795 3746 sufﬁceret

2213 3779 2317 3834 dici
2347 3799 2360 3835 :
2385 3779 2476 3834 sed
2509 3781 2686 3850 potius
2711 3782 2913 3835 animas
2936 3792 3150 3838 sanctas
3173 3784 3479 3852 pontiﬁcum
3509 3784 3710 3838 caelesti
3738 3799 3796 3838 se

2214 3874 2623 3928 conversatione
2655 3881 2946 3930 tractantes
2991 3875 3190 3930 mavult
3220 3877 3476 3948 intelligi,
3518 3879 3606 3948 qui
3635 3892 3794 3946 supra

2215 3965 2442 4035 papulas
2473 3963 2684 4019 Domini
2733 3967 3202 4035 praedicatioitibus
3244 3971 3445 4024 sanctis
3474 3969 3792 4026 inhabitant.

2215 4059 2466 4126 Addidit,
2494 4064 2556 4115 de
2585 4061 2752 4114 medio
2780 4070 3038 4132 petrarum
3069 4062 3259 4116 dabunt
3281 4079 3451 4116 vocem
3480 4079 3644 4118 suam.
3677 4061 3798 4119 ista

2215 4150 2446 4206 volucres
2477 4167 2594 4221 qua:
2615 4152 2774 4206 dictae
2805 4161 2928 4208 sunt
2956 4153 3237 4222 caelestes,
3269 4170 3374 4210 non
3401 4155 3468 4211 de
3499 4165 3660 4218 terra,
3694 4172 3799 4212 non

2216 4245 2284 4300 de
2313 4245 2620 4311 arboribus,
2661 4243 2753 4301 sed
2800 4247 2864 4301 de
2894 4246 3061 4301 medio
3094 4256 3353 4317 petrarum
3393 4247 3584 4303 dabunt
3633 4265 3802 4305 vocem

2218 4354 2383 4404 suam,
2413 4337 2625 4407 quando
2656 4339 3017 4407 apostolorum
3047 4349 3100 4395 et
3128 4341 3506 4412 prophetarum
3537 4344 3802 4414 exemplis

2217 4429 2394 4498 aliqua
2426 4430 2717 4497 prmdicare
2743 4441 3052 4486 noscuntur.
3081 4432 3279 4489 Omnes
3318 4427 3459 4490 enim
3500 4434 3689 4492 ﬁdeles
3716 4453 3803 4507 pe-

2222 4528 2315 4575 tra:
2346 4522 2538 4576 merito
2587 4521 2857 4589 dicuntur,
2888 4523 3010 4593 quia
3043 4527 3154 4593 ipse
3190 4541 3402 4595 quoque
3433 4534 3586 4597 petra
3615 4527 3805 4584 dicitur

2222 4611 2510 4677 Christus;
2560 4613 2638 4668 sic
2694 4614 2838 4669 enim
2885 4614 2999 4684 ipse
3048 4615 3300 4672 Dominus
3352 4611 3512 4673 Petro
3565 4621 3805 4689 apostolo

537 4701 757 4756 Medium
799 4705 1047 4757 montium
1096 4706 1474 4774 pertransibunt
1528 4724 1692 4778 aqua’.
1745 4708 1877 4765 Cum
1927 4721 2112 4766 natura
2139 4712 2195 4774 D
2220 4704 2357 4759 dixit
2388 4721 2400 4758 :
2436 4703 2513 4757 Tu
2537 4719 2588 4758 es
2616 4702 2822 4770 Petrus,
2867 4715 2912 4758 et
2947 4722 3102 4776 super
3140 4706 3270 4761 hanc
3310 4719 3506 4776 petram
3541 4710 3806 4779 wdiﬁcabs

539 4803 798 4851 terraruut
829 4795 1168 4864 describitur,
1201 4815 1358 4854 causa
1395 4799 1548 4855 nobis
1578 4803 1837 4857 occultior
1869 4805 2114 4873 pulcher-

539 4883 690 4942 rimis
733 4887 1085 4943 allusionibus
1137 4889 1419 4945 indicatur.
1463 4893 1675 4948 Certum
1712 4902 1794 4949 est
1824 4895 1964 4950 enim
1994 4913 2118 4952 con-

538 4979 690 5033 valles
733 4979 886 5048 aquis
923 4979 1196 5036 abundare
1244 4983 1506 5052 copiosis,
1541 4985 1869 5056 iamiamque
1897 4987 1966 5043 ibi
1995 5003 2118 5046 esse

539 5059 884 5138 frequentiam
929 5089 1196 5145 magnam,
1246 5074 1332 5131 ubi
1381 5083 1504 5131 sunt
1545 5091 1666 5130 arvo
1711 5077 1962 5148 jacentia.
2007 5081 2112 5137 Sed

538 5151 668 5214 illud
705 5159 883 5228 potius
925 5161 1182 5222 debemus
1223 5165 1503 5223 advertere
1525 5209 1541 5236 ,
1571 5168 1690 5239 quia
1734 5170 1785 5224 in
1816 5170 2114 5228 humilitate

538 5247 834 5322 hominum,
859 5255 948 5325 qui
969 5255 1088 5313 loco
1107 5260 1409 5314 convallium
1431 5269 1718 5330 ponuntur,
1747 5277 1897 5334 aquae
1917 5263 2113 5321 divina:

538 5351 752 5434 semper
793 5355 1110 5406 exaestuant.
1158 5351 1516 5422 Spiritualiter
1558 5363 1736 5410 autem
1785 5365 1978 5412 montes
2023 5357 2112 5414 hic

538 5435 783 5506 accipere
812 5439 1068 5496 debemus
1097 5439 1377 5498 haereticos
1405 5459 1467 5499 ac
1497 5445 1778 5515 superbas,
1808 5449 1948 5504 inter
1976 5463 2110 5520 quos

537 5523 827 5600 Scriptura:
857 5531 1054 5588 divinae
1097 5535 1315 5602 perenni
1364 5536 1610 5594 ubertate
1654 5539 1960 5609 decurrunt,
1992 5543 2116 5612 quia

538 5615 590 5678 in
619 5620 722 5678 ltoc
751 5621 948 5678 mundo
977 5638 1068 5680 eas
1103 5625 1286 5680 audire
1327 5627 1480 5682 bonis
1526 5631 1783 5700 malisque
1816 5642 2118 5690 'commune

539 5711 642 5771 est.
676 5711 747 5770 Et
783 5714 922 5770 bene
959 5713 1154 5770 dictum
1185 5726 1265 5771 est
1297 5737 1309 5772 :
1347 5715 1732 5777 Pertransibunt
1757 5765 1770 5790 ,
1813 5723 1934 5794 quia
1984 5725 2118 5782 tales

540 5795 683 5862 viros
711 5806 856 5862 nullo
880 5805 1196 5862 fecundasse
1239 5807 1500 5865 beneﬁcio
1545 5815 1864 5869 sentiuntur.
1915 5815 2042 5870 Nam
2073 5817 2118 5872 si

542 5899 626 5964 (ut
657 5899 872 5970 quidam
915 5898 1119 5972 dicunt)
1162 5908 1355 5956 montes
1403 5901 1487 5959 hic
1524 5904 1700 5976 justas
1746 5909 2118 5976 praedicatores

2220 4794 2506 4849 Ecclesiam
2536 4811 2696 4847 meam
2722 4791 2938 4862 (Matth.
2964 4812 3079 4864 xvr,
3114 4797 3222 4868 i8).
3254 4799 3591 4868 Quapropter
3619 4816 3807 4858 omnes

2221 4887 2286 4943 de
2319 4893 2587 4957 petrarum
2613 4885 2866 4941 ﬁrmitate
2895 4888 3209 4957 prtedicant,
3235 4891 3325 4960 qui
3352 4891 3719 4960 apostolorum
3747 4909 3808 4949 ac

2219 4981 2598 5050 prophetarum
2628 4978 3000 5034 traditionibus
3031 4995 3127 5036 sua
3154 4981 3294 5037 dicta
3324 4983 3664 5039 conﬁrmant.

2294 5065 2447 5124 Vers.
2484 5067 2570 5124 l5.
2609 5067 2807 5140 Rigans
2852 5080 3047 5124 montes
3089 5070 3153 5124 de
3194 5073 3537 5140 superioribus
3574 5073 3717 5138 suis,
3747 5075 3807 5129 de

2219 5159 2393 5236 fructu
2421 5175 2631 5233 Operam
2671 5169 2874 5214 tuorum
2904 5160 3175 5215 satiabitur
3203 5171 3355 5215 terra.
3383 5161 3643 5232 Superius
3672 5161 3806 5219 dixit

2222 5258 2361 5314 altos
2387 5263 2594 5311 montes
2625 5239 2790 5310 fuisse
2815 5254 3148 5324 praeteritos,
3177 5263 3232 5310 et
3259 5253 3533 5310 convalles
3563 5253 3802 5310 humilli-

2222 5363 2338 5405 mas
2360 5347 2590 5403 i'ontibus
2620 5345 2898 5415 irrigatas;
2931 5359 3070 5400 nunc
3099 5347 3244 5415 ipsos
3265 5359 3479 5417 quoque
3499 5357 3697 5400 montes
3719 5357 3804 5400 su-

2219 5441 2399 5512 pernis
2427 5439 2578 5509 aquis
2599 5439 2854 5510 praedicat
2879 5451 2999 5494 esse
3016 5439 3313 5509 complutos
3335 5438 3481 5514 [mss.
3497 5441 3586 5507 Α.,
3601 5439 3695 5508 B.,
3709 5437 3801 5507 Γ..

2221 5531 2556 5605 completos],
2583 5545 2650 5588 ne
2677 5531 2806 5602 quid
2828 5547 2857 5586 a
2876 5531 3086 5588 Domini
3108 5548 3328 5589 munere
3341 5535 3614 5592 videretur
3638 5549 3802 5592 exce-

2220 5635 2391 5698 ptum.
2418 5625 2613 5681 Paulus
2642 5627 2784 5680 enim
2811 5626 2955 5696 prius
2979 5626 3168 5696 ingens
3197 5635 3355 5698 atque
3393 5627 3589 5683 arduus
3619 5641 3805 5698 perse-

2222 5727 2374 5776 cutor
2399 5717 2652 5772 Ecclesiae
2674 5759 2688 5782 ,
2719 5718 2971 5787 irrigatus
3011 5733 3145 5789 aqua
3197 5719 3481 5788 spirituali,
3513 5733 3668 5788 quam
3724 5718 3803 5774 i‘e-

2221 5813 2424 5872 cundos
2453 5812 2654 5867 l'ructus
2688 5809 2946 5880 probatus
2974 5819 3055 5866 est
3083 5811 3242 5866 edere
3269 5811 3618 5869 Christianis!
3651 5805 3806 5881 Quod

2219 5906 2460 5979 quotidie
2491 5902 2747 5960 Dominus
2774 5900 2919 5974 agit,
2953 5911 3008 5959 ut
3037 5903 3281 5962 doctores
3311 5919 3639 5978 paganorum
3683 5909 3807 5979 post
