4062 6344
246 467 369 528 πει
1223 460 1584 523 EXPOSITIO
1620 459 1685 517 lN
1724 452 2185 515 PSALTERIUM.
2230 436 2423 511 PSAL.
2454 454 2586 511 cm.
3447 466 3549 522 πί

258 599 677 648 conversionem
726 582 1016 653 magistros
1058 581 1219 636 faciat
1262 593 1382 636 esse
1432 577 1689 634 ﬁdelium.
1741 573 1848 630 Sed
1875 571 1933 634 Α
1957 571 2195 624 hominis.
2228 568 2284 624 Si
2311 568 2492 623 vinum
2523 566 2795 623 mundiale
2831 567 2968 626 velis
3007 569 3285 638 accipere,
3326 586 3434 630 non
3464 578 3549 631 so-

262 683 356 739 isti
392 680 526 735 tales
563 679 626 732 de
652 674 1008 746 superioribus
1034 674 1345 743 irrigantur,
1373 669 1586 741 quando
1610 665 1856 723 conversi
1936 662 2072 715 “lum
2105 676 2224 723 cor,
2259 658 2354 714 sed
2400 673 2559 713 omne
2595 671 2791 727 corpus
2820 659 2887 713 ad
2930 666 3143 730 tempus
3173 660 3439 729 testiﬁcare
3467 676 3556 721 co-

260 789 323 830 se
354 785 575 827 errasse
610 776 967 841 cognoscunt.
995 766 1282 837 Sequitur,
1322 769 1384 817 de
1430 768 1603 834 {ructu
1647 775 1858 829 operum

258 872 475 920 tuorum
510 862 782 918 satiabitur
825 867 981 915 terra.
1013 860 1147 915 Cum
1198 858 1428 913 fructum
1480 866 1619 910 terra
1662 852 1854 924 pariat,

261 952 719 1026 quemadmodum
772 952 969 1021 poterit
1017 964 1085 1005 ex
1129 947 1389 1004 fructibus
1430 944 1706 1001 calcabilis
1758 943 1861 997 ista

265 1057 411 1102 terra
438 1045 662 1100 satiari?
691 1043 971 1099 Fructibus
999 1052 1176 1097 autem
1213 1051 1349 1095 terra
1372 1041 1614 1107 satiatur,
1646 1036 1859 1107 quando

238 1178 243 1183 -
267 1147 581 1210 peccatores
605 1138 660 1193 in
689 1137 884 1192 melius
910 1136 1242 1199 commutati,
1272 1134 1423 1189 utilia
1453 1132 1612 1187 nimis
1637 1138 1691 1186 et
1719 1129 1861 1184 salu-

270 1234 407 1288 taria
438 1234 556 1303 ipso
586 1232 849 1301 largiente
890 1229 1211 1298 percipiunt.
1241 1227 1330 1283 Sic
1360 1225 1504 1281 enim
1535 1235 1671 1279 terra
1704 1225 1862 1277 satia-

268 1337 377 1391 tur,
409 1327 622 1398 quando
644 1326 835 1393 aliquis
864 1326 932 1379 ab
960 1323 1318 1379 obstinatione
1347 1322 1623 1389 liberatus,
1652 1333 1857 1391 praeco-

268 1419 359 1474 nia
390 1420 596 1473 Domini
628 1417 880 1472 didicisse
908 1419 1269 1486 cognoscitur.

244 1556 249 1561 .
343 1510 500 1563 Vers.
532 1510 616 1563 li.
652 1508 948 1563 Produceus
976 1509 1147 1575 fenum
1162 1508 1432 1579 jumentis,
1460 1514 1506 1561 et
1534 1505 1741 1559 herbam
1759 1520 1865 1558 ser-

268 1602 423 1655 vituti
465 1602 743 1667 hominum,
795 1610 849 1655 ut
888 1603 1068 1655 educat
1113 1602 1264 1674 [mss.
1294 1602 1383 1668 A.,
1420 1603 1503 1669 15.,
1544 1602 1626 1665 F.,
1657 1599 1864 1673 educas]

250 1714 465 1767 panem
485 1699 549 1752 dc
574 1708 721 1752 terra.
750 1698 957 1752 Excolit
989 1698 1132 1767 quod
1171 1699 1413 1766 superius
1443 1697 1597 1763 dixit,
1636 1704 1695 1751 ut
1725 1703 1865 1750 terra

248 1790 361 1844 ‘illu
406 1790 612 1845 cmlesti
658 1790 828 1845 imbre
871 1791 1058 1845 satiata
1100 1791 1345 1862 producat
1390 1795 1561 1861 fenum
1591 1790 1864 1861 jumentis,

256 1879 327 1935 id
355 1890 439 1935 est
482 1882 860 1951 eleemosynas
887 1883 1045 1936 iaciat
1084 1883 1167 1936 his
1194 1883 1283 1953 qui
1321 1884 1520 1951 passim
1552 1890 1768 1951 petunt,
1800 1880 1867 1936 de

1960 755 2264 826 gnoscitur,
2297 768 2418 809 cum
2452 763 2628 809 tamen
2656 752 2967 823 frequenter
2991 761 3045 809 et
3074 753 3139 808 ad
3161 753 3312 809 rixas
3341 755 3558 828 incitet,

1958 856 2016 904 et
2040 847 2105 903 ad
2132 859 2414 903 excessum
2447 846 2673 915 aliquem
2704 844 3143 915 praesumptionis
3177 846 3417 917 instiget.
3450 847 3558 903 Sed

1963 955 2052 996 cor
2088 954 2188 1010 pro
2232 947 2412 996 mente
2463 939 2692 1009 positum
2733 947 2844 1006 est,
2890 938 3032 994 unde
3072 953 3262 1010 sapere
3309 938 3556 1007 dicimur,

1965 1034 2105 1090 unde
2134 1042 2187 1090 et
2215 1034 2515 1104 intelligere
2558 1033 2697 1088 bona
2734 1032 2981 1106 malaque
3027 1034 3311 1088 sentimur.
3353 1033 3483 1088 ltem
3510 1032 3559 1089 si

1964 1134 2018 1183 et
2047 1126 2184 1181 istud
2217 1127 2385 1181 oleum
2416 1134 2660 1196 putemus
2690 1140 2796 1192 quo
2844 1126 3164 1195 generaliter
3194 1124 3424 1179 mundus
3455 1124 3561 1179 uti-

1967 1226 2073 1284 tur,
2107 1216 2377 1287 quomodo
2401 1227 2575 1286 potest
2616 1217 2908 1270 exhilarare
2936 1216 3119 1285 faciem
3142 1257 3158 1283 ,
3193 1216 3317 1271 dum
3350 1228 3562 1285 semper
3642 1236 3643 1239 η

1965 1310 2133 1365 animi
2156 1310 2226 1365 sit
2252 1309 2528 1381 gaudium,
2551 1309 2697 1378 quod
2718 1310 2829 1364 exit
2861 1309 2914 1364 in
2944 1308 3166 1365 vultus?
3195 1308 3352 1364 Panis
3380 1318 3560 1365 autem

1968 1400 2413 1471 quemadmodum
2454 1400 2650 1469 poterit
2690 1400 3011 1456 confirmare
3051 1415 3146 1456 cor
3182 1399 3384 1468 solum,
3416 1399 3562 1471 quod

1944 1508 2065 1563 pro
2115 1492 2275 1547 totius
2321 1492 2567 1561 corporis
2598 1490 2892 1546 reiectione
2922 1491 3251 1562 percipitur?
3293 1490 3400 1549 Sed
3450 1492 3566 1548 hate

1971 1588 2150 1658 potius
2177 1587 2244 1640 ad
2266 1586 2459 1640 animae
2483 1597 2661 1654 partes
2687 1584 2971 1641 referenda
2994 1593 3141 1653 sunt,
3157 1600 3276 1656 qua:
3297 1583 3566 1657 perfectos

1972 1678 2212 1735 elﬁciunt
2241 1677 2598 1733 Christianos.

1946 1855 1951 1859 ρ
2046 1790 2201 1845 Vcrs.
2252 1789 2338 1844 16.
2381 1787 2767 1844 Saturabuntur
2813 1788 2955 1859 ligna
2994 1787 3277 1855 siluarum,
3330 1793 3380 1841 et
3429 1785 3570 1841 cedri

1976 1885 2160 1939 Libani
2197 1901 2324 1956 quas
2362 1885 2629 1955 plantasti.
2662 1881 2829 1954 Ligna
2869 1882 3115 1936 silvarum
3154 1880 3364 1951 plebem
3403 1879 3571 1950 signi-

252 1990 257 2015 ε
271 1971 462 2039 quibus
476 1971 679 2026 dictum
698 1982 779 2025 est
800 1989 812 2023 :
836 1972 990 2025 Omni
1008 1973 1193 2040 petenti
1215 1982 1260 2025 te
1284 1974 1445 2025 tribue
1467 1972 1617 2042 (Luc.
1648 1986 1721 2036 vr,
1751 1968 1867 2041 30).
1901 1970 1949 2031 B
1977 1979 2138 2033 ticam
2166 1980 2459 2047 ingentium
2491 1976 2840 2045 populorum,
2872 1974 2964 2045 qui
2995 1972 3254 2029 Ecclesiae
3290 1970 3572 2027 catholica:

250 2061 516 2117 .Jttmenta
544 2063 691 2119 cnim
718 2064 970 2132 appellati
1002 2073 1157 2129 sunt,
1191 2065 1313 2133 quia
1345 2063 1724 2118 verecundiam
1762 2078 1868 2117 non

254 2156 535 2212 habentes
557 2167 778 2228 propter
808 2158 1094 2228 ingluviem
1123 2159 1327 2213 ventris
1347 2201 1362 2224 ,
1402 2158 1453 2212 in
1480 2157 1750 2228 egentium
1776 2170 1872 2212 vo-

272 2264 370 2307 ces
391 2252 684 2322 petulanter
710 2262 993 2322 erumpunt
1019 2252 1157 2306 sicut
1177 2251 1441 2321 iumenta,
1461 2266 1578 2320 quae
1600 2251 1724 2303 dum
1748 2264 1871 2303 esu-

276 2342 457 2409 riunt,
488 2358 819 2413 nequaquam
854 2352 1080 2412 possunt
1124 2359 1153 2397 a
1197 2342 1425 2412 propriis
1454 2342 1674 2397 vocibus
1701 2342 1868 2397 absti-

254 2447 430 2489 .nere.
462 2433 695 2489 Herbam
723 2448 853 2489 vero
874 2435 1103 2489 servituti
1132 2435 1394 2487 hominum
1412 2476 1427 2500 ,
1456 2435 1560 2489 hoc
1581 2442 1686 2500 est,
1710 2442 1767 2487 ut
1795 2433 1869 2488 illi

258 2528 580 2582 necessaria
612 2528 936 2594 tribuantur,
965 2527 1033 2581 de
1059 2542 1165 2597 quo
1187 2528 1444 2596 scriptum
1480 2534 1562 2581 est
1590 2542 1603 2580 :
1640 2525 1869 2580 Desudet

266 2621 598 2690 .eleentosyna
639 2622 693 2673 in
735 2636 887 2674 manu
923 2629 1043 2687 tua,
1085 2621 1248 2673 donec
1288 2621 1517 2674 invenias
1549 2620 1751 2689 justum
1790 2618 1871 2671 cui

260 2728 390 2765 eam
419 2711 615 2766 tradas.
648 2713 743 2767 Hic
772 2713 916 2768 enim
944 2713 1174 2767 homines
1201 2713 1451 2781 appellati
1475 2719 1634 2777 sunt,
1664 2711 1754 2782 qui
1784 2725 1871 2765 ra-

279 2803 427 2858 tione
450 2805 742 2873 plenissimi
776 2806 1119 2875 indigentiam
1154 2820 1303 2859 snam
1338 2806 1638 2859 tolerantiae
1668 2805 1871 2860 viribus

266 2904 486 2965 tegunt.
519 2898 611 2954 Sic
637 2899 744 2954 duo
768 2914 964 2969 genera
987 2901 1255 2970 egentium
1287 2901 1483 2956 talibus
1517 2900 1869 2956 allusionibus

275 2990 672 3059 exprimuntur.
709 2992 998 3061 Sequitur,
1045 3000 1103 3046 ut
1152 2994 1333 3047 educat
1381 3010 1562 3059 panem
1609 2995 1670 3047 de
1714 3003 1869 3049 terra.

264 3081 542 3137 ~Educitur
582 3084 732 3153 panis
772 3085 837 3139 de
881 3094 1046 3154 terra,
1094 3087 1308 3155 quando
1358 3087 1567 3142 Domini
1608 3098 1871 3156 princepta

281 3174 651 3243 complentur,
680 3185 736 3233 ut
777 3178 845 3232 de
894 3178 1009 3232 istis
1048 3180 1355 3233 carnalibus
1396 3188 1556 3249 atque
1577 3180 1873 3235 visnalibus

276 3266 434 3322 cibus
478 3267 570 3323 ﬁat
608 3268 748 3323 unde
797 3269 973 3324 anima
1022 3270 1228 3325 cmlesti
1260 3272 1550 3325 reiectione
1600 3280 1869 3339 pascatur.

1974 2073 2043 2128 de
2064 2072 2303 2127 dumosis
2324 2080 2486 2141 atque
2506 2070 2720 2125 incultis
2747 2068 3053 2123 nationibus
3074 2068 3423 2123 advenerunt.
3448 2066 3573 2122 Haec

1975 2164 2215 2220 indicant
2244 2162 2496 2218 homines
2526 2162 2714 2231 utique
2741 2159 3061 2216 mediocres.
3093 2157 3247 2213 Ccdri
3274 2167 3453 2214 autem
3479 2156 3574 2212 Li-

1974 2258 2092 2310 bani
2131 2257 2410 2311 declarant
2454 2254 2667 2309 nobiles
2705 2267 2770 2307 ac
2816 2262 3098 2321 potentes,
3128 2250 3304 2322 quiin
3342 2251 3576 2305 humano

1969 2362 2167 2420 genere
2217 2355 2468 2414 tanquam
2515 2344 2663 2399 cedri
2715 2342 2958 2400 eminere
2998 2352 3314 2399 noscuntur.
3360 2342 3472 2398 Sed
3516 2349 3576 2397 ut

1974 2441 2120 2508 ipsos
2165 2452 2379 2508 quoque
2423 2423 2790 2519 sequestraret
2827 2434 2893 2489 ab
2936 2434 3205 2489 haereticis
3233 2443 3288 2489 et
3324 2434 3573 2504 paganis,

1973 2532 2065 2602 qui
2105 2531 2156 2583 in
2199 2529 2300 2583 hoc
2337 2527 2537 2583 sacculo
2575 2526 2811 2581 maxima
2852 2533 3114 2595 potestate
3147 2525 3387 2581 subvecti
3428 2530 3575 2592 sunt,

1974 2622 2208 2685 addidit,
2236 2637 2363 2689 quas
2393 2619 2639 2691 plantasti
2668 2634 2687 2672 :
2716 2617 2767 2673 id
2796 2626 2906 2683 est,
2941 2634 3059 2688 quin
3107 2626 3197 2673 tua
3228 2616 3576 2687 praedestina.

1976 2712 2118 2769 tione
2145 2721 2268 2766 sunt
2297 2711 2350 2763 in
2383 2707 2656 2778 religionis
2685 2708 3053 2763 amoenissimo
3082 2706 3331 2776 paradiso
3357 2705 3563 2762 consti-

1974 2815 2121 2871 tutae,
2153 2808 2291 2862 sicut
2323 2804 2453 2860 dicit
2479 2804 2534 2859 in
2556 2802 2888 2872 Evangelio:
2923 2801 3099 2856 Omnis
3126 2800 3384 2872 plantatio
3400 2814 3567 2869 quam

1977 2918 2078 2955 non
2104 2898 2352 2971 plantavit
2379 2896 2536 2951 Pater
2556 2911 2697 2950 meus
2716 2894 2952 2960 cwlestis,
2982 2894 3329 2948 eradicabitur
3359 2891 3579 2969 (Matth;

1975 3007 2065 3059 xv,
2100 2992 2206 3059 15).
2235 2990 2338 3045 Sed
2371 3004 2470 3044 nec
2498 2987 2867 3056 interpretatio
2895 2986 3125 3041 nominis
3154 2985 3323 3055 ipsius
3346 2992 3575 3053 praetcr-

1976 3085 2153 3140 euttda
2185 3091 2297 3152 est,
2332 3081 2546 3152 quando
2576 3080 2732 3135 nobis
2760 3079 2993 3150 aliquam
3018 3076 3427 3148 signiﬁcantiam
3457 3089 3576 3145 pro-

1979 3179 2105 3235 dere
2158 3177 2479 3231 declaratur.
2540 3172 2768 3227 Libanus
2815 3173 3195 3240 interpretatur
3246 3167 3578 3226 candidatio.

1978 3269 2169 3326 Saeculi
2214 3278 2392 3325 autem
2446 3265 2605 3334 hujus
2636 3272 2873 3334 potestas
2918 3262 3161 3332 quaedam
3209 3258 3426 3316 videtur
3455 3274 3578 3315 esse

281 3358 447 3414 Panis
467 3361 617 3415 enim
636 3375 761 3416 vere
785 3370 967 3416 noster
989 3362 1358 3427 estChristus,
1384 3363 1472 3432 qui
1496 3368 1620 3417 tunc
1642 3363 1709 3416 de
1732 3371 1869 3415 terra
1899 3354 1945 3416 C
1979 3359 2264 3425 festivitas,
2320 3358 2409 3413 ubi
2452 3356 2644 3411 divites
2685 3355 2935 3409 homines
2986 3368 3049 3408 ac
3096 3359 3342 3422 potentes
3381 3348 3581 3406 excelsi

270 3450 630 3520 .producitur,
665 3452 878 3523 quando
908 3453 1105 3522 aliquid
1153 3454 1512 3521 indigentibus
1553 3454 1669 3519 ejus
1698 3452 1876 3508 consi-

282 3540 557 3597 deratione
572 3553 871 3613 praestatur.
891 3545 1014 3599 Sive
1040 3545 1139 3599 hoc
1158 3560 1223 3615 po
1235 3552 1336 3599 test
1358 3545 1423 3598 de
1442 3545 1878 3613 praedicatoribus

281 3631 412 3698 dici,
448 3634 538 3703 qui
577 3634 889 3690 cmlestibus
936 3635 1136 3689 divitiis
1179 3635 1549 3704 imperitorum
1600 3637 1875 3691 hominum

278 3723 613 3793 ,indigentias
635 3726 1054 3781 misericorditer
1079 3727 1454 3795 expleverunt.

356 3814 506 3873 Vers.
534 3817 622 3872 15.
651 3816 718 3870 Et
745 3819 920 3871 vinum
950 3818 1173 3883 (tetiﬁcet
1202 3834 1287 3872 cor
1310 3819 1562 3884 hominis,
1598 3828 1651 3870 ιιι
1682 3817 1879 3873 exhila-

284 3918 361 3963 ret
406 3907 591 3978 [aciem
626 3911 682 3964 in
727 3911 874 3978 oleo,
905 3921 951 3965 et
996 3911 1141 3980 panis
1195 3926 1281 3965 cor
1324 3912 1544 3964 hominis
1589 3912 1873 3980 conﬁrmet.

254 4000 501 4058 Dixerat
534 4003 779 4072 superius
800 4041 815 4067 ,
847 4011 901 4056 ut
931 4004 1111 4057 educat
1142 4020 1323 4072 partem
1365 4005 1428 4057 de
1473 4013 1644 4067 terra;
1686 4004 1779 4059 sed
1812 4021 1879 4061 ne

287 4096 449 4151 istum
481 4112 661 4165 panem
691 4112 1031 4152 communem
1078 4099 1305 4153 deberes
1343 4099 1586 4168 accipere
1616 4100 1779 4170 350
1812 4097 1880 4154 de

286 4200 400 4257 quo
424 4202 549 4243 caro
575 4197 753 4244 nostra
778 4190 1034 4257 relicitur,
1060 4190 1336 4261 subjungit
1354 4190 1468 4246 haec
1499 4192 1600 4246 tria
1629 4193 1882 4261 spiritua-

284 4276 415 4336 liter
456 4280 756 4336 sentienda.
808 4281 939 4335 Nam
986 4298 1072 4335 cor
1116 4296 1212 4349 pro
1254 4282 1558 4336 rationabili
1610 4284 1882 4338 intellecm

287 4372 417 4441 poni
449 4371 699 4442 frequens
726 4372 1003 4442 Scriptura
1048 4381 1306 4438 testatur;
1350 4384 1673 4443 quapropter
1710 4376 1882 4428 vinum

288 4468 518 4537 laetiﬁcat
542 4484 631 4524 cor
659 4466 912 4534 hominis,
939 4483 1063 4523 cum
1095 4478 1361 4524 sacratum
1389 4468 1551 4522 fuerit
1579 4468 1633 4522 in
1663 4468 1883 4538 sangui-

288 4574 415 4616 nem
444 4558 653 4615 Domini
677 4558 897 4614 Christi.
932 4560 1068 4615 Hinc
1116 4574 1213 4613 nos
1251 4558 1507 4615 inebriari
1557 4560 1709 4627 licet,
1745 4562 1884 4614 sicut

288 4652 549 4721 scriptum
591 4660 673 4707 est
717 4670 730 4704 :
780 4649 849 4704 Et
901 4651 1139 4722 poculum
1187 4664 1330 4706 tuum
1374 4652 1664 4716 inebrians,
1731 4669 1884 4722 quam

1983 3459 2144 3521 atque
2178 3449 2409 3519 proceri,
2440 3448 2591 3518 quasi
2620 3448 2674 3501 in
2703 3445 2903 3500 Libano
2931 3454 3120 3500 monte
3145 3452 3463 3510 nascuntur,
3492 3443 3580 3512 qui

1986 3553 2162 3597 tamen
2191 3540 2259 3596 ad
2289 3555 2468 3595 veram
2498 3538 2811 3608 religionem
2838 3538 3051 3596 Domini
3074 3552 3296 3595 munere
3321 3552 3582 3609 pervenc-

1985 3645 2132 3690 runt.

2062 3727 2213 3782 Vers.
2240 3727 2329 3781 17.
2362 3725 2484 3781 Illic
2521 3742 2749 3797 passeres
2787 3725 3159 3795 nidiﬁcabunt,
3194 3724 3368 3796 fulicte
3404 3726 3583 3783 domus

1987 3821 2094 3875 dua:
2122 3829 2192 3874 est
2222 3835 2416 3873 eorum.
2450 3817 2572 3872 Illic
2596 3863 2613 3888 ,
2660 3819 2714 3874 in
2756 3818 2936 3874 cedris
2970 3818 3221 3873 videlicet
3257 3830 3389 3887 quas
3424 3817 3585 3885 plan-

1987 3915 2140 3977 tasti,
2181 3928 2413 3982 passeres
2459 3910 2820 3978 nidi/icabunt.
2860 3908 3046 3963 Passer
3095 3910 3239 3963 enim
3289 3907 3488 3962 minuta
3531 3921 3584 3967 et

1987 4003 2294 4058 cautissima
2322 4002 2482 4056 nimis
2531 4003 2643 4055 avis
2692 4011 2803 4065 est,
2848 4000 3234 4055 monachorum
3277 3998 3585 4066 signiﬁcans

1987 4093 2332 4163 parvitatem,
2359 4092 2449 4159 qui
2474 4093 2526 4145 in
2555 4090 2731 4145 cedris
2754 4090 2965 4154 Libani,
2995 4090 3046 4144 id
3074 4098 3158 4145 est
3178 4090 3231 4144 in
3263 4088 3585 4159 patrimonio

1988 4182 2283 4253 patentium
2316 4181 2740 4237 Christianorum
2788 4181 2930 4235 velut
2978 4180 3030 4234 in
3070 4179 3389 4251 quibusdam
3420 4180 3585 4234 ramis

1989 4275 2319 4330 monasteria
2361 4273 2465 4328 sibi
2507 4274 2659 4342 quasi
2702 4272 2857 4329 nidos
2897 4271 3103 4342 aliquos
3129 4270 3399 4326 aediﬁcare
3426 4284 3584 4326 mon-

1988 4383 2248 4438 strantur,
2279 4387 2576 4443 eorumque
2605 4370 2800 4427 robore
2831 4370 3136 4437 sustentati,
3161 4370 3309 4426 velut
3336 4380 3584 4440 passeres

1992 4467 2174 4523 laudes
2206 4468 2416 4523 Domini
2455 4464 2669 4522 assidua
2718 4480 2848 4521 voce
2887 4465 3203 4535 praecinunt.
3235 4460 3487 4517 Caelestis
3529 4462 3584 4514 in

1992 4570 2133 4617 terra
2164 4564 2302 4627 vita,
2336 4560 2561 4614 imitatio
2589 4557 2825 4613 ﬁdelium
2865 4558 3201 4627 angelorum,
3233 4550 3586 4623 spiritualiter

1990 4656 2045 4709 in
2074 4669 2237 4709 carne
2266 4655 2481 4717 vivere,
2527 4662 2583 4707 et
2627 4651 2810 4705 mundi
2855 4650 2979 4705 vitia
3023 4664 3129 4704 non
3165 4661 3381 4712 amare;
3424 4646 3586 4701 vitam

292 4748 599 4815 praclarum
627 4756 698 4801 est
729 4745 900 4817 (Psal.
933 4763 1064 4815 un,
1094 4747 1178 4816 5)!
1210 4746 1385 4816 Ipsum
1415 4756 1497 4801 est
1524 4746 1667 4801 enim
1696 4762 1883 4803 revera
1915 4754 1965 4817 Β
1992 4755 2310 4818 prmsentcm
2333 4758 2700 4811 contemnere,
2723 4752 2777 4798 et
2805 4742 2993 4796 futurae
3016 4738 3365 4796 beatitudinis
3396 4737 3588 4808 gaudia

293 4854 499 4898 merum
529 4838 670 4909 quod
699 4839 936 4894 laetillcat
963 4848 1195 4894 mentem
1218 4880 1231 4902 ,
1264 4854 1371 4894 non
1399 4840 1539 4911 quod
1579 4841 1642 4894 ad
1676 4849 1883 4896 reatum

274 4932 526 5001 vitiaque
553 4929 816 5001 perducit.
843 4931 1089 4985 Ebrietas
1116 4931 1317 4997 sobria,
1349 4933 1564 4987 satietas
1592 4930 1740 4998 felix,
1765 4947 1884 5003 quae

297 5026 494 5081 merito
520 5025 795 5081 laetiﬁcare
820 5024 1043 5091 dicitur,
1076 5026 1195 5095 quia
1238 5024 1370 5079 nihil
1407 5026 1476 5079 ibi
1504 5027 1767 5095 culpabile
1792 5040 1882 5081 re-

293 5118 520 5188 peritur.
551 5118 894 5174 Ealtilaratur
918 5133 1129 5189 quoque
1154 5120 1307 5189 facies
1333 5118 1386 5172 iu
1404 5118 1540 5185 oleo,
1562 5133 1681 5173 cum
1706 5120 1887 5191 regale

291 5218 529 5272 chrisma
555 5217 857 5287 coniicitur,
892 5216 987 5273 sed
1015 5216 1108 5271 illa
1136 5216 1297 5271 facies
1319 5215 1386 5271 de
1402 5231 1504 5285 qua
1533 5215 1732 5270 dictum
1760 5225 1843 5270 est
1869 5232 1884 5271 :

291 5309 530 5363 Accedite
567 5308 635 5363 ad
664 5324 781 5363 eum
808 5320 857 5365 st
887 5308 1281 5371 illuminamini,
1312 5316 1361 5361 et
1388 5307 1556 5361 vultus
1594 5309 1744 5361 vestri
1784 5323 1886 5361 non

292 5400 592 5455 erubescent
624 5399 800 5472 (Psal.
836 5415 1044 5467 χχχιιι,
1091 5398 1171 5471 6).
1219 5399 1487 5467 Sequitur,
1536 5406 1584 5453 et
1616 5399 1762 5467 panis
1802 5414 1889 5453 cor

292 5494 517 5549 hominis
547 5497 836 5563 conﬁrmet.
870 5495 1066 5550 Iterum
1096 5510 1183 5547 cor
1208 5492 1442 5562 ponitur,
1473 5502 1529 5546 ut
1557 5491 1888 5567 dictumgpro

293 5589 559 5658 sapientia
580 5592 867 5646 sentiatur.
896 5588 1030 5646 Nam
1066 5588 1112 5644 si
1141 5586 1497 5657 corporaliter
1526 5585 1660 5641 velis
1689 5585 1886 5639 adver-

296 5693 450 5752 tere,
488 5684 729 5756 nunquid
772 5686 921 5756 panis
957 5700 1043 5738 cor
1074 5683 1314 5751 hominis,
1346 5694 1452 5734 non
1493 5681 1655 5735 etiam
1686 5678 1889 5749 reliqua

299 5779 542 5834 membra
583 5780 890 5850 conﬁrmat?
933 5778 1062 5833 Nam
1086 5778 1289 5845 inSpice
1313 5775 1669 5843 proprietates
1695 5774 1889 5829 verbo-

302 5886 458 5942 rum,
484 5883 543 5928 ut
569 5874 683 5929 lucc
715 5889 901 5929 revera
927 5885 1220 5943 cognoscas
1254 5869 1318 5923 ad
1350 5869 1679 5923 intellectum
1710 5882 1889 5921 rerum

302 5967 481 6042 posita
521 5966 688 6026 fuisse
722 5965 1047 6026 calculum.
1085 5963 1161 6023 De
1190 5964 1306 6021 vitta
1338 5960 1503 6034 dicit,
1553 5957 1892 6034 lwtiﬁcatcar

1992 4852 2206 4904 semper
2245 4835 2529 4904 exquirere
2570 4848 2584 4886 :
2628 4832 2693 4886 ad
2743 4841 3069 4901 postremum
3118 4829 3285 4898 ipsius
3331 4827 3589 4897 templum

1990 4927 2147 4992 ﬁeri,
2197 4927 2349 4995 cujus
2399 4926 2683 4995 imaginem
2741 4922 2980 4979 conditio
3038 4923 3271 4977 humana
3323 4922 3582 4991 suscepit.

1992 5022 2250 5078 Ammnus
2272 5035 2458 5075 revera
2482 5020 2782 5089 paradisus,
2815 5019 2865 5072 in
2892 5031 2998 5086 quo
3029 5025 3175 5071 tanta
3210 5015 3403 5071 ﬂorent
3432 5028 3591 5086 poma

1997 5121 2273 5173 virtutum.
2306 5115 2396 5170 His
2426 5116 2567 5171 enim
2596 5114 2702 5169 tale
2732 5112 3065 5182 propositum
3099 5119 3211 5179 est,
3245 5110 3429 5166 hostes
3465 5124 3592 5166 suos

1996 5228 2104 5267 non
2128 5209 2439 5267 reluctando
2457 5210 2694 5273 vincere,
2710 5204 2802 5260 sed
2820 5205 3068 5274 patiendo
3086 5216 3362 5273 superare.
3380 5202 3562 5257 Trium
3576 5229 3594 5247 -

1994 5308 2134 5378 phus
2173 5305 2349 5359 omnis
2396 5301 2500 5357 illis
2529 5307 2612 5355 est
2643 5301 2697 5354 in
2728 5297 2927 5368 proprii
2953 5298 3198 5368 corporis
3225 5296 3506 5367 passione;
3542 5302 3595 5351 et
3621 5352 3627 5361 ,

1994 5409 2119 5456 tunc
2142 5395 2480 5452 adversarios
2501 5393 2795 5450 efﬁcaciter
2825 5395 3067 5457 vincunt,
3098 5391 3312 5461 quando
3341 5387 3594 5445 laudabili

1994 5496 2292 5550 humilitate
2314 5486 3117 5561 succumbuntlmssA.,B.,F.,
3134 5486 3367 5559 ﬂorent].
3389 5484 3594 5541 Revera

1992 5590 2191 5644 milites
2214 5584 2431 5651 Christi,
2449 5582 2539 5652 qui
2561 5581 2759 5637 nullam
2783 5582 3254 5653 praesumptionem
3274 5582 3325 5636 in
3350 5578 3595 5635 humanis

1992 5681 2194 5735 viribus
2221 5685 2443 5747 ponunt,
2464 5675 2559 5730 sed
2580 5675 2804 5729 adversa
2832 5675 3012 5729 omnia
3040 5674 3236 5728 virtute
3260 5671 3465 5727 Domini
3496 5683 3594 5723 su-

1995 5787 2184 5841 perare
2224 5785 2283 5825 se
2314 5781 2471 5838 posse
2509 5766 2806 5822 conﬁdunt.
2859 5765 2925 5821 ili
2949 5780 3068 5820 cum
3095 5766 3213 5819 aliis
3258 5778 3363 5817 non
3396 5760 3595 5816 habent

1991 5866 2187 5935 jurgia,
2211 5862 2305 5916 sed
2336 5876 2518 5917 secum
2548 5874 2764 5930 semper
2786 5860 2994 5929 litigant
3024 5875 3037 5912 :
3070 5859 3393 5912 miserentur
3423 5842 3593 5906 omnit-

1996 5957 2127 6026 bus,
2167 5955 2270 6013 sibi
2318 5954 2451 6016 solis
2504 5968 2616 6019 non
2664 5959 2926 6028 parcunt;
2977 5959 3033 6012 et
3074 5948 3282 6011 caelesti
3328 5945 3599 6020 chartis“
