4092 6344
503 383 600 441 735
1717 371 1786 426 Μ.
1828 367 2110 428 AURELII
2146 368 2547 427 CASSlODORI
3666 374 3763 435 735

498 498 785 566 ﬂammati,
814 496 954 553 bona
978 506 1101 565 quae
1121 489 1225 547 sibi
1243 490 1462 546 evenire
1489 489 1743 561 cupiunt,
1769 490 1890 545 aliis
1920 503 2072 545 com-
2098 491 2150 551 Δ
2177 489 2372 545 dentur
2394 505 2669 562 expressa,
2702 491 2768 547 ad
2790 499 3120 549 crementutu
3150 504 3330 549 rerum
3350 491 3420 550 de
3447 492 3689 550 Ecclesia
3714 504 3767 550 et

499 593 773 649 municare
794 585 1146 645 contendunt.
1178 584 1286 641 Sed
1329 596 1520 654 magna
1564 590 1649 638 cst
1675 582 1843 652 gloria
1886 581 1964 637 illi
1993 596 2080 636 ar-
2182 582 2249 638 de
2272 582 2392 652 ipso
2414 584 2641 641 Domino
2667 594 2879 643 constat
2902 601 3022 643 esse
3043 587 3411 658 subjunctum.

499 687 617 742 bori
641 686 730 741 ubi
772 683 929 738 nidus
970 682 1072 736 iste
1098 678 1478 750 compingitur.
1510 677 1707 734 Audiat
1734 678 1877 732 enim
1910 692 1942 731 a
1970 676 2079 732 Do-

501 778 646 833 mino
671 790 729 832 se
758 773 923 829 fuisse
950 772 1261 842 plantatum,
1288 771 1381 843 qui
1408 772 1513 827 tale
1542 772 1820 827 continere
1842 771 2081 826 noscitur

498 869 817 924 institutum.
860 865 1143 937 Sequitur,
1182 868 1358 933 fulica:
1401 865 1583 919 domus
1627 867 1733 920 dua:
1770 873 1843 920 est
1881 880 2081 919 eorum.

501 958 686 1015 Fulica
710 967 991 1016 mansueta
1012 960 1126 1015 avis
1145 967 1198 1015 et
1218 960 1369 1029 nigra
1395 969 1498 1026 est,
1528 968 1685 1016 anate
1710 958 1921 1028 quidem
1952 972 2082 1029 par-

501 1053 638 1119 vior,
659 1052 755 1111 sed
776 1052 1018 1122 corporis
1038 1051 1304 1122 positione
1323 1051 1644 1120 consimilis,
1660 1066 1780 1121 qua
1802 1052 1856 1105 in
1882 1050 2084 1122 stagnis

502 1142 885 1200 delectabiliter
910 1152 1295 1199 commoratur.
1334 1143 1457 1198 Haec
1485 1143 1552 1197 ad
1574 1141 1921 1212 baptizandos
1947 1142 2085 1198 bene

503 1234 754 1302 refertur,
776 1234 867 1304 qui
888 1234 940 1289 in
965 1233 1313 1290 sacratissimi
1337 1233 1497 1288 fontis
1520 1234 1692 1305 gratia
1715 1241 2084 1304 perseverant.

501 1326 707 1382 ﬂorum
735 1326 917 1397 itaque
938 1326 1263 1395 mansiones,
1294 1327 1348 1382 id
1372 1335 1457 1381 est
1484 1327 1821 1397 baptismatis
1845 1340 2088 1397 perseve-

504 1421 663 1487 ratio,
693 1420 801 1476 dux
825 1429 908 1477 est
929 1433 1207 1489 passerum
1238 1420 1329 1491 qui
1351 1420 1406 1476 in
1432 1420 1609 1476 cedris
1635 1418 1943 1485 nidiﬁcant;
1972 1418 2088 1474 sci-

466 1580 470 1584 ,
505 1510 628 1566 licet
652 1511 775 1581 quia
798 1510 1038 1567 omnium
1068 1511 1493 1567 Christianorum
1521 1526 1674 1567 sacer
1704 1509 1821 1567 fons
1850 1511 1956 1567 dux
1982 1518 2085 1578 est,

505 1601 633 1659 dum
658 1616 753 1658 eos
772 1601 841 1657 ad
864 1601 1121 1657 caelorum
1144 1617 1306 1673 regna
1328 1603 1589 1673 perducit.

574 1736 837 1794 VersJS.
866 1739 1070 1794 Montes
1090 1741 1274 1795 excelsi
1296 1741 1475 1807 cervis,
1504 1749 1647 1807 petra
1668 1741 1872 1814 [ms.G.
1900 1752 1954 1799 et
1975 1741 2087 1811 ed.,

508 1828 699 1901 pelue]
737 1832 993 1902 refugium
1030 1833 1319 1888 Iterinaciis.
1360 1833 1545 1888 Cervus
1588 1841 1673 1890 est
1719 1844 1798 1906 (ut
1834 1835 2088 1906 diximus)

508 1937 896 1980 venenosorum
934 1924 1260 1993 serpentium
1302 1938 1502 1988 vorax,
1549 1925 1767 1995 spinosa
1808 1928 2095 1981 transcen-

508 2017 660 2084 dens,
689 2025 742 2072 et
775 2030 985 2071 summa
1030 2015 1266 2087 agilitate
1300 2015 1555 2085 prteditus
1582 2056 1597 2083 ,
1637 2014 1879 2072 habitare
1919 2017 2095 2087 diligit

508 2107 563 2161 in
610 2106 884 2162 montibus
935 2106 1230 2161 altissimis.
1282 2105 1418 2162 Huic
1471 2106 1666 2164 merito
1715 2120 2096 2178 comparantur

470 2234 471 2241 η
508 2198 692 2255 ﬁdeles
715 2242 730 2267 ,
764 2200 856 2271 qui
894 2198 1163 2255 diabolum
1195 2204 1423 2266 vorant,
1452 2198 1665 2268 quando
1691 2199 1957 2269 nequitias
1978 2200 2097 2270 ejus

507 2294 573 2349 ad
610 2294 819 2348 Domini
857 2293 1071 2348 laudem
1113 2291 1446 2362 gloriamque
1479 2299 1829 2361 convertunt,
1864 2294 2097 2364 vitisque

474 2440 477 2441 ν
508 2386 664 2456 hujus
689 2385 869 2442 saeculi
892 2385 1042 2454 quasi
1074 2385 1257 2454 spinas
1287 2383 1427 2438 bona
1456 2386 1867 2451 conversatione
1897 2386 2093 2441 transi-

510 2479 671 2545 liunt;
711 2487 767 2534 et
811 2477 1052 2534 habitant
1098 2476 1151 2531 in
1198 2474 1508 2541 montibus,
1538 2475 1592 2531 id
1629 2488 1713 2531 est
1753 2478 2007 2547 apostolis
2043 2484 2099 2534 et

511 2569 816 2640 prophetis,
857 2570 952 2640 qui
990 2568 1191 2624 sanctis
1234 2567 1702 2638 pradicationibus
1742 2571 1856 2627 suis
1902 2572 1955 2627 in
1995 2572 2099 2629 hoc

508 2664 710 2719 mundo
742 2662 911 2718 solida
950 2660 1225 2718 cacumina
1269 2674 1390 2717 esse
1416 2672 1747 2720 meruerunt.
1782 2663 2097 2721 llerinacins

507 2768 640 2812 vero
667 2764 751 2811 est
779 2770 937 2826 quem
978 2767 1234 2812 vocamus
1276 2752 1535 2810 hericium
1560 2798 1576 2823 ,
1625 2758 1829 2813 animal
1874 2761 2097 2815 omnino

509 2847 775 2913 timidum,
800 2858 989 2904 natura
1020 2851 1335 2919 providente
1370 2863 1584 2920 semper
1612 2860 1910 2917 armatum;
1944 2852 2098 2921 cujus

508 2950 687 2998 cutem
733 2942 787 2997 in
814 2944 987 2999 vicem
1014 2954 1249 3001 setarum
1286 2945 1448 3002 sudes
1486 2945 1810 3000 acutissimte
1838 2944 2094 3000 densissi-

510 3050 718 3104 maeque
749 3037 1122 3094 communiunt
1154 3057 1168 3092 :
1211 3038 1298 3094 cui
1340 3048 1517 3094 tamen
1553 3053 1660 3094 non
1692 3037 1890 3093 sufﬁcit
1920 3038 2096 3093 nativa

510 3128 768 3192 munitio,
802 3128 895 3182 sed
926 3143 993 3183 ne
1028 3129 1205 3200 aliqua
1234 3129 1418 3185 fraude
1446 3130 1615 3199 possit
1650 3130 1919 3199 intercipi,
1951 3129 2093 3185 relu-

508 3216 651 3286 gium
678 3217 841 3273 habet
867 3233 1082 3290 semper
1100 3220 1155 3275 in
1191 3219 1357 3275 saxis.
1394 3219 1528 3275 Huic
1557 3229 1930 3290 competenter
1951 3231 2096 3291 apta-

509 3316 615 3374 tur,
639 3310 730 3379 qui
753 3311 987 3381 peccatis
1004 3313 1114 3367 suis
1140 3311 1381 3381 hispidus
1411 3312 1584 3368 lutura
1600 3312 1804 3383 judicia
1829 3324 2098 3383 metuens,

508 3407 715 3468 petram
747 3400 1018 3457 Christum
1050 3404 1416 3459 ﬁrmissimum
1444 3406 1684 3461 noscitur
1720 3405 1919 3462 habere
1947 3407 2101 3462 refu-

508 3495 673 3565 gium.
720 3495 910 3551 Merito
939 3509 1069 3567 ergo
1096 3496 1197 3553 ista
1225 3495 1477 3553 animalia
1511 3498 1643 3554 tales
1671 3499 1824 3556 nobis
1864 3501 2101 3558 indicant

508 3588 676 3655 viros,
703 3588 790 3659 qui
821 3604 1090 3660 nunquam
1111 3606 1217 3647 sea
1243 3590 1452 3647 Domini
1471 3592 1742 3649 soliditate
1767 3594 2097 3666 disiungunt.

509 3678 579 3734 Et
619 3680 743 3736 vide
772 3680 893 3751 quia
939 3699 1168 3752 passeres
1195 3684 1479 3740 cedrorum
1525 3684 1632 3739 alta
1673 3696 1895 3755 petunt;
1926 3688 2101 3757 fulicte

508 3784 762 3840 aquarum
793 3786 853 3828 se
890 3772 1220 3832 habitatione
1246 3774 1575 3843 defendunt;
1606 3778 1738 3831 cervi
1761 3786 1971 3835 montes
1998 3780 2098 3835 eli-

507 3878 669 3941 gunt;
697 3871 877 3927 hericii
905 3882 1177 3943 petrarum
1205 3889 1265 3931 se
1308 3874 1532 3931 tuitione
1574 3877 1964 3932 communiunt.
2009 3877 2099 3934 Sic

508 3974 605 4033 per
630 3962 875 4020 diversas
899 3980 1027 4021 aves
1049 3976 1208 4036 atque
1233 3966 1483 4022 animalia
1499 4008 1514 4034 ,
1542 3965 1969 4024 Christianorum
1996 3982 2098 4025 no-

510 4053 592 4111 bis
618 4054 742 4110 \ita:
781 4055 1063 4112 diversitas
1093 4056 1379 4114 indicatur.

580 4216 734 4273 Vers.
770 4217 854 4272 19.
891 4218 1035 4275 Fecit
1076 4222 1251 4275 lunam
1292 4221 1347 4274 in
1394 4229 1624 4290 tempora
1653 4224 1778 4295 [ms.
1806 4224 1871 4280 G.
1905 4232 1958 4279 et
1983 4222 2097 4291 ed.,

509 4304 785 4377 tempore];
816 4307 893 4360 sol
933 4310 1163 4376 cognovit
1193 4324 1428 4362 occasum
1452 4326 1619 4363 suum.
1652 4311 1729 4367 De
1762 4313 1991 4367 terrenis
2030 4311 2097 4367 ad

506 4396 750 4453 caelestia
782 4398 1063 4452 transitum
1092 4397 1246 4460 facit;
1272 4400 1367 4454 sed
1397 4409 1451 4455 et
1474 4401 1587 4471 ipsa
1613 4416 1824 4472 quoque
1850 4405 1950 4460 sub
1980 4404 2099 4473 qui-

507 4486 732 4543 busdam
779 4488 1132 4544 allusionibus
1177 4489 1504 4547 indicantur.
1555 4492 1705 4547 Luna
1755 4494 1915 4566 (sicut
1952 4511 2097 4568 saepe

506 4583 616 4650 jam
663 4581 925 4651 diximus)
954 4581 1220 4653 signiﬁcat
1256 4583 1553 4640 Ecclesiam
1580 4625 1598 4653 ,
1630 4601 1750 4654 quae
1789 4587 1843 4641 in
1889 4598 2096 4658 tempo-

2256 675 2407 733 Vers.
2432 677 2523 733 20.
2552 678 2781 735 Posuisti
2800 680 3052 748 tenebras,
3084 692 3129 736 et
3159 685 3297 753 facta
3316 690 3390 737 est
3412 698 3518 737 nox
3534 699 3555 748 ;
3578 684 3632 737 in
3657 700 3770 753 ipsa

2184 772 2559 841 pertransibunt
2579 790 2750 829 omnes
2780 775 2950 831 bestia:
2976 776 3239 833 silvarum.

2261 864 2413 921 Vers.
2461 865 2551 921 21.
2603 866 2773 922 Catuli
2816 869 3021 924 leonum
3063 870 3320 940 rugientes
3362 878 3420 924 ut
3456 870 3697 941 rapiant,
3728 879 3774 925 et

2185 966 2416 1027 quierant
2437 975 2468 1011 a
2498 957 2609 1013 Deo
2636 976 2804 1014 escam
2824 961 2940 1015 sibi.
2973 960 3070 1017 Hic
3099 961 3236 1017 duos
3273 977 3462 1018 versus
3500 962 3660 1016 simul
3687 976 3777 1016 so-

2186 1047 2448 1105 ciavimus
2469 1064 2569 1119 pro
2595 1051 2898 1107 necessaria
2940 1052 3289 1107 contextione
3331 1051 3642 1107 verborum.
3676 1050 3777 1105 Po-

2187 1142 2291 1197 suit
2315 1142 2461 1197 enim
2510 1143 2773 1213 tenebras,
2806 1142 3020 1214 quando
3051 1151 3291 1213 tempore
3334 1143 3594 1211 passionis
3630 1149 3777 1197 sexta

2190 1234 2321 1289 hora
2344 1236 2724 1292 obscuritatem
2755 1238 2985 1292 mundus
3019 1235 3249 1306 accepit.
3286 1234 3433 1289 Tunc
3460 1249 3646 1290 revera
3679 1249 3779 1288 nos

2191 1326 2329 1395 facta
2358 1336 2430 1380 est
2459 1326 2735 1397 discipulis
2772 1337 2932 1399 atque
2961 1328 3326 1393 credentibus,
3355 1325 3564 1396 quando
3589 1325 3780 1381 Petrus

2190 1418 2357 1473 anxio
2378 1433 2560 1474 errore
2590 1421 2845 1475 confusus
2868 1419 3112 1489 negando
3135 1419 3313 1485 tertio,
3336 1417 3456 1472 ﬁdei
3479 1415 3781 1484 perdiderat

2191 1511 2509 1567 claritatem.
2542 1511 2666 1566 Nox
2688 1526 2816 1583 ergo
2844 1520 2900 1567 et
2942 1511 3045 1565 illis
3084 1510 3215 1576 fuit,
3249 1511 3339 1580 qui
3379 1508 3671 1565 carnaliter
3701 1507 3782 1562 inv

2197 1605 2414 1673 tuendo,
2443 1606 2495 1661 in
2518 1606 2606 1664 illa
2629 1621 2792 1662 cruce
2812 1605 3084 1660 Christum
3106 1603 3242 1659 mori
3267 1603 3624 1659 communiter
3642 1600 3783 1656 testi-

2194 1696 2431 1755 mabant.
2464 1698 2519 1752 lu
2563 1698 2662 1753 hac
2689 1698 2869 1767 itaque
2900 1706 3045 1750 nocte
3091 1695 3262 1749 bestia:
3299 1694 3576 1758 silvarum,
3621 1691 3675 1746 id
3703 1696 3781 1748 est

2195 1789 2484 1857 daemonia,
2514 1799 2570 1845 et
2598 1790 2757 1844 catuli
2780 1790 3001 1854 leonum,
3029 1801 3162 1857 quos
3174 1785 3381 1849 diaboli
3407 1792 3663 1854 corrupta
3686 1798 3782 1841 vo-

2119 1879 2169 1939 B
2196 1884 2401 1939 luntate
2418 1890 2736 1954 genuerunt,
2755 1880 2820 1936 ad
2835 1880 3236 1936 devorationem
3256 1887 3561 1948 qurerentes
3580 1877 3782 1949 aliquos

2197 1977 2475 2044 exierunt,
2508 1986 2566 2031 ut
2591 1990 2770 2031 escam
2798 1973 3017 2029 malitia:
3043 1987 3156 2029 suae
3184 1973 3572 2044 (permittente
3611 1982 3784 2028 tamen

2198 2071 2451 2141 Domino)
2480 2070 2798 2141 reperirent.
2830 2068 2974 2124 Nihil
3002 2067 3142 2124 enim
3172 2083 3201 2121 a
3237 2080 3508 2137 quoquam
3547 2065 3663 2119 ﬁeri
3690 2079 3783 2135 po-

2200 2170 2319 2228 test,
2354 2163 2455 2217 nisi
2497 2161 2639 2232 quod
2668 2162 2783 2230 ipse
2818 2168 3027 2216 secreto
3059 2156 3265 2227 judicio
3294 2165 3387 2211 aut
3422 2156 3491 2211 ad
3523 2155 3783 2224 probatio-

2198 2268 2320 2310 nem
2342 2295 2355 2319 ,
2384 2261 2473 2308 aut
2510 2253 2575 2307 ad
2618 2252 2904 2307 vindictam
2955 2249 3269 2309 iaciendum.
3300 2262 3422 2303 esse
3460 2247 3785 2318 permiserit.

2199 2348 2368 2403 Catuli
2400 2348 2541 2403 enim
2564 2347 2695 2402 dicti
2715 2354 2839 2402 sunt
2859 2360 2923 2402 eo
2947 2345 3090 2415 quod
3117 2343 3348 2400 calleant
3369 2357 3529 2398 sensu
3556 2343 3786 2398 narium.

2198 2440 2310 2494 Nec
2335 2448 2550 2496 moveat
2597 2439 2739 2510 quod
2771 2439 3018 2509 superius
3050 2438 3290 2493 diximus
3320 2436 3505 2492 bestias
3542 2437 3785 2492 siluarum

2200 2530 2572 2587 multitudines
2599 2531 2767 2600 accipi
2795 2530 2993 2586 debere
3024 2528 3339 2595 nationum;
3372 2536 3421 2584 et
3450 2528 3541 2584 hic
3578 2529 3784 2585 videtur

2198 2622 2504 2693 signiﬁcare
2518 2622 2789 2678 diabolum
2809 2636 2931 2677 cum
2955 2621 3239 2688 ministris,
3262 2620 3478 2691 quando
3505 2619 3634 2693 [ed.,
3658 2636 3785 2691 quo-

2200 2712 2366 2784 niam]
2396 2714 2498 2769 iSle
2526 2714 2578 2768 in
2610 2713 2902 2782 Scripturis
2925 2712 3122 2769 divinis
3144 2711 3507 2767 creberrimus
3528 2726 3659 2767 usus
3686 2722 3785 2780 est,

2202 2814 2253 2856 ul
2287 2781 2390 2858 una
2436 2818 2524 2858 res
2570 2781 2815 2873 personis
2856 2801 2957 2856 sibi
3004 2800 3432 2873 discrepantibus
3470 2802 3785 2873 applicetur,
3814 2781 3835 2797 ⁸

2199 2896 2338 2951 sicut
2365 2896 2433 2952 de
2462 2906 2645 2952 monte
2672 2895 2903 2951 diximus
2923 2903 2978 2950 et
2996 2895 3173 2953 leone.

2277 2997 2425 3052 Vers.
2448 2997 2545 3051 22.
2580 2996 2737 3050 Ortus
2763 3003 2839 3049 est
2856 2996 2954 3063 sol,
2980 3005 3027 3051 et
3047 2996 3337 3068 congregati
3361 3002 3509 3059 sunt;
3536 3002 3584 3048 et
3613 2994 3669 3047 in
3696 3008 3784 3047 eu-

2201 3089 2384 3144 bilibus
2422 3090 2529 3143 suis
2559 3105 2613 3144 se
2640 3087 2983 3153 collocabant.
3030 3087 3162 3143 Cum
3205 3088 3260 3143 in
3292 3087 3540 3158 passione
3578 3085 3787 3142 Domini

2204 3185 2354 3239 facta:
2381 3182 2610 3239 fuissent
2638 3184 2901 3252 tenebras,
2929 3184 3202 3240 daemones
3227 3183 3294 3240 ad
3319 3198 3499 3239 escam
3527 3183 3627 3239 sibi
3646 3197 3785 3253 qure-

2127 3248 2174 3313 c
2204 3277 2446 3343 rendam,
2479 3276 2824 3346 permittente
2846 3248 3091 3344 Domino,
3124 3285 3487 3347 proruperunt
3516 3292 3533 3331 :
3564 3248 3689 3348 quia
3712 3276 3787 3330 in.

2202 3367 2389 3424 venire
2449 3376 2696 3437 poterant
2756 3368 2920 3423 corda
2981 3368 3343 3424 titubantium.
3400 3368 3556 3425 Tunc
3615 3378 3788 3423 autem

2201 3459 2416 3530 quando
2440 3470 2577 3516 ortus
2606 3470 2678 3516 est
2706 3461 2804 3526 sol,
2835 3460 2889 3515 id
2915 3470 2999 3517 est
3022 3460 3364 3517 Resurrectio
3392 3470 3583 3517 sancta
3610 3461 3787 3517 decla-

2201 3561 2315 3608 rata
2340 3562 2445 3619 est,
2473 3554 2526 3607 in
2558 3552 2894 3623 majestatem
2935 3552 3054 3623 ejus
3085 3552 3307 3610 minime
3346 3555 3706 3623 sustinentes,
3738 3555 3789 3611 in

2201 3645 2312 3701 suis
2332 3659 2392 3701 se
2414 3644 2607 3716 trepidi
2636 3644 2900 3700 cubilibus
2921 3644 3262 3715 abdiderunt,
3291 3646 3347 3701 id
3367 3655 3451 3702 est
3471 3647 3523 3703 in
3552 3649 3787 3718 pertina-

2201 3740 2342 3795 cium
2374 3739 2679 3808 pectoribus
2701 3739 3064 3807 collocarunt;
3095 3749 3157 3796 ut
3185 3739 3311 3811 quia
3333 3742 3543 3796 cunctis
3565 3741 3789 3799 suadere

2200 3846 2308 3885 non
2339 3838 2605 3901 poterant,
2637 3830 2828 3887 saltem
2867 3844 3001 3902 quos
3043 3831 3390 3901 deceperant,
3431 3832 3785 3903 possiderent.

2201 3921 2299 3979 Sol
2319 3923 2462 3979 enim
2487 3922 2661 3979 dictus
2687 3935 2797 3994 est,
2841 3923 2983 3994 quod
3021 3925 3168 3980 solus
3193 3924 3270 3981 ita
3311 3925 3484 3993 lucet,
3532 3934 3589 3978 ut
3627 3940 3695 3980 ex
3720 3938 3787 3980 eo

2198 4015 2315 4073 dies
2348 4017 2458 4072 tiat.

2271 4111 2427 4169 Vers.
2474 4111 2567 4167 25.
2595 4110 2747 4167 Exiet
2774 4110 2795 4184 [
2818 4127 2948 4168 mss.
2981 4113 3074 4181 A.,
3118 4112 3202 4180 8.,
3231 4112 3319 4181 ἢ,
3350 4110 3515 4183 Exin]
3543 4112 3698 4166 homo
3725 4112 3790 4164 ad

2199 4203 2327 4274 opus
2348 4220 2529 4271 suum,
2570 4212 2619 4258 et
2644 4205 2714 4258 ad
2744 4205 3087 4275 operationem
3129 4222 3277 4260 suam
3304 4222 3463 4276 usque
3504 4205 3573 4259 ad
3612 4221 3787 4273 vespe-

2197 4310 2332 4350 ram.
2355 4295 2616 4363 Quoniam
2648 4296 2894 4365 superius
2936 4297 3148 4352 dixerat
3188 4305 3364 4354 ortum
3414 4298 3623 4363 solem,
3665 4312 3786 4353 cou-

2198 4395 2453 4457 gruenter
2501 4386 2746 4456 adjunxit
2787 4402 3224 4458 unumquemque
3271 4388 3550 4443 hominum
3593 4390 3647 4443 in
3696 4389 3785 4444 hac

2197 4479 2304 4532 vita
2348 4478 2532 4549 egredi
2582 4478 2649 4532 ad
2697 4493 2822 4534 suas
2868 4493 3063 4548 operas
3102 4479 3451 4535 exercendas.
3497 4480 3602 4535 lste
3650 4480 3786 4535 enim

2198 4583 2326 4624 usus
2357 4580 2435 4625 est
2460 4570 2793 4638 mortalium,
2814 4579 2874 4625 ut
2893 4570 3127 4640 quandin
3151 4569 3206 4625 in
3233 4570 3337 4626 hoc
3356 4571 3557 4626 mundo
3582 4587 3784 4637 sumus,

506 4636 524 4650 .
907 4636 921 4651 ,
1003 4636 1034 4653 υ
1100 4636 1105 4637 κ
1260 4636 1598 4653 τ-ε---νπι
1633 4636 1747 4654 τ--ν
1892 4636 2065 4658 --ητν

506 4673 653 4729 ribus
677 4673 814 4730 facta
843 4683 926 4730 est
947 4715 962 4739 ,
994 4674 1208 4744 quando
1243 4690 1361 4731 eam
1401 4676 1571 4731 minui
1600 4677 1863 4748 contingit
1895 4689 1950 4733 et
1979 4694 2091 4736 cre-

2202 4660 2452 4717 veniente
2480 4660 2567 4716 die
2588 4662 2918 4717 diversarum
2950 4662 3220 4718 actionum
3246 4661 3596 4733 qualitatibus
3625 4678 3785 4719 occu-

503 4778 684 4829 scere;
710 4780 828 4833 qua
867 4772 1043 4820 tamen
1074 4765 1152 4822 sic
1179 4767 1437 4822 minuitur
1463 4808 1479 4834 ,
1508 4776 1565 4822 ut
1592 4782 1808 4839 semper
1835 4770 2095 4828 redeunte

504 4854 663 4927 351
690 4856 994 4927 integritate
1019 4865 1317 4926 reparetur.
1347 4857 1525 4913 Solem
1567 4873 1695 4915 vero
1740 4860 1795 4914 in
1834 4859 1937 4916 hoc
1974 4861 2094 4919 loco

504 4946 699 5000 merito
720 4948 1011 5017 accipimus
1037 4949 1320 5004 Dominum
1343 4949 1700 5019 Salvatorem,
1726 4950 1794 5006 de
1812 4967 1918 5022 quo
1940 4952 2092 5022 impii

503 5037 556 5092 in
582 5036 686 5092 line
712 5040 890 5093 mundi
917 5040 1110 5096 dicturi
1136 5048 1262 5096 sunt
1290 5057 1305 5095 :
1338 5040 1632 5096 Errauimus
1668 5059 1700 5096 a
1727 5044 1807 5098 via
1831 5045 2082 5112 veritatis,

504 5135 547 5180 cl
564 5128 784 5197 justitia:
821 5128 990 5183 lumen
1019 5145 1117 5184 non
1147 5131 1280 5185 luxit
1308 5130 1450 5184 nobis
1470 5172 1484 5196 ,
1515 5140 1561 5185 et
1599 5133 1677 5186 sol
1706 5148 1808 5187 non
1847 5143 1985 5188 ortus
2015 5141 2089 5188 est

501 5219 645 5272 nobis
675 5217 826 5290 (Sap.
855 5236 908 5285 v,
936 5219 1014 5290 6).
1038 5222 1188 5287 Quod
1219 5222 1403 5293 utique
1438 5222 1504 5278 de
1544 5223 1646 5278 isto
1674 5222 1790 5279 sole
1815 5227 2086 5282 communi

501 5325 607 5365 non
640 5318 847 5378 poterat
876 5311 1010 5376 dici,
1047 5313 1262 5381 quando
1303 5314 1561 5383 scriptum
1598 5324 1682 5369 est
1732 5332 1746 5369 :
1800 5315 1900 5381 Qui
1927 5318 2086 5371 solem

502 5415 651 5453 suum
681 5402 806 5454 oriri
834 5401 958 5471 facit
994 5417 1147 5470 super
1181 5402 1335 5457 bonos
1364 5414 1411 5457 et
1440 5404 1605 5459 malos
1641 5403 1855 5477 (Matth.
1882 5420 1934 5472 v,
1964 5405 2080 5476 45).

500 5488 607 5547 lste
635 5505 762 5561 ergo
792 5494 1025 5563 cognovit
1050 5509 1285 5547 occasum
1315 5510 1481 5561 suum,
1515 5495 1564 5549 id
1595 5504 1697 5562 est,
1719 5496 1943 5566 gloriam
1971 5510 2084 5550 sua:

500 5587 765 5657 passionis
795 5590 1031 5658 agnovit,
1066 5603 1185 5642 cum
1216 5588 1329 5643 suis
1360 5590 1635 5660 discipulis
1659 5592 1860 5645 diceret
1889 5608 1901 5643 :
1934 5590 2084 5645 Venit

502 5679 660 5748 hora,
690 5690 737 5735 et
768 5679 939 5736 Filius
968 5682 1190 5735 hominis
1216 5684 1445 5736 tradetur
1475 5684 1526 5736 in
1556 5701 1737 5738 manus
1767 5695 2083 5755 peccatorum

501 5772 692 5842 (Marc.
721 5790 829 5843 xtv,
854 5774 965 5845 41).
991 5773 1180 5830 Merito
1201 5788 1331 5845 ergo
1358 5784 1475 5843 post
1498 5775 1583 5829 illa
1609 5791 1805 5845 genera
1827 5777 2085 5833 Christia-

498 5877 691 5951 norum
711 5906 730 5940 ,
760 5882 878 5941 qua:
904 5866 1148 5941 superius
1174 5881 1274 5943 per
1314 5865 1561 5943 diversas
1594 5867 1974 5941 signiﬁCantias
1998 5871 2079 5931 vi-

2200 4768 2418 4824 pemur;
2452 4767 2589 4808 unus
2613 4754 2759 4809 enim
2785 4767 2972 4825 agrum
2999 4753 3149 4822 colit,
3177 4754 3314 4809 alter
3336 4768 3397 4809 se
3435 4754 3595 4809 bellis
3636 4769 3782 4810 exer-

2200 4855 2316 4913 cet,
2344 4847 2441 4903 iste
2468 4845 2645 4913 discit,
2676 4846 2765 4903 ille
2805 4847 2997 4914 docet;
3051 4848 3296 4903 nonnulli
3339 4856 3587 4918 regnant,
3636 4848 3785 4903 multi

2198 4940 2469 5006 serviunt;
2502 4947 2557 4995 et
2581 4939 2840 5011 quidquid
2881 4938 3087 5012 fragilis
3117 4939 3419 4996 mortalitas
3447 4940 3586 5011 agit,
3615 4955 3785 5011 uespe-

2192 5048 2277 5099 ra,
2310 5032 2362 5087 id
2393 5041 2476 5087 cst
2500 5033 2682 5089 saeculi
2714 5034 2819 5088 ﬁne
2856 5032 3109 5102 probatur
3132 5034 3401 5089 concludi.

2266 5122 2422 5179 Vers.
2453 5123 2544 5179 24.
2580 5124 2749 5190 Quam
2797 5126 3126 5196 magniﬁcam
3162 5134 3281 5180 sunt
3308 5142 3460 5198 opera
3507 5135 3627 5194 tua,
3675 5126 3785 5181 Do-

2193 5217 2361 5271 mine!
2389 5218 2633 5272 omniain
2662 5218 2912 5290 sapientia
2937 5219 3136 5289 fecisti;
3154 5220 3350 5285 repleta
3381 5228 3456 5273 est
3485 5230 3623 5275 terra
3648 5236 3784 5273 crca.

2193 5319 2311 5363 tura
2340 5318 2449 5365 tua.
2474 5309 2600 5365 Post
2625 5309 3087 5367 enumerationem
3109 5310 3385 5381 ﬁguratam
3406 5326 3605 5377 rerum,
3635 5310 3782 5366 ﬁdei-

2193 5418 2297 5474 que
2346 5412 2540 5459 nostrtc
2597 5415 2810 5459 narrata
2867 5403 3162 5474 mysteria,
3210 5402 3357 5458 venit
3402 5402 3669 5472 propinata
3715 5400 3781 5455 ad

2192 5499 2409 5553 modum
2455 5501 2785 5563 secundum,
2829 5497 2919 5553 ubi
2954 5498 3137 5554 laudes
3183 5505 3432 5567 paternas
3476 5504 3599 5565 post
3639 5504 3779 5551 tanta

2191 5590 2446 5645 miracula
2511 5590 2892 5645 convenienter
2948 5589 3232 5657 exclamat.
3296 5586 3533 5643 Dicendo
3597 5591 3778 5653 enim,

2195 5682 2388 5748 Quam,
2414 5682 2665 5737 admirari
2695 5699 2754 5738 se
2785 5697 2942 5753 posse
2963 5684 3131 5753 magis
3157 5699 3314 5753 quam
3346 5684 3617 5750 explicare
3650 5699 3775 5754 pro-

2189 5772 2364 5828 fessus
2389 5783 2491 5830 est.
2538 5774 2605 5829 Et
2635 5775 2823 5830 merito
2861 5776 2941 5830 sic
2969 5784 3142 5845 coepta
3170 5784 3253 5830 est
3291 5775 3408 5830 laus
3436 5775 3585 5844 ejus,
3625 5774 3776 5844 cujus

2191 5866 2463 5945 praeconia
2498 5866 2651 5944 nulla,
2683 5866 3010 5937 sufﬁcienter
3030 5867 3289 5942 praevalet
3308 5867 3584 5939 complere
3616 5880 3776 5943 creas
