4092 6344
255 311 353 368 ’157

1201 309 1568 370 EXPOSlTlO
1610 311 1676 368 ΙΝ
1717 310 2171 370 PSALTERIUM.
2214 310 2409 370 PSAL.
2450 310 2583 370 Clll.

3429 310 3550 378 758,

254 438 392 486 tura.
423 425 555 482 Nam
584 441 690 484 non
717 428 895 485 solum
925 428 1026 485 hoc
1048 428 1354 486 hominibus
1374 430 1621 497 arduum,
1657 445 1844 486 verum
1872 435 1926 494 Α
1950 427 2220 496 Christus,
2251 432 2342 502 qui
2366 431 2412 486 si
2442 446 2472 485 a
2501 429 2844 487 credentibus
2873 431 3157 494 excitetur,
3188 427 3316 486 dicit
3341 431 3537 488 imma-

255 523 412 578 etiam
472 521 603 591 ipsis
662 538 871 592 quoque
922 524 1125 594 angelis
1180 523 1436 594 probatur
1497 526 1837 580 immensum.

254 617 517 684 Quantum
542 617 685 670 enim
717 614 1054 686 magniﬁcata
1091 617 1196 671 sint
1216 632 1378 687 opera
1406 617 1554 686 ejus,
1587 619 1844 674 inferiora

254 710 546 766 declarant.
575 709 825 781 Sequitur
863 712 1002 768 enim
1025 752 1040 778 ,
1071 713 1244 765 omnia
1287 712 1340 766 in
1386 713 1635 781 sapientia
1659 714 1844 783 fecisti.

254 801 356 858 ista
388 802 549 871 igitur
577 803 831 870 sapientia
856 804 1024 859 Filius
1045 812 1150 872 est,
1177 805 1316 860 sicut
1345 803 1476 860 dicit
1505 806 1794 869 Apostolus
1828 823 1841 858 :

255 891 511 946 Christum
557 890 654 947 Dei
699 893 934 949 virtutem
974 903 1021 948 et
1072 893 1168 949 Dei
1211 896 1538 964 sapientiam,
1574 912 1662 964 per
1699 913 1847 966 quem

255 985 430 1038 omnia
459 987 596 1052 facta
613 993 757 1051 sunt,
788 1002 830 1039 ei
856 986 962 1039 sine
991 987 1103 1056 ipso
1123 986 1314 1054 factum
1342 995 1415 1039 est
1438 987 1569 1040 nihil
1591 987 1639 1058 (I
1663 987 1782 1042 Cor.
1804 1003 1843 1055 ι,

253 1074 356 1139 24;
385 1073 544 1128 Joan.
577 1090 615 1142 ι,
644 1076 679 1130 5
701 1075 742 1146 ).
787 1076 851 1131 Et
892 1086 950 1131 ut
980 1074 1428 1147 'cooperationem
1476 1079 1590 1147 ejus
1634 1079 1848 1135 virtutis

257 1165 277 1238 [
306 1165 416 1232 ed.,
449 1165 850 1238 virtutemque]
879 1168 1217 1234 ostenderet,
1248 1167 1393 1222 Patri
1429 1167 1556 1223 dicit
1590 1179 1848 1239 operante

256 1257 392 1312 Filio
423 1275 436 1310 :
469 1257 550 1312 Tu
573 1259 759 1329 fecisti.
790 1260 901 1316 Hoc
920 1261 1079 1315 etiam
1103 1269 1158 1316 et
1180 1262 1246 1317 de
1267 1261 1468 1330 Spiritu
1493 1272 1680 1318 sancto
1702 1264 1844 1319 idem

254 1350 330 1404 ait
372 1351 708 1418 Apostolus:
757 1351 942 1406 Omnia
989 1361 1291 1424 cooperatur
1347 1370 1479 1408 unus
1519 1364 1668 1424 atque
1712 1355 1847 1410 idem

254 1441 515 1509 Spiritus,
548 1444 780 1498 dividens
807 1446 1025 1518 singulis
1054 1457 1202 1514 prout
1241 1447 1346 1501 vult
1373 1447 1424 1519 (Ι
1458 1448 1577 1504 Cor.
1607 1465 1700 1516 xu,
1732 1449 1843 1522 11).

255 1532 411 1590 Unde
440 1534 596 1589 datur
645 1535 820 1607 colligi
851 1536 998 1609 [ed.,
1041 1538 1306 1611 intelligi]
1354 1540 1496 1610 quod
1537 1544 1848 1612 cooperatio

254 1636 458 1681 sanctae
487 1625 764 1682 Trinitatis
795 1630 878 1684 his
899 1632 1164 1700 exemplis
1183 1633 1463 1688 evidenter
1487 1636 1657 1704 possit
1682 1649 1850 1706 agno-

253 1716 354 1771 sci.
385 1715 618 1782 Addidit,
651 1718 841 1787 repleta
872 1729 945 1773 est
977 1730 1113 1774 terra
1159 1732 1393 1776 creatura
1421 1725 1544 1792 Itua.
1586 1725 1848 1797 Nonqui-

1949 522 2186 578 nissimae
2205 525 2534 593 tempestati,
2558 533 2616 578 ut
2635 524 2892 594 quiescat,
2915 533 2968 579 et
2989 523 3237 592 quiescit.
3258 522 3536 594 Sequitur,

1950 614 2107 667 draco
2134 616 2225 668 iste
2250 631 2398 683 quem
2419 618 2660 684 formasti
2683 617 2750 670 ad
2779 615 3098 671 illudendum
3117 616 3188 672 ei.
3217 614 3314 669 Hic
3352 625 3541 687 aperte

1952 707 2227 763 diabolum
2277 710 2571 779 signiﬁcat,
2598 711 2686 782 qui
2733 725 2860 766 vere
2903 712 3059 764 draco
3101 709 3296 764 dicitur
3321 715 3540 779 propter

1949 813 2216 855 venenum
2251 800 2393 870 quod
2436 801 2561 857 Eva:
2606 803 2794 872 prima:
2835 801 3047 858 mulieri
3095 799 3373 870 pestiferis
3411 812 3537 855 sua-

1950 890 2195 948 sionibus
2226 892 2524 962 inspiravit.
2557 893 2662 949 Iste
2706 905 2919 950 creatus
2962 893 3135 948 bonus
3183 900 3287 958 est,
3318 892 3459 947 sicut
3484 890 3540 946 in

1950 981 2147 1038 Genesi
2171 983 2386 1054 legitur,
2416 981 2565 1040 Fecit
2607 985 2747 1040 Deus
2789 988 2956 1040 omnia
2992 985 3140 1040 valde
3165 985 3298 1039 bona
3324 983 3476 1055 (Gen.
3497 999 3535 1049 ι,

1951 1075 2081 1146 3t);
2114 1077 2207 1131 sed
2233 1086 2513 1147 postquam
2543 1092 2639 1134 sua
2669 1080 2943 1135 voluntate
2972 1081 3237 1149 peccavit,
3267 1093 3297 1132 a
3325 1077 3436 1136 Deo
3465 1079 3537 1134 ita

1947 1167 2205 1225 formatus
2226 1178 2332 1235 est,
2364 1180 2420 1225 ut
2442 1171 2486 1224 ei
2513 1172 2817 1226 illuderetur
2837 1173 2904 1227 ab
2927 1173 3156 1243 angelis,
3177 1176 3394 1242 quando
3417 1187 3540 1243 pro-

1946 1268 2070 1330 pter
2095 1261 2479 1318 exsecrabilem
2509 1265 2918 1331 perversitatem
2943 1265 3120 1320 nativa
3143 1264 3400 1334 dignitate
3428 1269 3538 1336 pri-

1949 1362 2102 1408 vatus
2127 1363 2228 1408 est.
2257 1353 2348 1408 Sic
2376 1355 2521 1408 enim
2556 1355 2682 1409 dicit
2711 1355 2969 1410 Dominus
2999 1355 3053 1409 in
3083 1355 3219 1412 libro
3241 1357 3343 1413 Job
3369 1376 3381 1412 :
3414 1358 3538 1414 Non

1949 1456 2020 1500 est
2047 1446 2322 1516 quidquam
2352 1447 2518 1501 simile
2542 1451 2587 1502 ei
2621 1448 2817 1516 factum
2844 1465 2995 1518 super
3021 1460 3208 1505 terram
3257 1451 3395 1522 (Job
3423 1470 3535 1522 xu,

1948 1537 2061 1607 24).
2089 1537 2169 1590 Ad
2189 1538 2510 1592 illudendum
2531 1539 2598 1603 ei,
2626 1539 2692 1594 ab
2716 1539 2917 1608 angelis
2939 1541 3095 1595 meis.
3121 1541 3374 1595 Illuditar
3393 1547 3537 1600 enim

1950 1628 1998 1680 ei
2022 1625 2090 1681 ab
2116 1627 2318 1696 angelis
2346 1627 2463 1692 Dei,
2497 1629 2612 1684 sive
2641 1643 2736 1697 per
2756 1629 3086 1698 jusrissimas
3118 1630 3533 1701 increpationes,

1951 1723 2010 1770 ut
2031 1716 2120 1784 qui
2149 1725 2364 1771 creatus
2389 1727 2470 1772 est
2490 1718 2557 1771 ad
2575 1718 2894 1787 obsequium
2923 1718 3155 1786 Domini,
3182 1720 3342 1776 ltedis
3362 1723 3540 1778 videav

253 1812 380 1867 dem
410 1811 672 1867 similibus
702 1814 865 1870 rebus
895 1815 1090 1885 ubique
1123 1825 1264 1871 terra
1299 1819 1562 1887 completa
1595 1828 1704 1888 est,
1750 1821 1847 1878 sed

1955 1815 2038 1861 tur
2083 1809 2525 1876 perversitatibus
2567 1809 2849 1879 implicari.
2900 1809 3026 1866 Sive
3067 1812 3237 1882 magis
3280 1812 3541 1882 illuditur,

256 1911 438 1957 tamen
468 1905 729 1972 quamvis
770 1920 984 1963 eremus
1023 1917 1243 1979 pr0pter
1286 1909 1415 1966 solis
1443 1911 1721 1977 ardorem,
1764 1915 1855 1970 vel

255 2004 481 2064 propter
519 1996 744 2052 nimium
777 1998 945 2070 frigus
971 2002 1342 2058 animantibus
1390 2018 1591 2059 vacuus
1620 2019 1743 2062 esse
1777 2007 1856 2061 vi-

255 2085 472 2152 deatur,
505 2089 913 2162 quibuscunque
954 2101 1134 2149 tamen
1181 2096 1342 2150 rebus
1367 2107 1614 2151 creatura
1644 2097 1855 2154 Domini

255 2187 406 2233 terra
434 2180 699 2249 completa
739 2191 843 2238 est.
875 2183 1000 2239 Sive
1027 2186 1198 2256 magis
1225 2186 1355 2240 illud
1395 2187 1554 2242 debet
1584 2188 1806 2257 intelligi
1837 2207 1850 2242 :

254 2267 387 2336 quia
429 2277 664 2324 creatura
703 2270 978 2342 religionis
1025 2275 1339 2341 catholicae,
1390 2291 1549 2345 quam
1597 2277 1854 2334 Dominus

254 2356 508 2413 Salvator
537 2361 784 2429 instituit,
809 2365 972 2419 omnis
993 2373 1129 2420 terra
1153 2366 1347 2435 repleta
1371 2377 1466 2432 est,
1501 2369 1715 2437 quando
1738 2371 1856 2426 uni-

252 2451 487 2506 versalis
517 2453 743 2510 Domino
764 2456 1001 2512 deservit
1025 2458 1284 2514 Ecclesia.
1312 2460 1388 2515 De
1412 2462 1525 2530 ipsa
1553 2463 1696 2517 enim
1725 2464 1856 2520 dicit

253 2544 548 2613 Apostolus
582 2563 595 2598 :
629 2547 689 2602 Si
719 2565 816 2617 qua
843 2566 960 2620 ergo
989 2553 1041 2604 in
1082 2551 1285 2606 Christo
1316 2569 1442 2607 nova
1470 2564 1705 2610 creatura
1747 2568 1853 2623 est;

248 2644 425 2690 vetera
446 2641 780 2705 transierunt,
803 2657 915 2695 ecce
937 2646 1075 2713 facta
1117 2653 1235 2697 sunt
1264 2646 1433 2698 omnia
1465 2662 1590 2699 nova
1621 2645 1706 2715 (II
1733 2646 1853 2701 Cor.

248 2743 304 2795 ν,
347 2729 458 2796 17).
493 2729 560 2784 Et
585 2731 707 2785 alibi
743 2748 755 2783 :
807 2732 1063 2787 Exuentes
1093 2750 1177 2788 vos
1203 2745 1414 2789 veterem
1459 2737 1713 2789 hominem
1741 2753 1855 2790 cum

247 2822 460 2877 actibus
484 2822 613 2887 suis,
646 2823 842 2876 induite
869 2839 1076 2890 novum,
1107 2825 1195 2893 qui
1220 2826 1500 2879 secundum
1527 2825 1691 2879 Deum
1716 2845 1857 2880 crea-

250 2921 341 2966 tus
370 2921 445 2964 est
487 2911 540 2963 in
575 2913 779 2981 justitia
807 2914 826 2983 (
852 2913 1038 2984 Ephes.
1087 2931 1169 2982 IV,
1200 2915 1292 2980 22,
1335 2915 1404 2972 24
1428 2916 1466 2987 ).
1502 2917 1620 2986 Ipsa
1655 2919 1857 2974 scilicet

252 3010 508 3058 creatura
539 3009 679 3056 totus
701 3004 847 3059 orbis
876 3005 1130 3074 impletus
1164 3016 1278 3071 est;
1313 3007 1455 3062 unde
1481 3018 1532 3062 et
1555 3009 1690 3063 alius
1715 3011 1857 3079 psal-

254 3107 383 3148 mus
413 3092 543 3147 dicit
574 3110 588 3146 :
621 3094 689 3147 Et
731 3095 1074 3149 dominabitur
1101 3113 1135 3149 a
1161 3099 1289 3151 mari
1318 3113 1477 3168 usque
1511 3099 1580 3152 ad
1610 3116 1774 3167 mare,
1807 3110 1855 3155 et

1963 1901 2182 1970 quando
2212 1901 2262 1956 ei
2291 1903 2484 1957 anima:
2531 1904 2903 1962 conﬁtentium
2949 1904 3176 1973 imperio
3203 1919 3436 1974 superno
3479 1905 3544 1960 de

1959 1991 2259 2059 perniciosa
2281 2001 2548 2060 potestate
2595 1992 2879 2048 tolluntur.
2927 1991 3185 2046 Illuditur
3230 1995 3391 2049 etiam
3436 2004 3489 2051 et
3516 2010 3538 2048 a

1958 2081 2204 2138 ﬁdelibus
2231 2083 2360 2137 viris
2378 2123 2391 2148 ,
2417 2083 2542 2138 dum
2569 2084 2834 2139 incentiva
2883 2085 3130 2138 vitiorum
3157 2083 3274 2154 ejus
3311 2085 3545 2141 detesta-

1962 2173 2057 2228 bili
2089 2174 2314 2230 horrore
2341 2175 2630 2246 refugiunt.
2660 2176 2829 2232 Audis
2860 2178 3151 2240 draconem,
3177 2177 3271 2231 sed
3297 2190 3404 2232 non
3434 2192 3541 2232 om-

1958 2266 2086 2320 nino
2116 2267 2307 2322 timeas
2337 2275 2612 2333 atrocem;
2663 2269 2740 2323 sic
2784 2269 2928 2322 enim
2982 2267 3239 2322 formatus
3277 2277 3382 2335 est,
3415 2277 3473 2323 ut
3495 2269 3545 2326 el

1958 2357 2221 2413 beneﬁcio
2246 2359 2459 2414 Domini
2484 2369 2542 2415 et
2570 2359 2637 2414 ab
2659 2359 2787 2429 ipsis
2813 2375 3029 2430 quoque
3054 2359 3361 2416 hominibus
3381 2363 3543 2430 possit

1956 2448 2131 2502 illudi.
2164 2449 2356 2504 lnvoca
2384 2450 2473 2519 qui
2499 2449 2648 2504 illum
2682 2449 2887 2514 calcat,
2913 2458 2966 2504 et
3004 2448 3199 2518 incipis
3226 2463 3332 2504 non
3364 2451 3543 2508 timere

1957 2541 2046 2609 qui
2097 2540 2353 2606 devorat;
2393 2543 2652 2612 scriptum
2693 2551 2777 2598 est
2800 2542 2942 2598 enim
2977 2559 2990 2595 :
3035 2541 3205 2611 Super
3243 2543 3473 2612 aspidem
3501 2554 3544 2598 et

1959 2631 2248 2686 basiliscum
2288 2632 2594 2700 ambulabis,
2621 2646 2668 2687 et
2695 2633 3017 2689 eonculcabis
3067 2634 3261 2689 leonem
3289 2641 3336 2688 et
3365 2636 3542 2689 draco-

1959 2742 2072 2779 nem
2105 2725 2278 2795 (Psal.
2311 2741 2404 2792 xc,
2437 2727 2549 2796 15).

2034 2812 2182 2868 Vers.
2209 2814 2301 2868 27.
2333 2814 2518 2869 Omnia
2547 2833 2580 2869 a
2614 2824 2662 2870 te
2687 2825 3011 2884 exspectant,
3041 2824 3097 2869 ut
3127 2817 3215 2869 des
3239 2814 3345 2869 illis
3380 2828 3543 2868 escam

1955 2905 2008 2957 in
2032 2914 2254 2971 tempore
2271 2915 2584 2975 opportuno.
2608 2906 2806 2962 Versus
2829 2908 2931 2963 lSle
2952 2906 3081 2961 illud
3103 2907 3391 2976 signiﬁcat,
3408 2905 3543 2974 quod

1955 3004 2010 3049 et
2035 2994 2159 3050 alibi
2181 2994 2381 3051 dictum
2403 3005 2485 3052 est
2513 3013 2526 3050 :
2552 2995 2618 3051 In
2639 2998 2896 3052 voluntate
2917 3007 3022 3062 tua,
3051 2996 3291 3064 Domine,
3316 2998 3541 3050 universo

1956 3091 2074 3137 sunt
2095 3084 2292 3154 posita;
2321 3095 2368 3139 et
2394 3101 2498 3140 non
2534 3095 2610 3139 est
2633 3087 2719 3156 qui
2749 3090 2908 3157 possit
2930 3088 3162 3142 resistere
3184 3087 3430 3142 voluntati
3452 3097 3542 3142 tua

256 3200 292 3237 a
318 3184 536 3253 ﬂumine
560 3201 720 3255 usque
735 3186 802 3238 ad
827 3188 1066 3242 terminos
1086 3189 1220 3242 orbis
1243 3198 1390 3243 terra:
1410 3187 1582 3260 (Psal.
1604 3207 1666 3244 ως
1677 3207 1748 3260 x1,
1769 3192 1848 3262 8).

1960 3171 2137 3244 (Esth.
2171 3190 2285 3240 xm,
2320 3176 2399 3245 9).
2429 3177 2562 3231 Nam
2590 3193 2711 3233 cum
2733 3178 2884 3245 dicit,
2919 3179 3127 3246 Omnia,
3157 3180 3392 3236 ostendit
3419 3193 3542 3250 quo~

343 3271 492 3328 Vers.
523 3272 614 3328 25.
639 3273 756 3328 Hoc
785 3291 924 3329 mare
947 3293 1186 3346 magnum
1208 3285 1254 3330 et
1281 3280 1564 3344 spatiosum
1590 3280 1856 3348 manibus;

259 3363 375 3417 illic
403 3366 607 3434 reptilia
634 3383 851 3436 quorum
877 3386 978 3423 non
1005 3380 1075 3424 est
1104 3386 1343 3426 numerus
1360 3413 1373 3437 ,
1404 3374 1649 3428 animalia
1671 3377 1858 3444 pusilla

260 3464 314 3509 et
338 3473 545 3527 magna.
578 3458 643 3513 Et
671 3460 725 3513 in
758 3461 856 3515 hac
884 3475 1096 3531 quoque
1123 3474 1275 3533 parte
1312 3480 1482 3535 usque
1525 3467 1592 3521 ad
1631 3468 1854 3522 divisio-

261 3561 422 3616 nem,
461 3551 625 3619 ligura
664 3560 748 3607 est
794 3555 1071 3623 parabole,
1104 3572 1224 3626 quae
1266 3557 1491 3614 diversis
1543 3574 1605 3616 ac
1649 3560 1859 3616 decoris

262 3639 756 3707 comparationibus
802 3644 1118 3710 explicatur.
1171 3647 1278 3702 Sed
1327 3652 1572 3718 quamvis
1613 3653 1665 3705 in
1688 3654 1860 3722 capite

264 3725 430 3795 hujus
460 3743 648 3784 versus
677 3731 744 3785 de
789 3733 924 3787 mari
954 3735 1213 3806 navigero
1254 3739 1438 3795 dicere
1483 3741 1750 3810 videatur,
1782 3754 1861 3799 ta-

262 3836 390 3876 men
423 3820 491 3876 de
530 3822 632 3877 hoc
664 3825 862 3882 saeculo
898 3839 1259 3897 congruenter
1304 3833 1589 3903 accipitur,
1627 3836 1718 3892 ubi
1743 3837 1862 3893 dia-

262 3912 457 3970 bolicte
483 3915 599 3972 sine
619 3932 842 3973 numero
868 3935 1086 3990 serpere
1110 3923 1404 3990 probantur
1431 3926 1662 4006 insidiae,
1699 3931 1858 3984 mali-

264 4007 448 4075 tiaque
462 4007 763 4064 dmmonum
782 4012 926 4066 velut
943 4013 1261 4081 quibusdam
1290 4017 1544 4072 ﬂuctibus
1560 4020 1860 4077 animarum

266 4096 515 4166 voluntas
554 4099 817 4155 instabilis
848 4101 993 4174 [ed.,
1024 4105 1388 4160 inaestimabili
1419 4105 1438 4176 ]
1469 4120 1857 4170 commovetur.

265 4185 421 4242 Mare
440 4189 579 4244 enim
603 4192 703 4260 ipsi
731 4193 983 4260 reddunt,
1009 4195 1136 4249 dum
1158 4198 1473 4267 naulragare
1495 4202 1820 4270 compellunt
1844 4222 1856 4258 :

264 4282 388 4350 quia
419 4281 635 4337 dubium
666 4298 773 4339 non
796 4295 878 4341 est
905 4286 1052 4341 illum
1087 4289 1257 4342 undas
1284 4290 1698 4348 immanissimas
1728 4297 1857 4362 pati,

265 4371 359 4440 qui
403 4374 661 4443 mergitur
706 4377 916 4447 gurgite
964 4388 1336 4447 peccatorum.
1391 4380 1539 4437 Mare
1586 4385 1780 4454 quippe
1830 4402 1858 4440 a

265 4463 496 4517 meando
526 4463 724 4520 dictum
750 4474 853 4534 est,
878 4470 1022 4538 quod
1047 4485 1265 4539 semper
1293 4480 1379 4526 eat
1403 4488 1465 4527 ac
1498 4475 1684 4530 redeat
1714 4477 1858 4550 [mss.

1961 3269 2106 3322 niam
2129 3270 2379 3325 universa
2407 3270 2502 3326 Dei
2532 3280 2664 3326 nutu
2689 3272 2896 3338 vivunt,
2921 3289 3029 3343 quo
3055 3283 3109 3328 et
3129 3283 3346 3330 auctore
3369 3282 3542 3329 creata

1959 3368 2102 3414 sunt.
2131 3359 2263 3414 Nam
2305 3369 2360 3416 et
2387 3360 2549 3418 draco
2578 3363 2904 3432 spiritualis,
2933 3366 3086 3434 cujus
3120 3379 3244 3421 esca
3275 3365 3542 3420 hominum

1957 3449 2203 3519 deceptio
2229 3460 2332 3518 est,
2365 3453 2467 3509 nisi
2509 3454 2737 3511 Domino
2766 3457 3110 3526 permittente
3139 3473 3246 3513 non
3294 3459 3542 3528 praevalet

1958 3546 2246 3617 quidquam
2276 3563 2366 3603 sua
2396 3559 2662 3618 potestate
2700 3552 2982 3621 perﬁcere.
3017 3553 3162 3608 Deus
3204 3553 3364 3608 enim'
3388 3567 3542 3622 quem

1960 3653 2057 3707 pro
2079 3639 2234 3695 malis
2255 3642 2365 3695 suis
2389 3641 2590 3711 abjicit,
2618 3644 2676 3698 ﬁt
2698 3644 2895 3700 diaboli
2920 3645 3190 3715 pabulum.
3213 3646 3541 3716 Quapropter

1960 3727 2006 3782 si
2029 3729 2083 3782 in
2105 3743 2283 3784 escam
2312 3731 2513 3786 inimici
2544 3733 2795 3789 nolumus
2837 3735 2974 3799 dari,
3007 3750 3114 3791 non
3140 3735 3398 3792 debemus
3429 3751 3541 3793 esse

1962 3824 2162 3877 terreni
2193 3840 2206 3876 :
2236 3823 2358 3893 quia
2401 3825 2478 3878 sic
2507 3825 2562 3879 in
2593 3826 2851 3896 principio
2879 3827 3193 3884 maledictus
3220 3837 3323 3895 est,
3354 3837 3412 3882 ut
3438 3839 3540 3883 ter-

1961 3928 2075 3968 ram
2106 3916 2386 3982 comedat,
2421 3918 2560 3971 sicut
2586 3920 2838 3987 scriptum
2864 3930 2944 3974 est
2972 3937 2985 3973 ε
3020 3919 3189 3988 Super
3218 3929 3391 3987 pectus
3409 3930 3552 3972 tuum

1962 4015 2010 4058 et
2036 4015 2254 4059 ventrem
2279 4009 2546 4077 gradieris,
2578 4019 2626 4064 et
2655 4020 2840 4063 terram
2869 4012 3098 4065 comedes
3123 4013 3354 4066 omnibus
3378 4012 3552 4066 diebus

1962 4095 2075 4148 vita:
2104 4105 2203 4149 tua:
2226 4096 2378 4165 (Gen.
2413 4113 2493 4163 ιιι,
2527 4098 2638 4168 14).
2671 4099 2821 4166 Quod
2850 4101 2896 4154 si
2936 4101 3301 4156 misericordia
3341 4102 3547 4157 Domini

1965 4185 2216 4242 caelestes
2244 4187 2526 4255 efﬁcimur,
2557 4191 2625 4245 ab
2654 4205 2777 4245 esca
2807 4192 3004 4248 diaboli
3033 4195 3354 4250 omnimodis
3376 4195 3540 4250 reddi-

1963 4290 2086 4330 mur
2113 4277 2294 4332 alieni.
2316 4278 2535 4334 Addidit
2560 4297 2790 4352 quoque,
2825 4284 2877 4336 in
2901 4295 3122 4355 tempore
3152 4297 3461 4358 opportuno,
3493 4298 3540 4340 ut

1964 4381 2069 4421 non
2101 4368 2270 4422 solum
2305 4369 2558 4425 Dominus
2581 4373 2841 4429 creaturis
2871 4377 2982 4430 suis
3011 4391 3188 4433 escam
3218 4379 3436 4444 tribuat,
3461 4395 3540 4432 ve.

1964 4476 2081 4516 rum
2113 4461 2272 4517 etiam
2303 4463 2450 4518 illam
2494 4465 2594 4520 sub
2631 4469 3030 4537 opportunitate
3075 4472 3330 4541 temporis
3359 4471 3539 4540 largia-

263 4558 358 4624 Α,
388 4557 478 4623 3.,
502 4556 596 4626 Ἐκ,
627 4561 846 4617 accedat
873 4571 925 4618 ει
956 4563 1232 4635 recedat],
1266 4565 1374 4621 sed
1403 4568 1490 4623 ίείί
1519 4548 1739 4638 ερῖτῖιυέ
1770 4571 1854 4627 in-
1880 4548 1934 4610 D
1962 4561 2067 4607 tur.
2104 4551 2329 4608 Volebat
2357 4555 2499 4610 enim
2525 4556 2626 4613 Job
2653 4566 2860 4614 tentare
2888 4561 3163 4626 diabolus,
3187 4561 3282 4616 sed
3313 4561 3413 4616 hoc
3441 4576 3540 4616 non

263 4651 628 4709 numerabiles
657 4654 838 4722 nobis,
874 4655 988 4712 Deo
1016 4660 1393 4730 comprehensi
1441 4669 1595 4729 sunt,
1627 4664 1716 4733 qui
1737 4678 1856 4721 are-

265 4758 393 4800 nam
441 4745 604 4801 maris
643 4755 698 4802 et
748 4749 1050 4818 pluviarum
1098 4762 1274 4823 guttas
1321 4763 1631 4822 enumerat;
1687 4767 1741 4813 et
1787 4775 1855 4816 ne

261 4835 487 4891 omnino
513 4837 1084 4906 incomprehensibiles
1113 4843 1501 4914 linquerentur,
1534 4849 1848 4916 quantitate,

212 4945 236 4996 ῃ
262 4942 372 4981 non
405 4928 675 4996 qualitate
707 4945 802 4986 eos
849 4932 1115 4988 deﬁnivit.
1147 4935 1386 5006 Denique
1427 4937 1494 4992 de
1533 4937 1610 4992 eis
1637 4938 1849 5005 dicitur,

261 5019 511 5072 animalia
555 5019 744 5088 pusilla
783 5031 830 5074 et
855 5039 1076 5093 magna;
1121 5027 1374 5095 quoniam
1422 5029 1563 5083 inter
1611 5029 1757 5099 ipsos
1798 5040 1854 5086 et

259 5109 497 5178 majores
521 5124 641 5168 esse
672 5113 922 5183 nequitia:
965 5115 1263 5185 probantur
1304 5120 1623 5175 omnimodis
1670 5131 1724 5178 et
1753 5124 1853 5178 mi-

258 5213 444 5254 nores.

331 5289 488 5348 Vers.
515 5293 605 5350 26.
638 5294 758 5351 Illic
783 5313 931 5354 naves
961 5302 1372 5370 pertransibunt;
1402 5305 1558 5358 draco
1587 5306 1680 5361 iste
1700 5324 1850 5378 quem

260 5379 499 5448 formasti
509 5385 575 5438 ad
589 5386 903 5443 illudendum
915 5391 980 5445 ei.
999 5388 1139 5460 Illic,
1160 5391 1212 5446 in
1231 5393 1431 5449 mundo
1443 5395 1662 5461 scilicet,
1683 5413 1844 5470 quem

199 5467 230 5531 ο
259 5473 506 5540 superius
536 5491 684 5534 mare
712 5479 869 5534 dixit.
898 5481 1075 5544 Naves
1102 5493 1281 5540 autem
1315 5487 1508 5540 merito
1537 5467 1846 5557 signiﬁcan—

259 5567 349 5615 tur
374 5563 664 5635 Ecclesize,
697 5586 816 5640 quae
849 5575 1172 5641 periculosos
1201 5576 1392 5631 lluctus
1433 5580 1615 5633 mundi
1656 5595 1750 5649 per
1780 5580 1843 5633 li-

262 5667 422 5722 gnum
444 5659 690 5726 gloriosae
718 5667 892 5721 crucis
918 5668 1169 5734 evadunt,
1196 5677 1466 5738 portantes
1480 5671 1643 5744 352
1675 5686 1844 5740 popu-

262 5759 362 5816 tOS,
385 5750 475 5820 qui
502 5754 656 5823 signo
679 5758 800 5815 ﬁdei
826 5762 1180 5818 crediderunt.
1215 5763 1266 5817 Ιιι
1286 5761 1368 5820 liis
1397 5764 1608 5820 navibus
1633 5764 1842 5820 habitat

1963 4642 2138 4711 potuit
2157 4641 2394 4711 efﬁcere,
2418 4645 2518 4700 nisi
2551 4646 2602 4701 id
2636 4657 2870 4716 potestas
2886 4649 3163 4705 Dominica
3191 4651 3538 4718 permisisset.

1959 4733 2092 4790 Nam
2117 4744 2174 4790 et
2199 4736 2287 4792 ille
2316 4738 2684 4792 sanctissimus
2710 4740 3068 4810 cognoscebat
3093 4756 3152 4797 se
3182 4741 3392 4796 Domini
3427 4757 3538 4811 per-

1959 4828 2215 4883 missione
2247 4830 2464 4894 tentari,
2497 4839 2551 4884 et
2576 4831 2642 4884 ad
2667 4833 2850 4887 omnia
2870 4834 3266 4903 respondebat:
3296 4834 3540 4890 Dominus

1959 4917 2129 4986 dedit,
2159 4918 2408 4975 Dominus
2433 4923 2671 4989 abstulit,
2717 4925 2846 4978 sicut
2876 4923 3100 4978 Domino
3130 4926 3323 4995 placuit
3365 4927 3436 4979 ita
3467 4930 3536 4996 fa-

1955 5021 2089 5064 ctum
2113 5022 2228 5066 est:
2257 5013 2324 5066 sit
2349 5030 2530 5068 nomen
2560 5015 2768 5071 Domini
2808 5016 3122 5072 benedictum
3171 5019 3191 5089 (
3216 5015 3315 5072 Job
3344 5034 3384 5086 ι,
3409 5019 3470 5074 21
3500 5020 3540 5090 ).

1955 5101 2081 5158 Haec
2102 5113 2184 5159 est
2209 5105 2354 5159 enim
2400 5121 2526 5161 vera
2555 5107 2812 5178 ﬁrmaque
2850 5110 3136 5177 sententia,
3166 5112 3307 5182 quod
3347 5112 3401 5168 in
3438 5113 3539 5167 Do-

1954 5195 2084 5250 mini
2114 5197 2380 5253 voluntate
2402 5197 2420 5266 (
2447 5200 2587 5254 sicut
2608 5200 2806 5254 dictum
2830 5201 2955 5269 est)
2983 5211 3174 5258 cuncta
3200 5203 3309 5258 sint
3347 5203 3540 5274 posita.

2024 5308 2178 5366 Vers.
2211 5309 2301 5366 28.
2330 5309 2499 5365 Dante
2520 5321 2566 5366 te
2588 5312 2724 5378 illis,
2756 5313 3023 5385 colligent;
3050 5317 3324 5386 faperiente
3352 5325 3399 5370 te
3436 5333 3539 5370 ma-

1949 5420 2073 5458 num
2096 5415 2272 5471 tuam,
2315 5406 2550 5460 universa
2596 5405 2930 5478 replebantur
2969 5408 3216 5465 ubertate.
3260 5409 3450 5466 Adhuc
3489 5410 3540 5464 in

1948 5495 2261 5564 esponenda
2304 5496 2583 5563 superiore
2633 5500 2896 5554 sententia
2945 5509 3286 5570 perseverat;
3316 5509 3374 5556 ut
3421 5515 3540 5556 cum

1948 5585 2213 5641 diabolica.
2244 5586 2523 5657 iniquitate
2568 5603 2862 5656 vexamur,
2911 5604 3016 5646 non
3063 5593 3212 5647 illum
3264 5590 3538 5646 credamus

1948 5676 2050 5733 hoc
2076 5693 2143 5733 ex
2173 5693 2268 5734 sua
2297 5687 2560 5748 potestate
2587 5696 2934 5750 praesumere,
2965 5683 3060 5740 sed
3095 5684 3268 5752 potius
3297 5682 3363 5736 ad
3393 5681 3538 5735 illum

1945 5782 2286 5828 recurremus
2308 5773 2423 5828 sine
2451 5772 2605 5842 cujus
2633 5776 2898 5844 permissu
2924 5791 3022 5832 nec
3050 5776 3227 5832 facere
3249 5773 3537 5851 quidquam
