4062 6344
539 289 647 350 πο

1759 281 1829 338 Μ.
1871 280 2149 340 Αυηειλιι
2202 281 2606 340 CASSIODORI

3065 217 3080 244 \

3723 288 3862 345 ηιξ

537 408 736 476 potest,
765 407 820 457 et
835 397 1073 458 celerius
1099 395 1271 452 victus
1293 392 1552 450 abscedit.
1577 390 1714 447 Dicit
1745 391 1886 446 enim
1921 410 1932 445 :
1968 390 2134 446 Dante
2164 397 2214 466 Α
2241 392 2426 448 tabitur
2449 391 2696 448 Dominus
2725 391 2776 448 in
2813 395 3052 462 eperibus
3085 397 3216 454 suis.
3254 395 3446 456 Adhuc
3473 397 3646 470 ipsu
3672 399 3859 472 docet

542 506 590 566 te
616 497 727 553 illis
762 496 1029 566 eolligent,
1063 501 1120 548 ut
1145 489 1410 559 intelligas
1441 487 1564 556 quia
1614 485 1713 542 nisi
1756 487 1936 540 datum
1973 484 2134 542 fuerit

535 565 693 658 illis,
749 565 1035 658 quidquam
1087 581 1338 650 colligere
1385 595 1492 644 non
1549 578 1824 636 valebunt.
1879 571 2136 650 Sequitur

533 685 707 748 etiam
737 659 965 750 quodet
1012 677 1077 738 ad
1111 689 1366 746 prospera
1412 673 1582 743 possis
1629 682 1846 742 aptare,
1877 674 2134 739 aperiente

537 783 589 838 te
611 789 818 832 manum
839 780 1000 834 tuam,
1030 769 1263 824 universa
1291 767 1619 838 replebuntur
1642 764 1889 818 ubertate.
1913 763 2135 822 Constat

537 869 688 932 etum
729 864 803 920 ibi
843 879 964 920 esse
1011 877 1190 918 rerum
1223 863 1462 916 omnium
1486 871 1674 914 causas
1696 897 1711 924 ,
1737 857 1880 911 umle
1917 857 2136 914 ubertas

537 933 878 1028 conceditur,
909 964 966 1009 et
994 953 1145 1024 copia
1173 952 1290 1008 sine
1317 953 1423 1007 line
1473 958 1776 1020 praestatur.
1822 949 2008 1004 Manus
2039 962 2134 1002 au-

537 1029 650 1116 tem
682 1047 951 1119 signiﬁcat
983 1054 1336 1118 potestatem,
1380 1060 1476 1114 per
1507 1060 1662 1114 quam
1704 1044 1914 1098 abunde
1945 1052 2133 1099 cuncta

533 1143 742 1214 replet,
777 1151 832 1196 et
862 1139 1183 1198 mirabiliter
1215 1137 1462 1194 universa
1495 1135 1770 1206 disponit.,
2113 1211 2116 1215 λ

620 1233 770 1290 Vers.
795 1230 886 1287 29.
911 1232 1175 1285 Avertente
1202 1240 1369 1283 autem
1392 1239 1440 1284 te
1462 1229 1644 1298 facient
1673 1238 1832 1290 tuam,
1859 1225 2133 1280 turbabun-

541 1337 660 1393 tur;
684 1326 883 1396 auferes
909 1324 1148 1396 spiritum
1176 1337 1352 1378 eorum
1378 1331 1423 1376 et
1451 1321 1706 1388 deﬁcient,
1735 1330 1782 1374 et
1804 1321 1854 1372 in
1880 1320 2135 1388 pulverem

543 1433 694 1478 suum
721 1424 1052 1470 reuertentur.
1078 1413 1154 1470 De
1178 1413 1283 1469 illis
1306 1412 1467 1468 modo
1489 1410 1621 1467 dicit
1646 1410 1733 1492 qui
1759 1424 2012 1468 concessa
2039 1410 2134 1492 Dei

539 1496 769 1570 'munera
791 1505 1013 1562 minime
1037 1505 1379 1575 proﬁtentes,
1409 1504 1547 1575 quod
1579 1491 1826 1574 poterant
1867 1503 1978 1560 suis
2010 1503 2139 1560 viri—

547 1601 646 1656 bus
669 1599 1028 1672 applicabant.
1071 1598 1268 1654 Contra
1309 1613 1442 1668 quos
1469 1597 1761 1668 Apostolus
1786 1597 1953 1652 dicit:
1997 1597 2137 1674 Quid

538 1675 672 1746 enim
701 1691 854 1746 habes
875 1688 1010 1759 quod
1035 1705 1140 1748 non
1157 1689 1434 1758 accepisti?
1457 1688 1516 1743 Si
1538 1698 1704 1742 autem
1728 1689 1988 1757 accepisti,
2013 1689 2137 1757 quid

2247 487 2495 556 magister
2523 489 2712 553 bonus,
2745 505 2812 546 ne
2843 505 3084 548 erremus
3129 493 3254 550 elati
3279 512 3293 548 :
3321 504 3518 566 optans
3542 511 3664 553 esse
3687 500 3860 569 quod

2239 596 2506 650 tmnquam
2551 590 2721 651 potest
2763 583 3049 652 aliquando
3098 586 3354 644 deiicere.
3403 588 3607 644 Dicitur
3631 590 3800 646 enim
3841 609 3857 645 :

2241 671 2321 726 Sit
2341 673 2504 743 gloria
2536 672 2758 740 Domini,
2786 689 2890 728 non
2919 677 3204 746 cujuslibet
3232 679 3472 736 alterius.
3502 676 3564 736 In
3585 680 3861 738 attentus)!

2229 753 2435 829 isarcnli,
2462 765 2512 820 id
2543 775 2628 819 est
2657 767 2706 819 in
2739 776 3020 833 aeternum,
3055 769 3175 840 quia
3206 770 3379 826 laudis
3400 771 3518 840 ejus
3541 772 3734 828 nullus
3764 781 3862 828 at

2242 856 2361 912 ﬁnis
2383 900 2397 924 ,
2424 857 2636 928 quando
2680 867 2733 913 et
2761 859 2812 914 in
2841 857 2962 914 diae
3006 861 3201 916 saeculo
3229 863 3368 934 apud
3398 861 3580 920 ﬁdelrs
3621 862 3861 920 Domini

2243 959 2497 1020 perpetua
2527 953 2640 1006 laus
2667 951 2828 1024 353
2857 951 3103 1018 habetur,
3134 964 3330 1024 etpost
3357 955 3497 1012 istud
3519 957 3802 1019 saeculum
3819 969 3861 1020 ι

2231 1033 2411 1100 beatis
2437 1053 2637 1100 aeterna
2671 1025 3028 1114 peﬁolvetur.
3074 1046 3354 1104 Lartabitur
3379 1047 3533 1116 enim.
3565 1047 3728 1118 quod.

2241 1144 2384 1192 ctum
2409 1144 2511 1196 est,
2540 1136 2825 1206 promissio
2849 1136 3012 1192 futuri
3045 1139 3306 1208 temporis
3333 1147 3435 1206 est,
3461 1152 3570 1194 non
3595 1153 3856 1208 prasen-

2227 1227 2329 1292 tis.
2371 1227 2434 1279 Et
2479 1226 2683 1294 inspice
2720 1225 2864 1296 quod
2908 1227 3213 1298 ubicunque
3253 1237 3639 1284 commemorat
3666 1227 3856 1300 operi-

2243 1319 2356 1386 bus,
2385 1319 2492 1376 suis
2522 1319 2676 1382 dixit,
2711 1334 2816 1374 non
2841 1319 2942 1375 tuis
2977 1338 2989 1373 :
3023 1336 3087 1376 ne
3114 1322 3274 1378 toties
3301 1321 3558 1378 admoniti
3585 1323 3855 1392 insaniam

2244 1410 2824 1482 Pelagiisequeremur
2853 1425 3092 1468 errorem
3111 1453 3125 1478 ,
3169 1413 3323 1484 cujus
3352 1412 3636 1470 nefandum
3664 1429 3856 1482 vene-

2231 1491 2367 1557 num
2395 1503 2517 1557 hinc
2549 1502 2825 1558 evidenter
2853 1503 3194 1573 agnoscimus
3216 1545 3230 1570 ,
3279 1514 3464 1568 contra
3502 1507 3638 1576 quod
3664 1509 3859 1564 toties

2242 1593 2539 1651 antidOtum
2563 1595 2784 1652 coaleste
2807 1596 3118 1668 porrigitur,
3143 1611 3211 1652 ne
3235 1597 3409 1676 futura
3433 1599 3662 1668 pericula
3683 1615 3856 1670 gras-

2243 1697 2512 1746 sareutur.

537 1783 775 1856 gloriaris
797 1783 944 1853 quasi
973 1797 1075 1836 non
1116 1779 1369 1854 acceperis
1393 1778 1445 1852 (Ι
1473 1780 1589 1836 Cor.
1623 1796 1698 1848 tv,
1725 1781 1781 1850 7)
1807 1782 1828 1834 ?
1857 1781 1922 1834 Et
1945 1781 1997 1836 in
2028 1780 2136 1836 alio
2166 1786 2213 1850 Β
2315 1779 2464 1836 Vers.
2494 1778 2583 1836 51.
2612 1779 2711 1845 Qui
2743 1780 2948 1851 respicit
2975 1789 3193 1845 terram,
3216 1787 3263 1838 et
3286 1781 3413 1854 facit
3445 1797 3554 1838 eam
3585 1790 3852 1852 tremere,

534 1857 746 1944 psalmo
785 1872 852 1928 de
881 1872 971 1927 tali
1003 1871 1198 1943 legitur
1227 1893 1239 1927 :
1273 1869 1387 1942 Ego
1415 1872 1524 1927 dixi
1547 1873 1600 1928 in
1623 1888 1732 1928 mea
1773 1873 2090 1928 abundantia
2115 1889 2134 1926 :

539 1964 668 2020 Non
697 1965 931 2020 movebar
955 1964 1007 2019 in
1032 1975 1276 2020 internum
1303 1965 1484 2036 (Ρεαι.⁵
1508 1982 1656 2032 xxsx,
1687 1969 1762 2036 7).
1793 1967 1874 2021 Ab
1897 1967 1980 2024 his
2010 1984 2135 2038 ergo

541 2057 737 2114 talibus
777 2057 906 2113 dum
946 2059 1184 2114 averterit
1223 2059 1482 2115 Dominus
1523 2061 1707 2130 [aciem
1736 2074 1910 2128 suam,
1945 2062 2130 2118 nudati

549 2165 746 2219 magno
769 2151 1020 2220 praesidio
1057 2153 1176 2208 sine
1215 2153 1546 2210 dubitatione
1583 2155 1894 2219 turbantur;
1927 2164 1979 2210 et
2009 2170 2133 2212 ntex

541 2251 600 2302 ut
644 2243 736 2300 ille
777 2244 987 2314 spiritus
1024 2244 1330 2316 superbiae,
1370 2259 1526 2315 quem
1573 2247 1640 2300 de
1666 2261 1843 2300 rerum
1889 2245 2134 2314 ubertate

531 2345 910 2408 conceperant,
941 2335 1142 2394 ablatus
1181 2337 1372 2406 fuerit,
1413 2338 1634 2394 omnino
1664 2337 1940 2406 deﬁciunt,
1973 2346 2027 2392 et
2064 2338 2132 2407 ad

527 2430 946 2498 conversionem
969 2428 1119 2502 [e4.,
1143 2429 1538 2486 confessionem
1564 2429 1580 2500 1
1607 2429 2014 2488 saluberrimam
2048 2444 2132 2486 re-

529 2523 723 2590 deunt,
755 2525 847 2596 qui
875 2525 930 2580 in
959 2526 1072 2591 suis
1110 2525 1621 2594 praesumptionibus
1657 2533 1996 2582 erraverunt.
2031 2523 2131 2580 Pe-

531 2623 647 2680 taut
672 2631 803 2686 ergo
821 2616 914 2673 isti
939 2615 1198 2683 remedia,
1229 2631 1326 2672 sua
1351 2617 1574 2672 vulnera
1607 2618 1824 2686 propria
1849 2616 2124 2683 detegant,

531 2714 585 2764 ut
605 2718 879 2775 curentur,
899 2717 966 2762 et
991 2707 1172 2762 dicant
1204 2724 1218 2761 :
1249 2705 1458 2762 Exaudi
1483 2724 1594 2776 me,
1621 2707 1859 2775 Domine,
1883 2707 2128 2777 quoniam

533 2795 722 2867 defeat
759 2798 968 2866 spiritus
1006 2813 1198 2853 meus:
1239 2814 1304 2854 ne
1339 2809 1536 2854 avertas
1575 2799 1760 2867 [aciem
1797 2810 1938 2860 tuam
1972 2814 2008 2852 a
2049 2814 2128 2852 me

531 2884 709 2959 (Psat.
735 2902 901 2958 chu,
927 2887 1002 2959 7).
1028 2887 1124 2946 llis
1149 2896 1369 2958 praestat
1401 2889 1659 2952 Dominus
1687 2889 1982 2960 proﬁcuum
2011 2904 2125 2948 me-

535 2978 791 3044 dicinam.
825 2979 1046 3034 Sublato
1073 2981 1219 3038 enim
1244 2982 1438 3052 spiritu
1465 2981 1746 3052 nequitiae,
1778 2997 1887 3052 quo
1912 2981 2126 3057 initam;

532 3069 817 3136 vitabantur
841 3081 1109 3142 errantes,
1138 3086 1366 3130 necesse
1385 3081 1470 3130 est
1491 3081 1547 3128 ut
1567 3073 1635 3130 ad
1661 3074 1933 3142 pulverem
1963 3089 2122 3131 suum

2238 1871 2326 1942 qui
2352 1872 2511 1942 tangit
2539 1882 2752 1938 montes,
2779 1882 2826 1927 et
2849 1874 3120 1939 fumabunt
3151 1874 3295 1950 [ed.,
3327 1875 3692 1948 funtigabunt].
3717 1877 3854 1940 iam

2221 1961 2304 2038 Vde
2333 1961 2440 2016 illis
2463 1961 2590 2016 dicit
2613 1964 2700 2029 qui
2733 1976 2828 2034 per
2859 1963 3070 2018 Domini
3112 1965 3340 2036 gratiam
3369 1965 3674 2033 illuminati,
3713 1981 3855 2034 pec-

2237 2063 2354 2107 cata
2383 2070 2478 2109 sua
2525 2058 2793 2128 praeterita
2834 2058 3292 2125 contremiscunt,
3329 2073 3452 2114 cum
3495 2073 3556 2116 se
3599 2062 3854 2128 graviter

2237 2161 2448 2200 errasse
2495 2158 2849 2218 cognoscunt.
2898 2147 3004 2204 Sed
3032 2151 3275 2214 securior
3303 2159 3384 2206 est
3411 2150 3503 2206 illa
3546 2150 3850 2220 humilium

2236 2240 2599 2307 tremefactio,
2631 2256 2791 2312 quam
2837 2241 3191 2312 superborum
3232 2243 3418 2298 insana
3457 2245 3844 2314 prmsutnptio.

2237 2333 2426 2388 Petrus
2446 2335 2586 2390 enim
2617 2343 2744 2391 tunc
2769 2334 2838 2390 ad
2866 2336 3076 2390 veniam
3121 2336 3296 2391 redire
3335 2338 3562 2400 meruit.
3613 2337 3847 2404 quando

2233 2439 2292 2478 se
2319 2425 2604 2480 admisisse
2652 2440 2902 2496 maguum
2952 2428 3160 2482 crimen
3203 2427 3438 2498 expavit.
3470 2427 3559 2482 Sic
3597 2428 3756 2484 enim
3787 2437 3850 2494 et

2233 2514 2371 2568 alius
2403 2516 2662 2585 propheta
2690 2517 2822 2572 dicit
2852 2535 2866 2570 :
2903 2517 3072 2585 Super
3111 2534 3258 2588 quem
3286 2518 3554 2586 requiescit
3597 2517 3846 2592 Spiritus

2235 2623 2393 2672 meus,
2425 2607 2521 2660 nisi
2560 2623 2714 2674 super
2763 2608 3036 2677 humilem,
3077 2617 3123 2663 et
3163 2610 3426 2676 quietura,
3456 2619 3505 2663 et
3535 2619 3846 2684 transeam;

2221 2691 2382 2750 verba
2411 2715 2522 2750 utea
2547 2698 2700 2769 (lsai.
2731 2715 2873 2765 LXVI,
2906 2700 2997 2769 ‘2)?
3029 2701 3138 2758 lloc
3175 2700 3335 2756 etiam
3367 2710 3554 2756 mouet
3596 2703 3846 2770 Aposto-

2217 2788 2313 2862 lus
2344 2806 2356 2841 :
2399 2787 2527 2844 Cum
2567 2791 2746 2845 timore
2789 2801 2835 2846 et
2866 2800 3081 2846 tremore
3109 2801 3328 2848 vestram
3357 2795 3582 2862 ipsorum
3606 2795 3846 2860 salutent

2233 2883 2517 2953 operamini
2540 2884 2562 2953 (
2586 2882 2785 2954 Philip.
2816 2900 2876 2951 tt,
2907 2886 2976 2946 12
2996 2883 3037 2954 ).
3068 2885 3233 2941 Vides
3255 2900 3386 2962 ergo
3415 2901 3570 2958 quam
3593 2890 3846 2958 votivus,

2229 2988 2388 3042 quam
2418 2974 2623 3028 stabilis
2655 2975 2786 3046 lett,
2817 2974 3131 3048 spiritualis]
3163 2976 3234 3054 sit
3261 2988 3456 3040 tremor
3479 2978 3600 3044 iste,
3635 2979 3745 3049 qui
3781 2990 3850 3042 at

2228 3067 2437 3122 veniam
2469 3067 2697 3144 parturit
2724 3075 2781 3122 et
2801 3068 3051 3126 salutem.
3081 3069 3190 3125 Sed
3218 3069 3341 3125 vide
3362 3069 3543 3142 quibus
3564 3070 3673 3125 ista
3693 3085 3848 3144 con-

527 3160 772 3229 redeant,
803 3162 856 3218 id
877 3169 960 3218 est
985 3162 1054 3220 ad
1085 3139 1342 3230 humilem
1369 3139 1785 3231 confessionem,
1819 3165 1874 3222 in
1901 3182 2004 3235 qua
2036 3167 2116 3222 in-
2142 3175 2192 3241 α
2229 3157 2464 3228 lingunt:
2492 3139 2700 3214 scilicet
2746 3173 2886 3230 Quos
2935 3160 3049 3232 ipse
3091 3160 3339 3230 dignatus
3380 3139 3554 3216 ille!“
3598 3141 3841 3228 inmeri-

527 3253 808 3325 digeutiam
823 3269 936 3310 suae
958 3255 1258 3326 lragilitatis
1276 3266 1606 3328 agnoscunt;
1628 3266 1684 3314 et
1701 3257 1972 3316 feliciores
1991 3274 2113 3318 esse

528 3347 798 3416 bicipiunt,
831 3362 956 3404 eum
981 3362 1012 3404 a
1033 3363 1132 3404 sua
1160 3353 1580 3420 praesumptione
1605 3351 1909 3408 discedunt.
1944 3353 2114 3423 Inspie

526 3438 712 3502 cicada
736 3446 819 3494 est
844 3448 1024 3504 autem
1053 3441 1155 3498 hoc
1178 3442 1298 3498 loco
1319 3441 1712 3498 administratio
1742 3443 1977 3508 Domini,
2010 3459 2112 3514 qua

526 3529 752 3599 mundus
782 3531 1006 3600 regitur,
1039 3533 1183 3600 quali
1212 3533 1506 3599 brevitate,
1540 3535 1624 3588 vel
1651 3549 1756 3604 qua
1787 3537 2114 3604 proprietate

476 3613 482 3618 ’
522 3622 770 3693 discripta
791 3624 860 3680 sit
883 3622 1037 3696 [mea
1069 3626 1160 3694 A.,
1193 3625 1284 3694 B.,
1311 3623 1410 3694 F.,
1441 3627 1621 3682 omnia
1647 3628 1912 3699 descripta
1943 3628 2109 3701 sunt].

525 3718 648 3776 Nam
675 3733 796 3776 cum
827 3734 926 3776 nos
956 3722 1210 3791 respicit,
1252 3723 1433 3778 omnia
1476 3723 1752 3791 profutura
1783 3723 2109 3790 succedunt;

524 3826 571 3872 et
600 3830 722 3878 cum
751 3831 812 3877 se
835 3819 1111 3886 averterit,
1145 3819 1376 3877 humana
1403 3820 1698 3892 indigentia
1722 3822 1948 3876 salutari
1975 3836 2114 3894 prauo

521 3909 656 3966 sidio
682 3910 882 3966 nudata
911 3914 1232 3969 succumbit.

584 4003 738 4059 Vers.
764 4004 854 4061 30.
901 4004 1090 4062 Emitte
1113 4009 1355 4078 spiritum
1398 4016 1578 4076 tuum,
1609 4018 1659 4064 et
1697 4011 2030 4078 creabantur,
2061 4019 2110 4066 et

521 4095 780 4151 renovabis
813 4095 996 4166 faciem
1030 4108 1197 4154 terrm.
1230 4098 1369 4156 Ecce
1408 4101 1499 4155 illa
1538 4116 1657 4172 quae
1696 4103 2110 4172 exspectabatur

520 4189 778 4246 medicina
819 4192 1090 4260 provenit.
1117 4193 1364 4248 Recreati
1389 4204 1512 4250 sunt
1535 4196 1741 4265 utique,
1775 4197 1865 4266 qui
1895 4211 1955 4251 se
1986 4198 2108 4266 pul-

521 4294 694 4335 verem
725 4278 999 4335 humiliter
1037 4292 1400 4351 agnoverunt;
1433 4283 1515 4338 his
1553 4285 1696 4339 enim
1742 4284 1882 4338 istud
1913 4285 2110 4342 accidit

519 4368 601 4438 qui
632 4368 810 4428 divina
839 4370 1007 4437 gratia
1039 4372 1290 4439 reparati,
1325 4376 1515 4427 mortis
1545 4375 1841 4443 probantur
1869 4377 2108 4431 evasisse

517 4458 767 4530 pericula.
801 4459 982 4515 Tuties
1012 4461 1158 4516 enim
1189 4477 1286 4516 nos
1312 4463 1571 4519 Dominus
1601 4475 1767 4530 creat,
1801 4467 2008 4534 quoties
2039 4467 2106 4522 de

2219 3248 2494 3320 Sequitur,
2521 3251 2681 3320 tangit
2701 3263 2894 3307 montes
2914 3262 2963 3307 et
2988 3254 3256 3323 fumabunt
3286 3252 3421 3325 [ed.,
3444 3254 3838 3328 {umigabunt}.

2215 3341 2420 3398 Montes
2453 3341 2539 3396 hic
2571 3355 2884 3412 peccatores
2915 3345 3080 3400 nimia
3125 3347 3364 3404 elatione
3405 3357 3686 3418 turgentes
3725 3350 3840 3408 de-

2215 3435 2403 3504 bemus
2430 3437 2696 3504 accipere,
2724 3437 2814 3506 qui
2835 3438 2961 3492 dum
2989 3439 3184 3494 fuerint
3217 3440 3428 3498 Domini
3450 3441 3836 3511 indignatione

2215 3529 2488 3598 percussi,
2513 3542 2802 3599 rerumque
2835 3529 3229 3588 mundanarum
3269 3533 3566 3588 amissione
3597 3535 3834 3602 privati,

2217 3627 2340 3672 tunc
2362 3618 2429 3673 ad
2455 3618 2714 3676 salutares
2747 3619 3013 3691 lacrymas
3058 3633 3318 3688 currunt,
3351 3633 3407 3678 et
3436 3625 3702 3692 quosdam
3737 3626 3834 3682 fu,

2216 3712 2433 3768 mileros
2457 3711 2526 3766 de
2555 3726 2614 3765 se
2637 3712 2872 3770 tristitia:
2892 3713 3083 3783 globos
3109 3726 3362 3784 tauquam
3393 3717 3672 3772 incensum
3693 3731 3836 3778 sua-

2213 3803 2390 3858 vitatis
2418 3803 2699 3871 emittunt,
2732 3803 2822 3872 qui
2848 3804 2915 3858 ad
2945 3819 3177 3872 superna
3227 3806 3616 3870 conscendunt,

2215 3896 2805 3968 ricordiamjmpetrare
2824 3897 3118 3968 probantur
3133 3899 3345 3960 Domini
3363 3901 3578 3956 Christi.
3596 3900 3832 3966 Fumus

2216 3988 2355 4042 enim
2389 3988 2472 4042 hic
2489 3963 2548 4042 ﬁt
2577 3963 2718 4044 bono
2751 3963 2954 4056 positus
2985 3999 3103 4056 est;
3135 3992 3338 4063 quippe
3366 3993 3449 4063 qui
3477 4007 3570 4051 nos
3601 3994 3672 4050 ad

2214 4082 2496 4140 solutionis
2520 4082 2648 4136 facit
2676 4083 2900 4158 gratiam
2923 4085 3224 4152 pervenire.

2217 4165 2222 4169 ’
2288 4175 2440 4232 Vers.
2465 4176 2557 4230 52.
2586 4175 2812 4232 Cantabo
2840 4176 3059 4232 Domino
3081 4179 3138 4232 in
3161 4179 3266 4232 vita
3287 4194 3434 4245 mea;
3453 4181 3681 4250 psallam
3699 4180 3828 4241 Da

2213 4251 2321 4322 meo
2347 4268 2580 4337 quandiu
2601 4284 2710 4323 ero.
2739 4269 2992 4326 Decursis
3013 4267 3224 4326 duabus
3251 4271 3498 4340 partibus
3537 4275 3642 4332 sub
3662 4277 3827 4332 var”:

2211 4360 2477 4418 allusione
2505 4361 2818 4428 verborum,
2853 4362 3002 4417 venit
3022 4363 3088 4418 ad
3121 4365 3336 4426 tertium
3357 4365 3606 4433 modum,
3636 4369 3729 4424 ubi
3757 4385 3827 4429 se

2210 4453 2310 4507 sub
2339 4453 2644 4510 aeternitate
2670 4453 2802 4510 dicit
2830 4453 3016 4514 laudes
3044 4455 3254 4522 Domini
3282 4467 3650 4518 cantaturum.
3673 4461 3827 4520 Na-

515 4559 774 4609 vetustate
803 4553 1011 4622 peccati
1051 4551 1106 4608 in
1135 4569 1334 4608 novum
1378 4555 1654 4610 hominem
1695 4557 1996 4611 instaurare
2021 4557 2105 4612 di-
2133 4561 2189 4623 Β
2212 4558 2333 4600 Cum
2358 4545 2432 4610 ait
2459 4560 2473 4598 ε
2497 4543 2722 4600 (Ῑαηιαὺο
2749 4544 2968 4610 Domino
2993 4549 3048 4601 in
3077 4550 3178 4606 vita
3219 4565 3362 4616 mea.
3395 4562 3610 4622 tempus
3643 4555 3828 4626 signi.-

515 4656 742 4718 gnatur,
774 4646 914 4702 sicut
943 4648 998 4702 in
1027 4647 1468 4718 quinquagesimo
1499 4648 1707 4717 psalmo
1739 4647 1977 4718 legitur:
2009 4647 2110 4702 Cor

514 4737 758 4808 mundum
775 4753 894 4792 area
921 4739 976 4793 in
998 4755 1097 4806 me,
1127 4738 1262 4793 Deus
1285 4738 1459 4808 (Psal.
1485 4739 1674 4808 ι,12).
1702 4738 1928 4805 ReSpit‘e
1945 4740 2110 4794 etiam

512 4831 633 4901 quia
658 4831 750 4888 ubi
779 4829 1074 4886 deiecimus
1101 4841 1347 4886 nostrum
1378 4831 1652 4901 pulverem
1701 4831 1867 4895 dixit;
1897 4830 1987 4886 ubi
2017 4846 2108 4886 re-

513 4937 782 4993 paramur,
811 4922 1070 4992 Spiritum
1105 4923 1316 4977 Domini
1347 4936 1468 4977 esse
1515 4921 1828 4991 proﬁtetur,
1860 4930 1918 4974 ut
1945 4933 2107 4976 nemo

512 5015 621 5072 suis
648 5015 853 5070 meritis
882 5015 1154 5084 applicare
1196 5013 1370 5082 possit
1407 5012 1551 5083 quod
1583 5025 1807 5066 munere
1829 5009 2108 5066 Creatoris

511 5107 796 5174 acceperit.
827 5108 1064 5163 Audiam.
1099 5108 1350 5176 sacrilegi
1397 5106 1656 5174 Spiritum
1699 5113 1945 5158 sanctum
1982 5118 2108 5161 esse

510 5195 848 5261 Creatorem;
875 5196 1006 5252 dicit
1026 5199 1172 5254 enim
1199 5214 1213 5252 :
1240 5197 1430 5252 Emitte
1451 5199 1691 5267 spiritum
1711 5206 1860 5250 tuum
1881 5205 1930 5250 et
1957 5212 2110 5249 creas

509 5290 718 5354 buntur.
763 5289 900 5346 Audi
941 5298 994 5356 et
1031 5289 1192 5356 alibi,
1218 5290 1307 5346 ubi
1339 5290 1560 5345 Creator
1602 5288 1840 5359 Spiritus
1878 5297 2100 5342 sanet-us

509 5380 764 5446 edicitur;
807 5380 880 5436 ait
907 5380 1052 5436 cnim
1081 5381 1180 5435 Job
1215 5399 1226 5435 :
1259 5381 1486 5453 Spiritus
1519 5381 1720 5435 divinus
1749 5381 1839 5451 qui
1877 5383 2000 5453 fecit
2023 5397 2112 5455 me.

519 5473 652 5546 (Job
701 5489 891 5540 xxxut,
944 5474 977 5530 4
1008 5474 1059 5544 );
1109 5490 1230 5528 nam
1280 5491 1398 5531 cum
1447 5475 1688 5530 divinum
1736 5475 2005 5544 appellat,
2047 5482 2118 5544 et,

516 5567 684 5622 Deum
740 5575 796 5620 et
845 5566 1152 5624 Creatorem
1210 5568 1467 5639 Spiritum
1527 5577 1764 5622 sanctum
1822 5568 2102 5624 evidenter

510 5659 763 5718 ostendit.

579 5751 734 5814 Vers.
761 5750 849 5812 51.
876 5751 957 5808 Sit
989 5752 1155 5824 gloria
1176 5751 1383 5808 Domini
1412 5755 1463 5808 in
1493 5751 1739 5808 sarculum
1761 5750 1974 5822 swculi;
2001 5753 2120 5821 ιω

2213 4639 2358 4704 ﬂeat,
2383 4653 2504 4694 cum
2533 4639 2584 4692 in
2619 4637 2721 4694 hoc
2751 4640 2951 4698 mundo
2978 4639 3178 4710 degere
3195 4641 3500 4704 videbatur.
3543 4644 3635 4702 Sic
3661 4648 3826 4706 eni-

2214 4729 2272 4786 lit
2297 4730 2405 4788 vita
2451 4730 2556 4784 ista
2579 4745 2768 4786 revera
2791 4731 2996 4798 vitalis,
3027 4733 3076 4788 si
3103 4732 3286 4789 laudes
3313 4735 3528 4792 Domini
3553 4737 3827 4798 coniti-ﬂ

2214 4824 2577 4880 exsultatione
2606 4833 2912 4882 canteutur.
2963 4824 3034 4880 Et
3075 4841 3145 4882 ne
3173 4827 3426 4882 crederes
3453 4827 3647 4888 laudes
3675 4830 3826 4890 ista

2215 4930 2390 4976 morte
2418 4933 2580 4989 posse
2599 4919 2771 4990 ﬁniri,
2801 4919 3028 4990 adjecit,
3057 4920 3278 4990 psallam
3303 4918 3417 4975 Deo
3445 4937 3560 4978 meo
3578 4926 3824 4993 quandi:

2213 5029 2298 5083 ero
2314 5031 2333 5080 ;
2364 5014 2571 5070 scilicet
2601 5015 2654 5076 in
2678 5015 2857 5078 futuro
2879 5013 3101 5080 saculo,
3133 5013 3221 5072 ubi
3245 5021 3299 5069 et
3328 5028 3452 5072 esse
3488 5029 3822 5086 perpetuum

2211 5115 2324 5174 est,
2357 5116 2411 5160 et
2436 5105 2734 5175 psalmodia
2773 5121 2882 5170 non
2907 5107 3072 5164 habet
3116 5106 3306 5180 linem.
3349 5106 3584 5164 Pulchre
3629 5117 3826 5169 autem

2209 5197 2440 5267 positqu
2480 5209 2596 5265 est,
2622 5199 2855 5267 quandiu
2887 5214 3008 5263 ero;
3040 5211 3164 5252 nam
3191 5197 3317 5251 dum
3354 5196 3675 5254 immortalis
3694 5201 3828 5269 jam

2209 5291 2395 5359 lactus,
2423 5291 2654 5362 quondm
2683 5303 2758 5346 est
2783 5291 2932 5362 cupit
2957 5292 3200 5362 psallere,
3229 5306 3448 5362 semper
3487 5291 3672 5362 utiqe
3695 5291 3828 5348 hn-

2203 5385 2301 5446 des
2328 5385 2540 5439 Domini
2561 5383 2699 5440 velle
2721 5383 2976 5453 probatur
2995 5382 3234 5444 edicere.
3261 5383 3382 5450 Quo
3401 5381 3609 5440 indicio
3629 5382 3826 5439 deem

2204 5486 2380 5532 ratum
2401 5477 2628 5546 estquid
2654 5477 2761 5534 sint
2785 5477 2956 5536 acturi
2980 5477 3072 5546 qui
3093 5475 3148 5530 in
3177 5475 3321 5533 illam
3343 5475 3574 5546 patriam
3597 5490 3822 5533 merue-

2207 5571 2312 5625 rint
2333 5571 2562 5626 feliciter
2588 5570 2896 5626 introntitti.
2930 5569 3249 5624 Laudabunt
3272 5568 3472 5638 iugiter
3492 5567 3816 5632 Dominum,

2204 5663 2328 5731 quia
2359 5679 2478 5718 eum
2516 5677 2730 5730 semper
2758 5661 3038 5728 videbunt,
3061 5661 3190 5716 dum
3223 5660 3315 5715 illa
3342 5659 3694 5728 pulchritudo
3733 5663 3818 5716 in-

2204 5754 2518 5820 enarrabilis
2543 5755 2742 5814 excitat
2772 5755 3100 5826 praeconium
3125 5752 3245 5810 sine
3279 5752 3388 5808 line
3417 5750 3724 5822 diligentis.
