4062 6344
180 306 221 318 “’
266 306 375 362 7H

1202 305 1566 383 EXPOSITIO
1600 307 1667 377 IN
1709 306 2174 375 PSAIII'ERIUM.
2216 312 2411 373 PSAL.
2451 313 2585 371 CIV.

3418 368 3433 373 τ
3452 320 3555 380 7ιὲ

345 419 496 478 Vers.
525 420 614 478 55.
641 420 829 478 Suavis
852 422 917 478 sit
942 423 989 479 ei
1019 423 1248 479 laudatio
1271 441 1381 479 mea
1405 442 1422 483 ε
1459 439 1549 494 ego
1576 438 1691 477 vero
1717 421 1852 476 dele-
1884 426 1939 486 Α
1961 425 2187 495 epistola
2211 428 2275 482 ad
2299 428 2605 485 Marcellam
2630 428 2954 502 Hieronymo
2975 431 3201 499 traditur
3216 446 3546 507 exponente,

266 514 519 570 etaltorin
543 514 784 571 Domino.
809 517 938 572 Duas
963 518 1180 588 quidem
1210 533 1298 574 res
1327 526 1469 583 sunt,
1498 518 1591 572 sed
1620 524 1861 586 utraeque

265 607 375 664 sibi
402 607 556 678 parili
584 608 845 665 societate
867 613 1228 668 consentiunt.
1260 613 1351 681 Sic
1370 612 1512 667 enim
1546 610 1777 665 Domino
1800 611 1861 664 ﬁt

263 699 441 755 suavis
465 708 647 755 nostra
688 700 954 770 laudatio,
996 704 1041 759 si
1069 719 1167 759 nos
1190 705 1497 760 delectemur
1520 704 1574 759 in
1604 702 1860 768 Domino;

266 800 639 865 quantumque
664 793 758 849 ille
782 795 935 853 nobis
965 796 1225 853 dulcescit
1244 837 1259 864 ,
1283 806 1429 852 tanto
1453 798 1472 870 ι
1495 814 1615 851 mss.
1644 799 1736 865 A.,
1766 794 1857 869 B.,

268 884 372 956 Ρη
400 887 629 963 tantum]
649 889 731 946 illi
753 889 1022 947 efﬁcimur
1036 893 1331 948 cbariores.
1358 894 1411 948 In
1439 907 1497 948 se
1528 892 1670 948 enim
1696 872 1862 947 unus-

265 985 499 1056 qnisquo
525 986 764 1055 reperit,
796 987 971 1058 qualis
1011 988 1152 1057 apud
1192 987 1526 1058 maiestatem
1566 987 1713 1042 illam
1741 1000 1861 1043 esse

270 1078 463 1149 possit.
490 1081 696 1134 Amans
725 1079 985 1151 diligitur,
1010 1081 1285 1151 negligens
1318 1080 1619 1150 spernitur,
1648 1079 1863 1133 deside-

270 1185 400 1228 rans
424 1172 740 1229 sustinetur.
768 1172 852 1230 Sit
877 1189 1006 1245 ergo
1052 1174 1207 1230 nobis
1245 1174 1507 1229 Divinitas
1531 1172 1859 1238 dulcissima,

270 1275 331 1321 nt
360 1276 413 1322 et
441 1267 550 1322 vita
571 1274 755 1322 nostra
782 1266 831 1322 ei
856 1266 1109 1322 reddatur
1129 1277 1368 1337 accepta.
1396 1266 1502 1321 Pro
1529 1266 1687 1321 nobis
1716 1264 1860 1320 enim

270 1359 522 1430 iubemur
562 1367 623 1413 ut
651 1374 718 1415 ex
747 1367 858 1414 toto
897 1360 1092 1425 corde,
1141 1373 1205 1414 ex
1250 1368 1356 1412 tota
1399 1358 1611 1422 anima,
1644 1372 1707 1411 ex
1751 1362 1862 1411 tota

270 1451 469 1506 virtute
498 1450 666 1505 Deum
708 1448 1026 1520 diligamus;
1062 1459 1118 1505 ut
1161 1450 1214 1505 in
1259 1464 1320 1505 ea
1366 1450 1561 1504 iterum
1612 1460 1863 1503 mensura

267 1540 443 1612 ipsius
471 1541 614 1599 dono
638 1541 984 1598 dilectionem
1012 1543 1257 1613 recipere
1283 1557 1612 1597 mereamur.

346 1632 507 1689 Vers.
534 1634 623 1688 54.
663 1632 917 1704 Deﬁciant
946 1647 1233 1703 peccatores
1260 1651 1292 1688 a
1318 1643 1475 1700 terra,
1502 1642 1547 1689 et
1574 1636 1755 1707 injusti
1792 1634 1865 1689 ita

270 1732 333 1782 ul
353 1740 458 1780 non
476 1726 596 1781 sint.
628 1724 877 1794 Benedic,
905 1729 1079 1781 anima
1102 1744 1243 1793 utea,
1268 1726 1513 1781 Domino.
1549 1725 1808 1794 Deficiunt
1831 1742 1864 1779 a

1962 521 2049 589 qui
2078 520 2213 575 dixit
2243 537 2257 575 :
2300 521 2537 579 Primum
2583 524 2673 580 Dei
2712 540 2909 582 nomen
2931 536 3015 583 est
3040 528 3123 595 El,
3157 529 3208 584 id
3234 540 3340 599 est,
3373 530 3552 591 fortis.

1963 613 2166 669 Deinde
2198 615 2368 671 Eloim
2399 626 2451 672 et
2480 617 2629 683 Eloe,
2662 621 2804 690 quod
2836 631 3122 692 utrumque
3153 623 3349 681 dicitur
3381 625 3544 697 Deus.

1964 706 2115 763 Unde
2144 709 2467 778 geminatum
2502 710 2807 782 frequenter
2854 714 3142 786 invenitur,
3170 727 3227 773 ut
3252 729 3371 785 est,
3408 718 3546 779 Deus

1926 882 1931 885 _
1962 797 2102 853 Deus
2126 816 2282 869 meus,
2308 802 2500 872 respice
2526 804 2579 857 in
2600 820 2677 856 me
2701 803 2874 874 (Psal.
2900 821 3007 873 ut,
3038 806 3125 876 “2):
3158 816 3212 862 et
3239 807 3388 871 illud,
3414 807 3553 867 Deus

1966 889 2104 944 Deus
2128 908 2287 957 meus,
2322 910 2479 963 quare
2501 911 2579 947 me
2594 896 2948 966 dereliquisti?
2973 907 3047 967 et,
3075 897 3209 953 Deus
3229 900 3367 956 Deus
3389 919 3553 973 meus,

1964 983 2031 1035 ad
2055 992 2101 1037 te
2118 983 2181 1036 de
2204 985 2312 1039 luce
2330 984 2484 1058 vigilo
2511 985 2683 1058 (Psal.
2716 1005 2849 1057 1.x",
2872 987 2949 1060 ἓ),
2975 999 3029 1046 et
3045 992 3125 1046 his
3141 992 3361 1049 similia.
3385 992 3557 1061 Quar-

1966 1082 2076 1127 tum
2106 1073 2367 1142 Sabaoth,
2401 1076 2541 1146 quod
2574 1087 2655 1131 est
2678 1081 3033 1135 exercituum.
3064 1081 3317 1149 Quintum
3335 1082 3551 1153 Παλίου,

1965 1183 2124 1237 quem
2150 1184 2246 1223 nos
2267 1172 2538 1227 excelsum
2562 1173 2811 1231 dicimus.
2831 1176 3055 1232 Sextum
3078 1179 3390 1246 Esereheie,
3413 1182 3556 1250 quod

1964 1264 2129 1337 354
2155 1264 2208 1318 in
2253 1264 2440 1322 Exodo
2470 1266 2694 1337 legitur:
2734 1271 2834 1338 Qui
2859 1281 2932 1326 est
2964 1274 3100 1327 misit
3129 1290 3205 1328 me
3229 1274 3247 1344 (
3273 1272 3446 1331 Exod.
3476 1290 3556 1342 tu,

1970 1356 2081 1426 Ml.
2108 1358 2405 1426 Septimum
2436 1359 2675 1426 Adonai,
2700 1377 2858 1431 quem
2890 1379 2987 1418 nos
3017 1364 3299 1421 Dominum
3334 1381 3560 1435 genera-

1967 1452 2092 1507 liter
2118 1454 2473 1523 appellamus.
2508 1453 2764 1510 Octavum
2794 1457 2878 1526 la,
2916 1459 3060 1528 quod
3087 1460 3198 1515 Deo
3232 1470 3437 1521 tantum
3467 1476 3561 1539 ap-

1968 1546 2217 1615 plicatur,
2243 1554 2297 1600 et
2320 1547 2371 1599 in
2396 1547 2621 1602 Alleluia
2643 1557 2889 1603 extrema
2920 1552 3124 1621 syllaba
3146 1563 3317 1607 sonat.
3352 1554 3560 1613 Nonum

1967 1637 2494 1709 Tetragrammaton,
2529 1641 2671 1711 quod
2701 1641 2970 1698 ineliabile
2998 1656 3352 1713 nuncupatur.
3401 1647 3561 1702 Deci-

1967 1746 2111 1785 mum
2170 1730 2398 1797 Saddai,
2458 1731 2509 1785 id
2560 1741 2643 1787 est
2681 1732 2957 1789 robustum
2998 1745 3052 1790 et
3091 1736 3450 1791 sufﬁcientem
3494 1718 3561 1791 ad

269 1835 410 1881 terra
433 1834 740 1896 peccatores,
770 1826 895 1881 dum
942 1835 1151 1880 terrena
1197 1824 1489 1894 cupiditate
1521 1824 1740 1892 privati,
1770 1837 1864 1894 per
1895 1818 1945 1883 B
1970 1822 2150 1876 omnia
2178 1822 2550 1893 perpetranda,
2578 1831 2632 1878 et
2659 1833 2874 1879 caetera.
2899 1823 3080 1880 Novus
3104 1828 3261 1895 plane
3290 1826 3477 1882 titulus
3509 1837 3562 1897 et

270 1916 368 1974 Dei
398 1920 625 1991 gratiam
653 1917 718 1972 ad
750 1918 975 1973 meliora
1004 1919 1173 1972 studia
1213 1918 1580 1982 concitantur;
1612 1924 1666 1970 et
1695 1916 1863 1986 iniqui

270 2010 439 2068 simili
462 2013 625 2066 modo
646 2010 919 2078 deﬁciunt,
938 2011 1150 2081 quando
1175 2010 1296 2064 mali
1311 2008 1421 2080 jam
1443 2023 1568 2065 esse
1590 2008 1862 2065 desinunt.

236 2126 237 2129 η
270 2103 400 2161 Haec
422 2105 565 2160 enim
611 2104 780 2175 magis
820 2106 992 2159 oratio
1023 2119 1179 2174 quam
1221 2102 1528 2158 maledictio
1576 2110 1659 2158 est
1691 2119 1705 2157 :
1742 2101 1866 2174 quia

273 2199 449 2254 omnis
472 2197 651 2268 justus
677 2212 797 2253 cum
830 2199 922 2251 Dei
947 2197 1239 2252 Ecclesium
1265 2196 1410 2267 cupit
1437 2197 1646 2266 augeri,
1679 2210 1865 2265 pecca-

274 2302 425 2348 tores
450 2301 596 2362 optat
620 2293 736 2347 sine
785 2293 1115 2348 dubitatione
1154 2293 1425 2359 converti,
1468 2292 1699 2346 maxime
1743 2306 1864 2346 cum

274 2384 490 2439 noverit
535 2384 944 2439 desiderabilem
992 2386 1280 2440 adventum
1333 2383 1542 2437 Domini
1587 2398 1754 2453 usque
1800 2382 1867 2439 ad

274 2475 777 2546 praedestinatorum
826 2490 1106 2531 numerum
1148 2484 1311 2545 posse
1348 2474 1627 2546 suspendi.
1672 2474 1868 2545 Sequi-

274 2578 383 2635 tur,
433 2567 674 2635 Benedic,
717 2569 888 2621 anima
916 2584 1047 2633 mea,
1088 2567 1335 2623 Domino.
1380 2567 1608 2635 Dignum
1657 2566 1868 2621 initium

275 2657 501 2730 psalmi,
533 2658 725 2726 dignus
754 2670 809 2712 et
845 2658 999 2724 ﬁnis,
1032 2652 1184 2711 illum
1213 2672 1426 2726 semper
1452 2655 1746 2710 benedicere
1779 2656 1869 2725 qui

275 2766 611 2822 nequaquam
642 2750 839 2806 desinit
862 2749 1106 2805 lidelibus
1131 2749 1417 2820 aliquando
1441 2759 1717 2818 praestare.
1743 2748 1872 2804 lltcc

275 2857 491 2915 quoque
509 2841 802 2899 similitudo
831 2842 1112 2897 sententiae
1140 2842 1262 2913 (nisi
1292 2841 1471 2912 fallor)
1496 2841 1633 2896 sicut
1660 2841 1750 2895 illa
1777 2855 1871 2895 su-

281 2938 484 3007 perior,
510 2936 575 2991 ad
602 2936 721 2991 illos
748 2935 1030 2992 referenda
1060 2944 1143 2991 est
1168 2936 1282 3006 qui,
1307 2944 1597 3006 praestante
1619 2935 1868 3003 Domino,

275 3028 532 3099 religiosa
549 3028 808 3101 principia
833 3028 957 3085 vitae
985 3041 1097 3083 suae
1119 3041 1240 3083 cum
1270 3029 1505 3099 glorioso
1535 3026 1640 3081 ﬁne
1664 3025 1871 3097 junxe-

276 3130 433 3180 runt.

819 3232 1087 3291 Conclusio
1124 3234 1329 3307 psalmi.

353 3348 688 3415 Audivimus,
713 3347 856 3405 bone
882 3363 1007 3417 rex,
1032 3359 1229 3421 quanta
1251 3348 1406 3405 nobis
1428 3348 1497 3404 de
1524 3347 1763 3406 veritatis
1787 3364 1868 3407 ar-

277 3460 418 3505 cano
438 3452 775 3507 sacramenta
801 3442 1130 3511 proluderis,
1154 3443 1385 3499 docuisti
1414 3443 1867 3511 quemadmodum
1942 3484 1945 3487 ς

278 3535 532 3595 tendatur
567 3535 786 3600 caelum,
812 3548 974 3604 supra
1010 3534 1178 3591 coelos
1206 3543 1383 3589 autem
1411 3548 1562 3603 aquae
1590 3537 1695 3589 sint
1718 3535 1868 3604 posi-

278 3640 373 3697 tae,
394 3630 573 3685 lunam
604 3629 794 3684 iactam
826 3628 879 3683 in
910 3637 1149 3696 tempora
1181 3626 1329 3697 [ed.,
1364 3626 1417 3681 in
1449 3637 1689 3696 tempore
1706 3626 1748 3698 '1,
1781 3640 1870 3682 so-

280 3722 388 3783 lem
405 3734 649 3777 occasum
675 3734 831 3775 suum
841 3720 906 3773 .in
926 3734 1173 3789 magnum
1193 3716 1505 3787 mysterium
1528 3719 1867 3787 cognovisse.

280 3812 503 3870 Discant
522 3812 701 3882 potius
725 3811 863 3866 hanc
886 3825 1006 3866 esse
1028 3823 1272 3867 veracem
1295 3808 1658 3864 conditionem
1687 3823 1866 3864 rerum

279 3906 552 3977 superﬂue
574 3904 831 3972 studiosi,
861 3907 950 3976 qui
979 3904 1048 3961 de
1072 3903 1352 3960 stellarum
1379 3917 1539 3958 cursu
1561 3902 1711 3958 vanis
1740 3917 1867 3973 sup-

285 4002 647 4074 putationibus
662 4001 968 4057 eluduntur.
989 3999 1222 4056 Audiant
1238 3998 1546 4067 magistrum
1563 4000 1865 4065 caelestem,

282 4096 559 4153 doctorem
583 4110 853 4161 veracem,
880 4103 1211 4151 narratorem
1230 4103 1489 4149 creatura:
1511 4106 1621 4148 suae
1637 4132 1653 4157 ,
1685 4093 1777 4163 qui
1800 4093 1866 4148 ad

281 4190 496 4259 ineptas
520 4189 909 4260 exquisitioues
936 4198 1197 4253 currunt;
1222 4187 1313 4257 qui
1338 4186 1464 4240 dum
1494 4184 1741 4253 discipuli
1769 4185 1870 4239 fal-

281 4296 466 4338 sarum
484 4282 793 4352 opinionum
811 4296 933 4338 esse
953 4282 1196 4350 cupiunt,
1220 4277 1606 4349 cognoscendae
1628 4277 1867 4334 veritatis

283 4382 525 4445 tempora
554 4372 917 4445 perdiderunt.

586 4487 946 4545 EXPOSITIO
982 4487 1049 4542 IN
1081 4483 1407 4541 PSALMUM
1435 4481 1567 4538 CIV.

955 4579 1199 4633 Alleluia.

355 4695 469 4751 Hoc
507 4693 652 4751 verbi
695 4693 859 4750 decus
898 4708 928 4747 a
957 4691 1207 4761 praesenti
1252 4690 1458 4760 psalmo
1488 4687 1613 4743 fecit
1635 4686 1865 4755 initium,

280 4802 383 4844 nec
405 4794 529 4842 ante
555 4800 584 4840 a
610 4802 875 4857 quoquam
905 4786 1109 4855 reperis
1152 4783 1403 4852 positum,
1438 4781 1683 4852 quamvis
1717 4778 1869 4834 multi

279 4881 572 4949 scriptores
606 4877 805 4934 fuerint
841 4878 1087 4948 primitus
1116 4875 1485 4930 llebrrcorum.
1514 4872 1664 4929 Scire
1690 4881 1866 4927 autem

258 4974 540 5035 idebemus
563 4972 786 5027 Alleluia
810 4972 980 5026 neutri
1003 4970 1216 5041 generis
1238 4982 1358 5023 esse
1382 4966 1655 5022 deﬁnitum
1683 4983 1696 5032 ;
1726 4966 1867 5035 quod

280 5078 337 5125 et
367 5077 582 5122 sanctus
606 5067 962 5140 Hieronymus
985 5068 1035 5120 in
1058 5066 1392 5134 expositione
1420 5064 1656 5133 ejusdem
1678 5064 1870 5133 psalmi

278 5159 561 5214 evidenter
607 5159 875 5229 designat,
906 5157 1045 5228 quod
1077 5170 1195 5210 eum
1231 5156 1281 5208 in
1331 5153 1604 5209 Hebraicis
1635 5152 1873 5209 fontibus

279 5251 552 5307 credimus
580 5251 869 5305 invenisse.
900 5250 963 5304 Et
991 5250 1111 5303 ideo
1140 5248 1438 5317 ubicunque
1466 5260 1524 5302 se
1552 5245 1700 5301 locus
1730 5254 1874 5302 attu-

276 5348 426 5414 lerit,
455 5361 485 5401 a
513 5347 824 5404 doctissimo
854 5348 969 5402 viro
997 5345 1270 5416 prmllxam
1305 5343 1543 5414 regulam
1575 5343 1873 5415 subseque-

281 5457 404 5497 mur
431 5459 446 5496 :
478 5444 727 5510 quoniam
754 5457 917 5496 unum
949 5448 1108 5508 atque
1137 5436 1398 5505 integrum
1433 5450 1650 5489 manere
1691 5436 1869 5503 debet,

280 5538 426 5606 quod
458 5537 653 5592 nullius
683 5537 871 5607 lingua:
897 5532 1317 5604 praesumptione
1353 5538 1610 5583 mutatum
1640 5537 1743 5584 est.
1778 5530 1870 5582 Al-

282 5627 444 5684 leluia
466 5630 607 5683 enim
636 5629 774 5697 apud
807 5629 951 5697 ipsos
974 5625 1188 5691 dicitur,
1216 5622 1426 5676 laudate
1458 5620 1656 5685 Deum;
1686 5620 1734 5675 id
1765 5630 1867 5685 est,

284 5723 481 5790 allelu,
531 5724 769 5790 laudate;
840 5724 891 5777 ia
944 5722 1141 5793 quippe
1212 5716 1534 5773 invisibilem
1605 5715 1871 5784 signiﬁcat

284 5816 487 5883 Deum;
515 5817 656 5889 quod
698 5832 859 5874 unum
891 5832 954 5874 ex
984 5815 1167 5872 decem
1201 5811 1502 5871 nominibus
1529 5822 1649 5867 esse
1676 5806 1793 5878 Dei,
1815 5808 1871 5865 in

1895 3193 1942 3257 C

1923 1951 1931 1959 .
1970 1914 2096 1969 dicti
2126 1915 2293 1984 ipsius
2322 1917 2583 1971 brevitate
2625 1918 2979 1988 conspicuus;
3010 1920 3109 1975 hoc
3136 1918 3397 1977 Ecclesiis
3427 1920 3565 1977 voti-

1969 2024 2117 2073 vum,
2135 2008 2233 2064 hoc
2246 2010 2443 2063 sanctis
2467 2008 2844 2067 festivitatibus
2856 2014 3109 2069 decenter
3126 2000 3561 2071 accommodant.

1970 2098 2110 2155 Ilinc
2136 2110 2357 2156 ornatur
2386 2101 2564 2172 lingua
2613 2112 2936 2163 cantorum:
2987 2104 3128 2160 istud
3177 2105 3298 2160 aula
3346 2104 3559 2175 Domini

1970 2194 2090 2250 lazta
2120 2193 2433 2264 respondet,
2459 2202 2511 2250 et
2544 2203 2793 2265 tanquam
2824 2195 3128 2252 insatiabile
3168 2199 3363 2253 bonum
3394 2198 3563 2271 tropis

1972 2302 2187 2357 semper
2227 2288 2556 2344 variantibus
2589 2291 2895 2345 innovatur.
2946 2292 3009 2345 Et
3053 2292 3172 2347 ideo
3201 2293 3561 2361 exspecmnda

1972 2379 2099 2452 [ed.,
2126 2377 2447 2451 expetenda]
2479 2390 2605 2434 sunt
2626 2384 2807 2436 suavia
2831 2382 2970 2436 dicta
2998 2385 3345 2451 psalmorum,
3370 2386 3565 2455 quibus

1973 2480 2078 2524 tam
2116 2471 2287 2525 dulcis
2316 2485 2493 2540 praeco
2534 2472 2896 2542 praemittitur.
2931 2472 3066 2541 Quid
3098 2475 3238 2530 enim
3286 2476 3435 2545 sequi
3467 2492 3562 2545 po-

1972 2571 2095 2628 test,
2127 2562 2251 2619 liinc
2278 2563 2434 2617 datur
2458 2564 2712 2633 intelligi,
2745 2564 2849 2641 ubi
2875 2573 2930 2619 et
2957 2565 3140 2619 titulus
3181 2567 3295 2637 ipse
3322 2566 3557 2624 laudatio

1972 2663 2075 2708 est.
2105 2653 2406 2709 Notandum
2437 2664 2695 2723 praeterea
2722 2656 2858 2719 quod
2890 2671 2984 2727 per
3010 2672 3201 2713 omnes
3241 2658 3337 2714 hos
3376 2661 3563 2730 viginti

1973 2747 2210 2818 psalmos
2236 2747 2327 2817 qui
2351 2748 2581 2803 Alleluia
2608 2749 2761 2804 titulo
2784 2752 3222 2818 praescrihuntur,
3252 2751 3304 2806 id
3328 2761 3409 2806 est
3437 2767 3566 2822 pra:-

1972 2849 2180 2895 sentem
2222 2855 2328 2909 etv,
2357 2855 2445 2907 cv,
2484 2855 2592 2907 cvr,
2625 2855 2713 2906 cx,
2741 2857 2847 2907 cxx,
2881 2857 3019 2907 cxu,
3065 2858 3222 2907 cxtu,
3255 2859 3405 2910 cxIv,
3436 2858 3565 2911 cxv,

1974 2948 2117 3001 CXVI,
2141 2948 2303 3003 CXVII,
2323 2949 2507 3005 CXVIII,
2532 2950 2752 2999 CXXXIV,
2772 2951 2968 3002 CXXXV,
2987 2952 3144 3003 CXLV,
3166 2952 3341 3002 CXLVI,
3366 2953 3565 3006 CXLVII,

1974 3042 2189 3092 cxmn,
2222 3043 2400 3094 crux,
2429 3043 2512 3093 cu,
2552 3029 2764 3084 Domini
2792 3030 3052 3100 magnalia
3083 3030 3481 3099 describantur,
3511 3040 3568 3088 et

1975 3118 2190 3188 cOpiosa
2222 3118 2276 3172 in
2304 3118 2381 3173 eis
2408 3117 2767 3174 exsultatione
2791 3119 3049 3191 gaudetur
3074 3119 3216 3191 [mss
3242 3120 3330 3187 A.,
3357 3119 3447 3187 B.,
3470 3118 3567 3190 F.,

1974 3208 2355 3282 gaudendum].
2390 3210 2627 3279 Quorum
2662 3226 2917 3268 numerus
2946 3210 3099 3282 parili
3128 3213 3387 3268 societate
3429 3210 3567 3267 Novi

1972 3311 2028 3358 et
2057 3301 2265 3356 Veteris
2292 3301 2623 3357 Testamenti
2668 3303 2891 3376 gloriam
2936 3304 3163 3360 fortasse
3209 3306 3477 3376 designat,
3507 3314 3568 3363 ut

1972 3395 2207 3465 potentia
2237 3394 2512 3450 Creatoris
2540 3411 2754 3467 semper
2794 3398 2984 3453 debeat
3013 3408 3067 3453 et
3096 3398 3292 3469 ubique
3332 3399 3540 3455 laudari

1972 3486 2373 3544 Evidentiorem
2398 3505 2525 3545 vero
2552 3505 2767 3545 causam
2794 3505 2900 3545 non
2925 3491 3244 3559 invenimus,
3268 3506 3366 3548 cur
3394 3492 3447 3547 in
3475 3492 3562 3559 his

1974 3591 2177 3638 tantum
2209 3582 2429 3652 psalmis
2456 3581 2679 3635 Alleluia
2700 3581 2768 3635 sit
2793 3582 3045 3652 positum.

2553 3694 2746 3749 Divisio
2772 3693 2978 3764 psalmi.

2044 3807 2233 3864 Sciens
2278 3807 2537 3877 propheta
2583 3807 2837 3877 pupulum
2881 3806 3230 3862 liebrmorum
3271 3807 3563 3867 offendisse

1976 3899 2285 3969 frequenter
2311 3898 2596 3953 Dominum
2622 3898 2894 3965 (quoniam
2915 3913 3065 3967 spem
3094 3913 3245 3953 suam
3269 3900 3322 3953 in
3355 3908 3566 3968 tempo-

1971 3992 2174 4047 ralibus
2203 3989 2364 4045 rebus
2385 3988 2766 4058 beneﬁciisque
2796 3988 3166 4059 posuerunt),
3197 3989 3371 4058 prima
3414 3999 3566 4058 parte

1973 4084 2160 4138 ﬁdeles
2190 4081 2444 4137 admonet
2472 4089 2532 4135 ut
2558 4095 2682 4135 eum
2727 4081 3082 4149 Spiritualiter
3121 4094 3336 4151 semper
3363 4082 3562 4152 exqui-

1972 4188 2115 4234 rant.
2162 4175 2411 4233 Secunda
2454 4190 2550 4244 per
2598 4174 3023 4243 patriarcharum
3068 4177 3318 4245 exempla
3368 4190 3556 4233 eorum

1973 4272 2137 4328 corda
2159 4269 2465 4337 conﬁrmat,
2495 4267 2786 4323 omendens
2814 4267 2933 4322 illos
2963 4284 2995 4323 a
3016 4267 3246 4323 Domino
3265 4283 3369 4323 non
3394 4267 3562 4326 luisse

1954 4366 2295 4430 derelictos,
2335 4364 2427 4435 qui
2449 4362 2566 4434 ejus
2596 4361 2826 4433 imperio
2846 4364 3167 4419 servierunt.
3202 4364 3400 4429 Tertia.
3414 4373 3567 4435 parte

1974 4458 2283 4514 dinumerat
2320 4466 2522 4527 quanta
2570 4466 2623 4511 et
2659 4457 2836 4526 qualia
2881 4457 3118 4525 patrihus
3154 4472 3341 4512 eorum
3393 4460 3564 4514 virtus

1895 4581 1950 4663 D
1974 4553 2150 4608 divina
2171 4554 2475 4623 praestiterit
2495 4571 2507 4605 :
2534 4552 2772 4622 pericula
2786 4553 2983 4621 .Ioseph
3004 4554 3345 4622 honoresque
3361 4552 3564 4607 descri-

1974 4648 2129 4712 bens,
2164 4646 2441 4701 introitum
2464 4645 2519 4700 in
2550 4645 2833 4715 Aigyptum
2855 4658 3283 4700 commemorans
3310 4644 3564 4700 Hebraeo-

1976 4755 2115 4805 rum.
2132 4740 2331 4805 Quarta
2346 4736 2973 4807 relertquemadmodum
2994 4736 3319 4792 lsraeliticus
3333 4736 3562 4805 populus

1968 4836 2041 4891 ab
2062 4835 2296 4890 inimicis
2317 4833 2683 4902 suisjussione
2706 4832 2916 4887 Domini
2938 4847 3035 4903 per
3062 4831 3277 4903 Moysen
3304 4841 3358 4887 et
3381 4834 3559 4889 Aaron

1976 4926 2203 4981 diversis
2229 4923 2395 4993 plagis
2418 4922 2796 4993 Egyptiorum
2839 4922 3000 4978 fuerit
3016 4923 3334 4980 vindicatus.
3366 4924 3561 4992 Quinta

1977 5014 2237 5073 describit
2277 5025 2473 5083 quanta
2507 5014 2746 5071 Hebraeis
2777 5014 3085 5084 praestiterit
3132 5016 3186 5069 in
3231 5017 3476 5085 deserto;
3506 5028 3564 5075 ut

1980 5124 2089 5165 non
2116 5109 2170 5163 in
2203 5107 2587 5176 temporalibus
2609 5109 2764 5164 bouis
2791 5108 3103 5179 gauderent,
3136 5109 3231 5165 sed
3264 5121 3325 5166 ut
3352 5114 3561 5181 magnis

1978 5200 2253 5259 beneﬁciis
2274 5198 2502 5267 deliuiti,
2532 5199 2937 5267 justiﬁcationes
2964 5200 3081 5270 ejus
3100 5209 3153 5256 et
3170 5202 3341 5272 legem
3368 5202 3561 5259 devoto

1981 5302 2200 5363 pectore
2222 5289 2575 5347 custodirent.
2604 5292 2696 5347 Sic
2718 5290 2993 5360 longitudo
3018 5292 3212 5362 psalmi
3240 5295 3562 5366 compendio

1978 5385 2302 5443 divisionum
2333 5398 2428 5455 per
2452 5391 2627 5453 partes
2656 5384 2819 5439 missa
2844 5384 3124 5444 dulcescit.

2522 5497 2787 5565 E;rposi:io
2809 5499 3014 5568 psalmi.

2050 5621 2200 5675 Vers.
2232 5620 2279 5673 l.
2301 5616 2625 5685 Conﬁtemiui
2654 5613 2892 5687 Domino,
2911 5626 2957 5670 et
2980 5618 3205 5671 invocare
3226 5632 3406 5671 nomen
3426 5618 3563 5691 ejus;

1975 5713 2276 5768 annuntiate
2305 5712 2433 5765 inter
2462 5720 2630 5783 gentes
2652 5727 2806 5782 Opera
2832 5712 2962 5781 ejus.
2999 5710 3052 5763 In
3083 5710 3183 5764 hoc
3210 5724 3364 5764 versu
3392 5709 3562 5763 tribus

1975 5815 2183 5866 constat
2212 5805 2447 5879 partibus
2468 5804 2599 5863 ordo
2630 5804 2913 5863 dictorum.
2946 5804 3126 5861 Primo
3154 5803 3283 5859 dicit
3334 5798 3563 5867 Conﬁte-
