4092 6344
532 346 641 408 πει

1751 336 1823 394 Μ.
1866 335 2143 395 AURELII
2181 335 2587 400 CASSIODOR!

3724 355 3829 414 7“

534 461 657 517 mini
688 460 933 527 Domino,
964 457 1015 515 id
1035 468 1139 524 est,
1166 453 1380 512 laudate
1405 467 1549 522 eum,
1576 462 1631 509 et
1660 451 1815 509 bonis
1838 452 1990 509 factis
2010 468 2131 524 gra-
2156 457 2211 516 Α
2234 457 2577 525 prmsentiant
2600 464 2715 528 ejus
2743 461 2912 531 cupit,
2942 476 2971 517 a
3001 478 3163 533 prava
3193 478 3253 522 se
3278 466 3495 523 actione
3523 472 3829 542 suspendit.

533 553 662 609 tiam
689 553 844 610 vobis
870 550 1175 606 Divinitatis
1195 545 1454 617 acquirite
1476 563 1488 598 :
1514 545 1635 616 quia
1664 544 1892 616 idipsum
1912 553 1994 602 est
2015 546 2132 602 lau-

534 645 663 700 dare
689 645 996 706 Dominum,
1023 655 1120 696 ore
1141 639 1223 695 illi
1252 639 1509 695 honorem
1534 639 1766 704 deferre,
1800 648 1852 694 et
1874 639 2129 709 operibus

534 736 652 805 ejus
674 734 944 805 jussiones
977 732 1213 789 efﬁcere.
1236 730 1328 786 llla
1354 731 1499 785 enim
1525 729 1793 787 confessio
1816 730 1903 785 hic
1930 729 2131 785 intelli-

533 826 703 896 genda
725 834 830 893 est,
857 838 974 894 qua:
1003 821 1217 879 Domini
1249 823 1514 891 prteconia
1541 822 1820 878 celebrare
1843 835 1949 876 non
1979 820 2133 877 desi-

532 917 632 984 nit,
664 915 880 987 quando
904 924 959 971 et
988 914 1365 985 subsequentia
1392 914 1499 970 tale
1527 925 1711 971 votum
1755 915 2130 987 actionemque

534 1010 827 1065 declarant.
875 1008 1079 1066 Deinde
1122 1008 1395 1063 Dominum
1437 1018 1748 1064 commonet
1782 1009 2047 1074 invocari;
2074 1019 2131 1066 ut

534 1110 654 1171 post
683 1100 1037 1156 ministerium
1076 1102 1430 1157 sanctissima:
1461 1101 1635 1157 laudis
1660 1110 1812 1173 grate
1854 1104 2129 1173 possimus

535 1193 729 1249 audiri.
748 1193 1189 1250 Pratmittendum
1206 1202 1292 1251 est
1312 1195 1453 1249 enim
1470 1194 1596 1250 boni
1620 1195 1845 1265 aliquid,
1870 1206 1929 1252 ut
1957 1197 2128 1254 Judex

537 1301 638 1343 nos
666 1286 908 1357 placatus
952 1286 1224 1343 exaudiat.
1257 1285 1440 1342 Tertio
1482 1286 1632 1353 dicit,
1664 1288 1963 1343 annuntiate
1998 1290 2132 1343 inter

536 1391 706 1456 gentes
728 1398 883 1453 opera
911 1382 1056 1449 eius;
1085 1382 1230 1453 quod
1258 1382 1395 1436 bene
1428 1388 1605 1452 potest
1625 1379 1873 1449 gloriosis
1902 1396 2132 1451 evange-

538 1474 697 1540 listis,
726 1484 780 1529 et
809 1473 1165 1529 sanctissimis
1190 1474 1477 1543 apostolis,
1508 1482 1562 1529 et
1589 1488 1732 1529 nunc
1761 1473 2129 1529 sacerdotibus

537 1569 856 1634 convenire,
892 1568 982 1637 qui
1033 1583 1129 1637 per
1166 1576 1351 1639 gentes
1398 1566 1677 1623 universas
1717 1568 1983 1638 magnalia
2012 1567 2130 1639 ejus

538 1662 858 1716 annuntiare
887 1668 1199 1715 noscuntur.

611 1752 765 1808 Vere.
797 1752 852 1805 2.
885 1750 1165 1806 Cantateei
1194 1760 1245 1805 et
1266 1750 1469 1821 psallite
1492 1753 1559 1818 ei,
1601 1759 1809 1807 narrate
1830 1754 2002 1807 omnia
2030 1752 2130 1806 mi-

2237 549 2483 616 Qua'sivit
2498 553 2645 627 enim
2660 556 2841 624 {aciem
2863 555 3091 625 Judicis,
3111 558 3324 627 quando
3345 559 3479 615 dixit
3498 562 3789 632 Apostolus
3812 584 3826 620 :

2230 640 2436 698 Bonum
2479 655 2733 700 certamen
2780 647 2995 714 certavi,
3022 664 3230 703 cursum
3268 654 3649 718 consummavi,
3678 655 3830 721 fidem

2232 738 2426 793 servavi
2455 753 2476 792 :
2497 738 2562 793 de
2594 749 2778 795 cwtero
2819 741 3040 812 reposita
3068 751 3143 795 est
3188 742 3315 796 mihi
3366 758 3560 799 corona
3590 746 3828 816 justitite,

2230 848 2387 902 quam
2426 833 2601 889 reddet
2645 834 2771 887 milii
2820 830 3073 890 Dominus
3110 836 3165 891 in
3214 836 3310 891 illa
3336 836 3420 892 die
3438 840 3617 910 justus
3652 839 3829 898 Judes

2235 924 2322 996 (11
2347 924 2476 980 Tim.
2506 942 2580 992 tv,
2600 924 2653 995 7,
2688 925 2766 997 8).
2800 926 2947 982 Talis
2974 943 3100 999 ergo
3113 929 3259 999 juste
3279 930 3465 999 [aciem
3479 931 3677 1002 judicis
3692 950 3831 1004 quie-

2232 1017 2376 1086 sivit,
2407 1017 2497 1086 qui
2525 1032 2584 1074 se
2624 1017 2994 1074 coronandum
3041 1034 3166 1075 esse
3216 1020 3434 1077 Domini
3482 1024 3829 1081 miseratione

2234 1109 2536 1179 praisensit.

2311 1199 2462 1255 Vers.
2498 1201 2553 1256 5.
2585 1200 2893 1257 Mementote
2919 1203 3235 1259 ntirabilium
3263 1205 3377 1275 ejus
3391 1220 3504 1276 qua
3526 1208 3648 1278 fecit
3659 1224 3681 1273 ;
3708 1223 3827 1276 pro-
3851 1250 3854 1257 λ

2232 1291 2374 1364 digiu
2412 1293 2556 1362 eius,
2588 1302 2634 1346 et
2675 1294 2880 1363 judicia
2922 1296 3028 1351 oris
3052 1296 3187 1368 ejus.
3237 1295 3400 1352 Venit
3437 1298 3503 1353 ad
3540 1300 3828 1356 secundant

2232 1394 2463 1454 partem,
2489 1383 2579 1439 ubi
2596 1385 3018 1453 patriarcharum
3042 1388 3260 1443 nomina
3284 1398 3338 1444 et
3364 1389 3618 1447 beneﬁcia
3639 1392 3826 1458 refert;

2232 1485 2291 1532 ut
2312 1476 2464 1547 plebs
2478 1478 2676 1533 devota
2694 1478 2862 1547 possit
2878 1479 3187 1549 advertere,
3210 1480 3415 1535 nullum
3434 1481 3659 1537 Domino
3678 1482 3830 1541 inani

2232 1568 2519 1624 devotione
2555 1569 2827 1626 serviisse.
2856 1570 3122 1626 Hirabilia
3146 1570 3326 1643 itaque
3351 1574 3626 1644 pertinent
3651 1575 3720 1631 ad
3751 1575 3826 1631 di-

2232 1664 2494 1720 visionem
2521 1665 2685 1721 maris
2710 1663 2910 1732 Rubri;
2944 1666 3105 1739 355
3137 1666 3377 1739 prodigia
3397 1665 3464 1721 ad
3496 1666 3679 1737 plagas
3701 1682 3829 1736 quas

2234 1755 2381 1810 misit
2408 1755 2460 1810 in
2491 1754 2815 1827 Egyptum;
2834 1756 3040 1825 judicia
3071 1756 3178 1810 oris
3198 1758 3331 1827 ejus,
3364 1757 3617 1826 quoniam
3639 1765 3829 1812 cuncta

539 1846 724 1902 rnbilia
752 1846 885 1917 ejus.
917 1844 1151 1915 Exponit
1177 1846 1317 1915 quod
1344 1846 1591 1915 superius
1619 1846 1773 1911 dixit,
1802 1844 2132 1915 Conﬁtemini
2159 1836 2210 1899 B
2236 1845 2526 1917 complevit
2562 1860 2680 1917 quae
2721 1846 2889 1919 Moysi
2924 1861 3023 1903 suo
3054 1845 3257 1901 famulo
3286 1847 3604 1918 promisisse
3641 1846 3828 1918 digno-

541 1935 789 1994 Domino.
820 1938 1033 1993 Cantate
1058 1937 1203 1992 enim
1247 1936 1316 1992 ad
1356 1937 1584 2008 hymnos
1627 1937 1862 2007 pertinet
1902 1937 2138 1994 olleren-

539 2030 670 2097 dos;
715 2029 920 2100 psallite
962 2030 1029 2084 ad
1076 2031 1192 2099 pias
1239 2043 1432 2099 operas
1480 2029 1848 2098 explicandas.
1892 2028 1959 2083 Et
2007 2038 2137 2084 tunc

541 2123 677 2180 dixit
703 2122 965 2178 narranda
984 2121 1259 2188 mirabilia,
1286 2121 1499 2191 quando
1528 2119 1726 2177 fuerint
1749 2120 1856 2176 duo
1879 2121 1977 2177 ista
2000 2136 2139 2193 pra:-

543 2217 730 2272 missa.
767 2216 957 2269 Omnia
981 2215 1124 2270 enim
1142 2255 1158 2281 ,
1191 2214 1459 2285 significat
1487 2214 1585 2271 ista
1608 2230 1728 2285 quae
1751 2214 1991 2271 dicturus
2031 2223 2135 2271 est.

541 2309 656 2364 Non
687 2317 769 2365 est
793 2308 935 2363 enim
963 2308 1316 2363 humanarum
1346 2308 1540 2363 virium
1580 2308 1751 2363 omnia
1779 2325 1994 2363 narrare
2019 2324 2139 2380 qua:

540 2404 710 2458 virtus
734 2401 1041 2456 Divinilatis
1070 2411 1345 2470 operatur,
1377 2401 1514 2456 sicut
1544 2399 1598 2455 in
1625 2402 1925 2456 centesimo
1951 2404 2140 2473 quinto

546 2495 749 2566 psalmo
770 2493 1010 2549 dicturus
1031 2499 1151 2547 est:
1181 2491 1309 2557 Quis
1336 2490 1570 2560 loquetur
1609 2495 1862 2562 potentias
1910 2492 2139 2558 Domini,

543 2588 747 2641 auditas
767 2586 916 2656 faciet
937 2601 1109 2639 omnes
1131 2585 1310 2639 laudes
1331 2586 1444 2654 ejus
1465 2582 1631 2655 (Psal.
1656 2600 1740 2653 cv,
1765 2583 1856 2654 2)?
1877 2584 1981 2640 Sed
2000 2584 2141 2640 istud

542 2678 764 2735 schema
803 2676 1002 2733 dicitur
1047 2692 1077 2732 a
1122 2684 1273 2747 parte
1315 2684 1506 2746 totum,
1552 2676 1697 2747 quod
1742 2678 1796 2731 in
1847 2676 2142 2746 Scripturis

544 2772 741 2829 divinis
767 2771 1077 2841 frequenter
1122 2770 1393 2835 invenies;
1428 2784 1530 2825 nec
1574 2768 1729 2825 aliter
1770 2777 1920 2826 recte
1966 2777 2144 2838 potest

546 2864 821 2936 Evangelii
864 2865 1064 2919 dictum
1097 2862 1225 2918 illud
1252 2863 1517 2934 intelligi:
1554 2861 1777 2916 Verbum
1802 2877 1924 2917 caro
1948 2864 2144 2933 factum

544 2968 639 3023 est,
671 2969 718 3012 et
747 2956 987 3011 habitavit
1033 2955 1085 3009 in
1116 2955 1260 3008 nobis
1303 2955 1321 3026 (
1346 2953 1500 3009 Joan.
1536 2970 1575 3021 ι,
1608 2951 1674 3009 id
1697 2952 1745 3024 );
1771 2953 1922 3024 quasi
1955 2968 2061 3009 non
2088 2964 2144 3008 ct

543 3049 775 3104 animam
803 3047 964 3103 simul
987 3048 1360 3119 assumpserit,
1385 3060 1545 3117 quam
1571 3044 1882 3116 specialiter
1902 3041 2145 3099 liberare

543 3138 793 3213 dignatus
821 3148 925 3196 est.

2240 1938 2427 1993 scitur.
2454 1937 2543 1993 Sic
2565 1936 2619 1992 in
2644 1952 2749 1992 uno
2768 1936 3038 1994 versiculo
3059 1953 3178 2009 qua:
3200 1939 3385 1995 subter
3410 1938 3574 1995 latius
3593 1939 3830 1996 dicturus

2240 2038 2375 2096 erat,
2408 2030 2792 2100 propositionis
2832 2029 2952 2087 loco
2993 2029 3233 2087 breviter
3273 2039 3399 2087 ante
3430 2031 3683 2101 praefatus
3729 2040 3830 2089 est.

2240 2126 2355 2182 Hoc
2382 2136 2558 2182 tamen
2590 2133 2762 2182 totum
2789 2126 2979 2182 sentiri
3003 2125 3207 2182 mavult
3245 2127 3314 2182 de
3338 2124 3557 2182 Christo
3580 2125 3830 2185 Domino.

2240 2217 2393 2287 Quod
2421 2227 2793 2288 argumentum
2822 2216 3017 2274 dicitur
3039 2233 3073 2272 a
3103 2231 3352 2287 persona.

2316 2309 2467 2365 Vers.
2519 2308 2576 2365 6.
2625 2308 2811 2365 Semen
2863 2308 3123 2363 Abraham
3166 2310 3298 2365 servi
3340 2311 3492 2381 ejus;
3525 2311 3624 2379 ﬁlii
3668 2309 3831 2367 Iacob

2241 2403 2389 2459 electi
2418 2406 2555 2476 ejus.
2602 2400 3041 2458 Subaudiendum
3090 2408 3174 2458 est
3201 2401 3345 2472 quod
3386 2403 3638 2473 superius
3668 2404 3833 2471 dixit,

2244 2496 2572 2551 Mementote.
2604 2495 3056 2551 Perserutandum
3078 2503 3161 2551 est
3186 2502 3363 2550 autem
3388 2493 3532 2564 quod
3560 2495 3614 2549 in
3643 2509 3832 2566 magna

2245 2590 2571 2646 discretione
2598 2589 2857 2658 propheta
2890 2586 3109 2643 Abralue
3153 2601 3346 2651 semen,
3378 2600 3548 2640 servos
3577 2586 3831 2657 appellat,

2245 2683 2384 2753 ﬁlios
2403 2682 2565 2737 Jacob
2589 2682 2773 2737 electos
2794 2680 3010 2736 Domini
3037 2694 3158 2735 esse
3182 2692 3639 2735 commemorans.
3663 2678 3831 2735 Judaei

2246 2774 2389 2829 enim
2420 2782 2765 2828 contumaces
2803 2784 2939 2843 quos
2987 2770 3076 2826 hic
3118 2770 3329 2824 mavult
3374 2769 3621 2838 intelligi,
3655 2769 3832 2825 carnis

2246 2865 2463 2920 Abraha:
2501 2880 2672 2918 semen
2717 2862 2975 2926 fuerunt;
3017 2874 3155 2931 quos
3199 2861 3395 2916 merito
3439 2876 3610 2915 servos
3662 2862 3831 2930 dicit,

2247 2955 2495 3027 quoniam
2528 2954 2751 3025 perﬁdia
2778 2953 3011 3011 faciente
3038 2952 3133 3007 lilii
3154 2965 3274 3007 esse
3303 2951 3605 3019 noluerunt,
3629 2952 3832 3021 quibus

2248 3050 2363 3119 ipse
2390 3048 2649 3103 Dominus
2668 3045 2797 3101 dicit
2822 3063 2834 3098 :
2873 3044 2977 3099 Vos
3012 3044 3058 3098 si
3083 3042 3181 3112 ﬁlii
3205 3042 3423 3096 Abrahte
3455 3041 3647 3107 essetis,
3673 3058 3832 3111 opera

2248 3142 2469 3197 Abrahae
2516 3141 2759 3211 fecissetis
2800 3138 2981 3210 (Joan.
3031 3152 3141 3204 vm,
3176 3136 3291 3208 '59).
3323 3134 3493 3192 Filios
3515 3134 3681 3191 Iacob
3710 3150 3833 3194 vero

615 3231 770 3287 Vers.
799 3232 855 3287 5.
897 3230 1205 3285 Laudtimini
1235 3232 1289 3286 in
1329 3229 1533 3286 nomine
1564 3239 1742 3284 sancto
1764 3232 1906 3301 ejus;
1934 3236 2137 3283 .attetur
2168 3221 2215 3287 C
2246 3234 2510 3305 significat
2558 3232 2902 3288 ﬁdelissimos
2938 3229 3298 3294 Christianos,
3326 3228 3421 3299 qui
3449 3225 3696 3286 hmredes
3733 3227 3833 3283 Do-

543 3340 632 3378 cor
652 3328 986 3393 qurerentium
1007 3324 1308 3379 Dominum.
1337 3325 1416 3381 Ne
1452 3326 1571 3394 quis
1599 3325 1825 3379 forsitan
1860 3322 1973 3379 suis
2012 3322 2142 3377 viri-

543 3415 643 3471 bus
682 3415 1008 3485 applicaret,
1038 3431 1161 3472 eum
1206 3416 1330 3471 boni
1372 3416 1571 3487 aliquid
1616 3424 1907 3486 operatur,
1932 3417 2140 3484 lcautus

548 3508 739 3563 doctor
762 3507 977 3578 fragiles
1017 3517 1202 3565 monet
1239 3509 1455 3575 dicens,
1484 3524 1589 3564 non
1626 3509 1678 3564 in
1708 3522 1872 3563 sensu
1900 3508 2137 3578 proprio,

545 3598 641 3656 scd
674 3599 728 3655 in
761 3599 986 3655 Domino
1035 3614 1155 3656 esse
1197 3600 1665 3671 gloriandum;.ut
1694 3599 2010 3671 jactanliam
2034 3599 2139 3654 fal-

543 3704 657 3745 sam
687 3691 975 3761 refugiaut,
1007 3708 1129 3748 cum
1172 3694 1287 3748 haec
1325 3708 1355 3748 a
1382 3691 1672 3749 Divinitatc
1716 3706 1971 3748 concessa
2018 3706 2138 3748 esse

544 3794 903 3854 cognoscant;
934 3785 1146 3840 sicutct
1182 3784 1233 3840 iu
1260 3784 1367 3842 alio
1414 3785 1624 3856 psalmo
1651 3784 1846 3856 legitur
1876 3800 1891 3839 :
1923 3784 1992 3838 In
2025 3785 2135 3839 Do-

541 3875 679 3930 mino
703 3876 995 3931 laudabitur
1020 3878 1195 3931 animo
1216 3894 1327 3933 utea
1349 3876 1524 3951 (Psal.
1553 3892 1743 3946 χχχιιι,
1770 3878 1846 3947 5).
1877 3876 1991 3932 Non
2009 3891 2139 3948 ergo

550 3976 693 4025 vetat
720 3976 779 4023 ut
808 3968 1108 4037 laudemur,
1152 3971 1276 4041 quia
1302 3969 1458 4025 bonis
1487 3968 1788 4024 actionibus
1816 3984 1925 4025 non
1960 3977 2139 4040 potest

539 4074 627 4116 res
671 4059 776 4115 ista
813 4059 1096 4130 denegari;
1129 4060 1222 4116 sed
1253 4070 1310 4115 ut
1350 4061 1403 4115 in
1455 4059 1681 4117 Domino
1713 4059 2010 4127 laudemur,
2042 4059 2136 4131 qui

543 4162 762 4225 praestat
787 4153 879 4210 illa
921 4169 1041 4225 quae
1066 4154 1206 4212 bene
1243 4156 1500 4225 gerimus.
1534 4156 1601 4209 Et
1630 4163 1686 4210 ut
1712 4154 2137 4211 consolationem

538 4248 719 4305 dotali
744 4263 805 4306 re
829 4258 1127 4318 sumerent,
1156 4249 1393 4320 adjecit:
1421 4248 1645 4304 Laetetur
1670 4265 1759 4303 eor
1797 4249 2137 4320 qurerentium

539 4341 855 4413 Dontijtumf;
884 4343 1091 4399 scilicet
1120 4343 1245 4400 inde
1284 4344 1500 4411 lectetur,
1530 4343 1574 4398 si
1602 4341 1922 4413 prmdicatur
1953 4344 2005 4398 in
2033 4342 2138 4398 Do-

540 4435 689 4493 mino
706 4451 722 4502 ;
743 4451 849 4492 non
864 4444 1043 4494 autem
1061 4436 1108 4492 si
1125 4436 1193 4492 de
1208 4451 1306 4493 suo
1324 4450 1484 4507 posse
1505 4436 1771 4493 laudatur.
1800 4435 2134 4506 Praecipuum

537 4530 694 4587 nobis
719 4540 773 4586 et
799 4530 1097 4603 gloriosum
1129 4528 1398 4601 siquidem
1430 4542 1551 4586 esse
1578 4528 1759 4598 debet,
1791 4529 2006 4600 quando
2033 4542 2133 4584 no-

2243 3328 2376 3384 mini
2401 3342 2521 3383 esse
2558 3334 2872 3382 noscuntur.

2312 3420 2468 3476 Vers.
2514 3420 2566 3474 7.
2608 3417 2733 3488 Ipse
2780 3415 3034 3471 Dominus
3075 3416 3217 3471 Deus
3254 3426 3469 3485 noster,
3498 3416 3552 3469 in
3602 3414 3833 3469 universa

2242 3522 2379 3569 terra
2398 3512 2601 3585 judicia
2629 3514 2760 3582 ejus.
2794 3511 3038 3567 Monetur
3079 3522 3267 3566 semen
3306 3506 3539 3565 Abrahae
3569 3514 3627 3563 et
3651 3521 3834 3562 semen

2240 3605 2442 3672 Jacob,
2492 3613 2552 3660 ut
2606 3604 2938 3660 Salvatorem
2990 3612 3235 3659 nostrum
3286 3616 3396 3657 non
3450 3602 3613 3657 unius
3658 3598 3833 3670 gentis

2242 3699 2448 3763 Deum,
2478 3696 2572 3752 sed
2618 3696 2903 3751 Dominum
2953 3695 3177 3751 credant
3215 3708 3338 3751 esse
3368 3701 3657 3749 terrarum.
3702 3692 3833 3749 Nam

2241 3790 2379 3846 sicut
2405 3788 2598 3857 ubique
2624 3786 2840 3841 dilatata
2870 3794 2952 3840 est
2972 3785 3236 3851 Ecclesia,
3269 3786 3340 3840 ita
3370 3799 3467 3854 per
3490 3783 3676 3839 orbem
3706 3797 3832 3855 pro-

2242 3888 2429 3952 pagata
2478 3886 2605 3934 sunt
2648 3878 2767 3948 ejus
2810 3878 2927 3933 sine
2972 3876 3307 3934 dubitatione
3335 3877 3559 3947 judicia.
3591 3874 3830 3932 Dicenda

2240 3974 2384 4030 enim
2407 4014 2423 4042 ,
2456 3972 2580 4044 Ipse
2609 3968 2886 4037 Dominus,
2910 3977 3214 4026 commonet
3239 3969 3388 4025 illum
3412 3967 3631 4038 intelligi
3661 3967 3828 4023 debe-

2241 4080 2322 4135 re,
2352 4080 2510 4137 quem
2540 4064 2719 4135 populi
2768 4063 3077 4119 Judaeorum
3130 4060 3548 4133 cruciﬁgendum
3575 4072 3698 4116 esse
3738 4058 3828 4115 de-

2241 4167 2543 4216 creverunt.
2590 4156 2695 4213 Sed
2739 4157 2828 4227 qui
2859 4156 2998 4212 hanc
3029 4170 3219 4212 vocem
3248 4168 3354 4210 non
3395 4153 3707 4222 advertunt,
3732 4151 3828 4221 ipsi

2239 4270 2302 4313 se
2323 4256 2623 4327 specialiter
2641 4270 2670 4309 a
2702 4252 3021 4325 patriarehis
3044 4252 3250 4309 alienos
3274 4264 3395 4306 esse
3421 4248 3762 4318 proﬁtentur.

2313 4347 2470 4402 Vers.
2510 4345 2566 4401 8.
2613 4343 2815 4399 Memor
2855 4343 2954 4413 fuit
3002 4344 3058 4397 in
3103 4342 3349 4397 saeculum
3379 4340 3669 4395 testamenti
3718 4339 3823 4405 sui,

2239 4439 2375 4496 verbi
2394 4436 2530 4507 quod
2560 4436 2817 4492 mandavit
2840 4436 2895 4489 in
2923 4434 3063 4489 mille
3089 4435 3459 4507 generationes.
3484 4431 3688 4489 Memor
3712 4431 3828 4503 fuit,

2240 4547 2361 4588 cum
2414 4530 2675 4601 promissa
2705 4528 3012 4599 complevit.
3055 4526 3123 4583 In
3155 4527 3422 4594 sarculum,
3473 4526 3527 4581 in
3558 4526 3829 4583 aeternita-

535 4636 663 4679 tnen
691 4622 809 4694 ejus
851 4622 1164 4690 extollitur,
1211 4621 1305 4693 qui
1351 4620 1508 4677 nobis
1551 4621 1811 4678 beneﬁcia
1853 4620 2129 4691 profutura
2158 4605 2214 4668 Ῑ)
2239 4633 2366 4690 tem,
2397 4624 2518 4692 quia
2538 4620 2791 4693 quidquid
2809 4620 3067 4675 Dominus
3079 4603 3828 4691 promisitperenniﬁrmitate

534 4715 781 4786 largitur.
813 4715 966 4772 Unde
998 4716 1179 4771 nimia:
1208 4714 1557 4785 impudentiae
1588 4713 1688 4770 fuit
1731 4713 1935 4785 aliquid
1972 4727 2133 4785 quos-

536 4807 660 4863 dam
690 4809 950 4865 advcrsus
979 4807 1086 4865 hoc
1110 4808 1324 4879 dicere,
1351 4819 1539 4866 contra
1565 4823 1702 4877 quos
1732 4824 1840 4864 non
1873 4818 1983 4864 tam
2013 4823 2133 4865 cre-

535 4901 633 4958 bra
664 4901 967 4959 testimonia
985 4945 1002 4971 ,
1026 4903 1122 4960 sed
1154 4918 1289 4973 pene
1314 4904 1401 4959 lex
1432 4912 1542 4960 tota
1570 4904 1778 4974 prolata
1807 4914 1912 4961 est.

611 4993 763 5052 Vers.
792 4995 846 5051 4.
877 4996 1104 5066 Quaerite
1132 4996 1443 5061 Dominum,
1469 5007 1514 5050 et
1538 4996 1956 5065 conﬁrmamini;
1986 5012 2128 5068 qua:-

536 5088 633 5143 rite
653 5088 835 5156 [aciem
860 5091 969 5160 ejus
994 5106 1214 5162 semper.
1240 5090 1496 5145 Hortatur
1534 5098 1592 5144 ut
1615 5104 1676 5145 se
1701 5092 1769 5145 ad
1796 5091 2017 5160 prtemia
2049 5091 2131 5146 fu-

538 5188 655 5235 tura
682 5178 1033 5249 conﬁrment,
1064 5181 1179 5253 qui'
1201 5197 1326 5237 eum
1364 5196 1613 5253 quaerere
1651 5181 1985 5253 delegerunt.
2020 5183 2128 5239 Sed

536 5271 679 5328 istud
711 5270 1063 5341 desiderium,
1096 5273 1200 5329 ista
1226 5273 1503 5345 inquisitio
1544 5288 1654 5330 non
1684 5285 1769 5331 est
1813 5275 1902 5331 hic
1946 5275 2128 5345 aliquo

538 5371 780 5436 tempore
810 5366 1039 5424 ﬁnienda
1070 5384 1084 5421 :
1109 5368 1366 5437 quoniam
1393 5367 1617 5433 addidit,
1648 5383 1869 5436 semper,
1896 5369 2129 5423 maxime

535 5472 657 5514 cum
680 5457 922 5529 legatur:
959 5458 1060 5527 Qui
1088 5460 1212 5531 petit
1233 5460 1435 5529 accipit,
1463 5470 1507 5514 et
1531 5462 1614 5530 qui
1636 5459 1816 5530 quierit
1834 5459 2044 5526 invenit,
2075 5467 2125 5512 et

538 5553 766 5626 pulsanti
792 5556 1044 5626 aperietur
1073 5553 1226 5626 (Luc.
1256 5568 1315 5620 ιι,
1352 5553 1460 5625 10).
1488 5554 1619 5610 Nam
1641 5554 1784 5625 quod
1807 5554 1959 5621 dicit,
1987 5569 2125 5623 quiv-

534 5648 634 5704 rite
667 5649 852 5720 faciem
878 5650 1016 5720 ejus,
1069 5650 1408 5719 praesentiant
1452 5649 1752 5720 signiﬁcat,
1782 5662 1940 5719 quam
1977 5646 2129 5705 solus

538 5741 737 5821 qumrit
762 5742 981 5799 humilis
1016 5757 1084 5798 ac
1103 5741 1352 5798 devotus.
1374 5740 1624 5797 Judicem
1648 5741 1793 5796 enim
1820 5740 2132 5807 desiderare

536 5847 648 5895 non
669 5843 863 5909 potest,
890 5834 991 5893 nisi
1022 5833 1112 5907 qui
1133 5835 1201 5892 de
1226 5834 1393 5906 ipsius
1419 5833 1623 5905 pietate
1651 5834 1903 5903 conlidit;
1932 5843 1987 5892 et
2009 5851 2130 5894 cum

2238 4730 2554 4772 mansurum
2575 4721 2676 4769 est.
2702 4711 3014 4767 Testamenti
3033 4713 3135 4781 sui,
3157 4710 3537 4781 prophetarum
3559 4711 3828 4781 signiﬁcat

2241 4807 2671 4880 praedicationes,
2704 4819 2837 4876 quas
2876 4804 2945 4860 de
2971 4803 3133 4860 Verbi
3172 4804 3538 4860 incarnatione
3564 4803 3829 4874 praedixe-

2238 4916 2384 4961 runt.
2410 4904 2678 4974 Sequitur,
2708 4902 2847 4971 quod
2871 4902 3148 4956 mandavit.
3175 4899 3430 4954 Mandare
3445 4907 3525 4954 est
3546 4914 3645 4968 per
3668 4899 3825 4955 alium

2236 4999 2437 5069 aliquid
2471 4997 2682 5064 dicere;
2716 4997 2858 5067 quod
2885 4997 3068 5068 utique
3095 4996 3293 5052 factum
3321 5004 3426 5062 est,
3458 4995 3676 5066 quando
3706 5008 3827 5066 pro-

2239 5092 2415 5164 phetis
2444 5090 2624 5148 datum
2652 5097 2735 5145 est
2755 5088 2932 5145 futura
2962 5089 3306 5160 prophetare.
3339 5087 3410 5142 In
3436 5089 3577 5142 mitte
3605 5105 3827 5161 genera-

2238 5188 2428 5251 tiones;
2451 5185 2659 5240 ﬁnitum
2688 5198 2784 5253 pro
2812 5181 3018 5240 inﬁnito
3049 5182 3279 5252 positum
3322 5189 3437 5249 est,
3467 5181 3611 5252 quod
3653 5191 3827 5236 tamen

2237 5278 2420 5337 saeculi
2449 5278 2603 5333 istius
2634 5278 2739 5332 ﬁne
2766 5274 3128 5342 concluditur,
3175 5274 3262 5331 ubi
3289 5277 3567 5348 generatio
3596 5273 3825 5331 humana

2237 5369 2488 5442 sequenti
2514 5367 2615 5424 sibi
2640 5376 2797 5423 rotate
2824 5366 3082 5425 succedit.

2302 5465 2457 5521 Vers.
2490 5462 2544 5518 9.
2580 5460 2729 5528 Quod
2756 5460 3010 5532 disposuit
3052 5458 3123 5514 ad
3151 5461 3438 5527 Abraham,
3472 5468 3520 5517 et
3536 5465 3831 5535 juraments

2232 5560 2312 5617 sui
2338 5560 2407 5614 att
2440 5555 2611 5611 Isaac.

2313 5649 2466 5707 Vers.
2514 5649 2603 5705 10.
2637 5646 2703 5702 Et
2741 5648 2919 5702 statuit
2951 5645 3085 5703 illud
3126 5645 3289 5703 Jacob
3316 5647 3369 5702 in
3412 5654 3758 5717 praceptum,
3784 5653 3832 5700 et

2239 5741 2407 5800 Israel
2436 5742 2492 5795 in
2520 5747 2876 5797 testamentum
2920 5750 3188 5796 azternum.
3232 5739 3315 5795 Ad
3363 5740 3497 5796 illud
3540 5740 3829 5808 respondet

2240 5835 2381 5911 quod
2407 5835 2655 5906 superius
2682 5833 2813 5891 dixit
2884 5834 3169 5893 testamenti
3189 5836 3288 5891 sui.
3322 5834 3413 5892 Illa
3453 5834 3596 5893 enim
3625 5847 3746 5908 quis
3770 5831 3826 5889 in
