4092 6344
300 319 411 375 HS

1237 310 1597 369 EXPOSITIO
1627 314 1698 369 1N
1736 309 2195 395 PSALTERlUM.
2238 309 2426 371 PS'AL.
2469 307 2600 364 CIV.

3466 303 3574 363 716

307 433 485 489 Veteri
516 417 855 485 Testamento
888 426 1101 483 Abralue
1141 436 1197 483 ct
1222 426 1375 484 Isaac
1421 430 1738 498 patriarcbis
1768 445 1889 498 pro-
1922 432 1973 490 Α
1998 429 2148 497 panis
2171 425 2424 491 contrivit,
2452 425 2502 478 id
2536 431 2618 478 est
2649 421 2913 477 triticcum
2945 420 3174 478 fructum
3203 422 3459 493 perduxit
3506 427 3573 481 ad

305 527 471 580 missa
495 530 620 576 sunt
648 521 729 574 vel
753 520 952 589 jurata,
973 520 1150 574 statuit
1176 534 1261 586 ea,
1285 520 1337 574 id
1367 530 1450 575 est
1480 520 1626 574 ﬁrma
1638 523 1711 573 vit
1729 519 1890 574 Jacob

312 625 358 669 cl
382 614 574 679 Israel,
606 618 658 666 in
678 614 825 667 Novo
852 612 1057 666 scilicet
1082 612 1429 665 Testamento
1450 611 1591 680 quod
1619 622 1703 667 est
1730 620 1891 666 aster-

309 724 460 763 num.
495 704 656 761 Jacob
704 706 846 760 enim
886 713 941 761 et
964 703 1136 760 Israel
1162 703 1465 760 Christiana
1512 713 1750 774 tempora
1779 705 1893 773 ple-

306 814 535 869 rumque
563 798 866 867 signiﬁcare
893 810 1037 864 sa‘pe
1058 798 1165 864 jam
1193 796 1393 852 dictum
1409 805 1511 852 est.
1535 795 1741 850 Novum
1764 812 1895 851 vero

307 892 711 945 Testamentum
745 890 960 956 proprie
988 888 1184 942 dicitur
1214 899 1499 953 :ctcrnum,
1532 886 1653 956 quia
1687 885 1893 940 nullum

308 983 383 1037 illi
417 981 559 1036 aliud
586 980 870 1050 aliquando
897 979 1155 1039 succedit.
1186 980 1238 1033 in
1267 994 1373 1048 quo
1398 987 1483 1033 est
1501 978 1739 1032 omnium
1774 992 1896 1046 pro-

312 1076 601 1131 missorum
631 1074 894 1140 completa
932 1071 1206 1140 perfectio.
1338 1062 1343 1065 ⁷
1892 1084 1893 1087 η

387 1166 538 1222 Vers.
577 1167 663 1220 11.
691 1164 879 1219 Diccus
905 1164 1052 1218 :Tibi
1081 1164 1212 1218 dabo
1238 1174 1425 1219 terram
1453 1163 1720 1228 Chanaan,
1753 1163 1897 1233 funi-

309 1258 487 1313 culum
530 1256 844 1311 htereditatis
880 1265 1079 1310 vestrm.
1114 1256 1359 1309 Chanaan
1390 1257 1776 1323 interpretatur
1806 1254 1898 1307 hu-

313 1351 472 1405 milis.
492 1351 635 1419 Ergo
652 1350 930 1404 humilium
955 1359 1153 1403 terram
1172 1351 1555 1403 convenienter
1569 1346 1898 1401 Christianos

312 1448 631 1509 accepturos
682 1454 802 1494 esse
850 1440 1130 1510 signiﬁcat.
1180 1441 1296 1494 lloc
1334 1448 1419 1494 est
1464 1440 1606 1509 quod
1652 1439 1899 1507 superius

312 1534 479 1598 dixit,
508 1541 857 1587 toslamentum
886 1543 1154 1587 veternum.
1183 1531 1309 1586 llzec
1349 1532 1492 1586 enim
1519 1540 1658 1585 terra
1689 1531 1902 1584 humili-

315 1626 440 1680 tatis
455 1632 510 1679 et
528 1625 887 1679 inclinationis
904 1626 982 1679 sic
1004 1641 1033 1678 a
1050 1624 1301 1679 ﬁdelibus
1316 1626 1594 1693 accipitur,
1618 1633 1676 1678 ut
1696 1633 1901 1679 aeterno

318 1730 541 1770 munere
571 1723 834 1769 teneatur.
862 1713 1150 1768 Fuaiculus
1176 1724 1353 1768 autem
1380 1714 1714 1779 Ita’reditatis,
1742 1713 1901 1782 hujus

1998 517 2257 582 nihilum;
2286 516 2424 585 quod
2453 530 2642 570 revera
2676 513 2952 568 hominum
2980 529 3100 570 csse
3125 515 3362 570 noscitur
3394 515 3577 571 firmae

1998 614 2233 659 mentum
2259 645 2274 669 ,
2305 606 2443 659 sicut
2470 606 2521 659 in
2569 605 2831 672 superiori
2875 605 3079 674 psalmo
3107 606 3281 661 dixit:
3308 606 3376 659 Et
3428 609 3579 679 panis

1997 715 2086 752 cor
2106 696 2327 751 hominis
2356 697 2624 765 conﬁrmat
2648 694 2818 768 (Psal.
2852 710 2969 762 cut,
3000 695 3111 769 15).
3566 708 3572 737 τ

2071 828 2223 882 Vors.
2258 829 2342 881 l7.
2378 826 2519 881 Misit
2539 838 2657 880 ante
2682 845 2765 881 eos
2793 831 2993 894 virum;
3018 831 3070 884 in
3094 847 3293 886 servum
3319 836 3579 887 venunda-

1999 928 2081 971 lus
2106 929 2177 971 est
2223 919 2433 987 Ioseph.
2466 920 2593 973 Ante
2643 922 2969 988 patriarchas
2999 939 3133 992 quos
3176 926 3421 992 superius
3468 916 3582 979 uio-4

2003 1011 2251 1074 moravit,
2286 1012 2420 1064 misit
2446 1010 2664 1079 Ioseph,
2688 1028 2845 1083 quem
2872 1015 3061 1071 merito
3087 1016 3219 1070 dixit
3246 1019 3430 1085 virum,
3457 1021 3581 1088 quia

2004 1102 2170 1155 multa
2217 1116 2404 1170 passus
2431 1104 2655 1157 viriliter
2682 1116 2867 1159 cuncta
2914 1107 3186 1161 sustinuit.
3227 1088 3585 1177 Considerata;-

2000 1193 2125 1247 dum
2155 1204 2236 1246 t-st
2266 1194 2427 1247 etiam
2458 1195 2599 1263 quod
2632 1196 2761 1249 dicit
2787 1211 2906 1250 eum
2937 1196 3217 1253 Dominum
3248 1200 3460 1265 misisse,
3492 1206 3581 1275 qui

2001 1285 2222 1339 fratrum
2255 1302 2471 1340 suorum
2503 1288 2781 1357 iniquitate
2808 1290 3094 1345 distractus
3118 1300 3218 1346 est.
3250 1293 3407 1347 Novit
3436 1296 3579 1348 enim

2003 1374 2143 1429 Deus
2199 1376 2335 1430 bene
2390 1379 2463 1430 uti
2516 1379 2670 1431 malis
2722 1380 2945 1445 alienis;
2977 1390 3029 1436 et
3080 1382 3220 1437 sicut
3273 1394 3584 1450 peccatores

2001 1477 2265 1534 praecepta
2289 1467 2402 1535 ejus
2441 1468 2839 1523 cxsecrabililer
2870 1482 3207 1538 convertunt,
3248 1475 3316 1527 ita
3350 1478 3439 1530 illo
3468 1476 3580 1531 dis-

2001 1567 2235 1626 ponente
2301 1558 2434 1611 facta
2490 1559 2841 1627 pessimorum
2901 1561 2967 1615 ad
3020 1573 3242 1617 eventus
3298 1582 3585 1635 prosperos

2006 1650 2421 1704 transferuntur.
2454 1651 2584 1705 Nam
2625 1654 2941 1707 venundatus
2972 1652 3161 1723 Ioseph
3210 1656 3275 1709 ad
3308 1661 3584 1713 servitium

2006 1742 2244 1808 pervenit
2266 1743 2330 1795 ad
2352 1741 2575 1810 gloriam
2596 1782 2612 1808 ,
2634 1752 2689 1797 et
2719 1746 2830 1812 ipse
2869 1756 3050 1813 postea
3084 1748 3302 1809 fratrum
3337 1751 3587 1806 misertus

318 1806 518 1905 '“undi_
551 1806 817 1874 ⁸Ῐ8¹¹ί¹ίί⁵³ί
864 1815 1130 1861 ί⁰Γ¹¹¹⁰⁵³⁵
1162 1806 1613 1905 ³¹¹ῧξ¹⁵ίί³⁸ῄξ1¹¹²ξ
1644 1803 1901 1905 Pontif“
1934 1820 1979 1879 Β
2006 1803 2125 1897 est,
2156 1832 2246 1900 qui
2296 1803 2416 1887 eu'm
2469 1803 2760 1889 crudeliter
2805 1803 3029 1905 perdere
3078 1803 3458 1894 decreverant.

319 1911 416 1963 pro
443 1895 614 1951 salute
651 1905 967 1950 cunctorum
1014 1912 1106 1950 sua
1144 1899 1394 1966 passione
1443 1897 1707 1950 dissolvit.
1761 1895 1904 1951 Illius

317 1987 462 2041 cnim
498 1989 767 2057 susceptio
795 1989 977 2045 carnis
1018 2001 1200 2043 nostra
1230 1991 1485 2057 probatur
1512 1989 1818 2052 lttcreditas,
1851 1987 1905 2041 in

319 2094 421 2148 qua
466 2088 667 2135 teterna
715 2082 1030 2150 patrimonia
1061 2084 1185 2136 vitae
1230 2082 1467 2136 celestis
1511 2082 1827 2151 accipimus,
1861 2082 1905 2136 si

320 2185 383 2223 ea
427 2170 530 2225 ﬁxe
559 2180 719 2241 atque
764 2174 1111 2243 integerrime
1140 2172 1364 2227 credere
1396 2187 1723 2227 mereamur.
1773 2174 1905 2227 Nam

325 2259 425 2315 ista
474 2264 803 2331 comparatio
847 2263 916 2317 ab
958 2263 1039 2316 eis
1092 2271 1261 2316 tracta
1309 2270 1414 2326 est,
1453 2262 1648 2331 quibus
1691 2265 1804 2334 agri
1845 2278 1909 2318 ac

324 2353 693 2421 possessiones
717 2362 870 2409 tenso
898 2353 1025 2408 fune
1053 2354 1451 2407 dividebantur.

399 2443 551 2502 Vcrs.
602 2445 690 2501 12.
737 2445 864 2502 Cum
904 2455 1066 2500 essent
1114 2462 1324 2500 numero
1351 2446 1518 2512 brevi,
1548 2445 1842 2516 paucissimi
1864 2454 1910 2499 et

325 2534 506 2591 incolae
531 2535 584 2589 in
610 2551 697 2589 ea.

396 2625 554 2680 Vers.
587 2627 676 2681 15.
720 2623 786 2678 Et
810 2631 1215 2695 pertransierunt
1247 2628 1309 2680 de
1335 2635 1481 2694 gente
1514 2628 1573 2679 in
1604 2635 1831 2695 gentem,
1863 2635 1909 2678 et

325 2717 392 2772 de
412 2732 571 2785 regno
588 2717 661 2770 ad
709 2718 955 2787 populum
978 2718 1216 2771 alterum.
1258 2718 1414 2772 Venit
1438 2718 1505 2772 ad
1549 2720 1757 2774 tertiam
1795 2735 1912 2787 par-

329 2818 462 2873 tem,
489 2806 544 2860 in
565 2822 666 2876 qua
710 2816 1107 2876 consequenter
1152 2818 1434 2863 enumerat
1461 2818 1658 2879 quanta
1691 2810 1915 2879 patriar.

327 2896 447 2951 chis
492 2896 666 2951 virtus
706 2896 886 2952 divina
942 2898 1271 2967 prastiterit.
1326 2900 1561 2969 Denique
1616 2900 1737 2955 vide
1783 2901 1912 2971 quid

329 2988 590 3056 sequitur.

404 3079 558 3133 Vers.
593 3077 680 3132 14.
709 3076 835 3133 Non
862 3081 1087 3145 permisit
1115 3080 1371 3136 hominem
1399 3098 1581 3137 nocere
1603 3085 1696 3149 eis,
1723 3091 1773 3135 et
1793 3098 1909 3135 cor-

331 3169 485 3238 ripuit
514 3186 606 3239 pro
630 3171 704 3225 eis
726 3188 886 3243 reges.
1264 3156 1271 3163 ’

407 3262 560 3319 Vers.
608 3263 699 3319 l5.
741 3263 923 3320 Nolite
949 3275 1156 3338 tangere
1196 3267 1411 3322 christos
1439 3284 1596 3333 meos,
1628 3278 1677 3321 et
1712 3270 1766 3322 in
1795 3284 1916 3340 pro.

334 3355 498 3422 plactis
525 3354 649 3409 meis
675 3356 833 3410 nolite
862 3358 1157 3428 maliguari.
1192 3358 1289 3413 llic
1320 3369 1529 3426 tempus
1558 3359 1688 3413 illud
1715 3360 1920 3429 signiﬁ-

332 3455 450 3509 cat,
479 3447 691 3518 quando
739 3464 834 3502 rex
888 3448 1261 3519 Egyptiorum
1307 3451 1560 3505 divinitus
1613 3452 1919 3506 admonitus

331 3547 416 3592 est
468 3552 537 3594 ne
584 3539 814 3594 Abrahte
862 3555 1058 3595 nocere
1111 3550 1499 3608 praesumeret;
1555 3542 1698 3612 quod
1750 3542 1915 3596 simili

332 3630 493 3682 modo
518 3629 591 3684 de
623 3630 769 3685 Isaac
795 3640 1006 3684 constat
1035 3630 1302 3686 edoctum.
1335 3632 1674 3702 Quapropter
1701 3633 1919 3688 eviden-

332 3730 416 3778 ter
444 3721 740 3777 ostenditur
766 3723 942 3778 divina
976 3724 1268 3791 protectio,
1300 3735 1355 3778 ut
1401 3740 1591 3780 eorum
1639 3726 1782 3781 salus
1812 3742 1918 3781 non

333 3811 581 3866 humanis
616 3812 838 3879 viribus,
871 3812 966 3868 sed
1012 3827 1244 3880 superno
1284 3831 1505 3871 munere
1553 3826 1916 3884 praestaretur.

333 3904 468 3959 Illud
498 3919 711 3974 quoque
751 3906 1195 3974 perscrutandum
1243 3919 1326 3962 est
1352 3910 1493 3977 quod
1520 3925 1680 3977 supra
1718 3925 1920 3966 memo-

333 4007 481 4049 ratos
512 3996 839 4064 patriarchas
889 3998 1120 4053 christos
1148 3999 1421 4067 appellare
1470 4002 1761 4071 delegerit,
1793 4018 1918 4058 cum

332 4085 511 4140 adhuc
537 4101 640 4140 non
671 4085 855 4142 fuisset
879 4089 1061 4143 unctio
1090 4089 1379 4143 celebrati.
1401 4091 1442 4144 A
1471 4091 1597 4145 Saul
1628 4092 1770 4145 enim
1805 4094 1921 4148 haec

331 4194 424 4235 res
471 4182 698 4249 sumpsit
747 4183 978 4236 initium.
1033 4183 1137 4236 Sed
1166 4184 1414 4252 quoniam
1444 4194 1595 4237 erant
1625 4184 1678 4238 in
1729 4184 1919 4254 Spiritu

331 4273 648 4340 Christiani,
679 4275 900 4345 ejusque
927 4274 1046 4328 ﬁdei
1076 4275 1367 4344 probantur
1396 4290 1518 4331 esse
1546 4276 1748 4343 devoti,
1782 4278 1922 4330 sicut

330 4367 403 4421 de
432 4365 701 4421 Abraham
732 4368 987 4422 Dominus
1031 4367 1162 4421 dicit
1189 4383 1203 4420 :
1241 4367 1541 4437 Concupivit
1570 4368 1706 4421 diem
1754 4382 1922 4421 meum

331 4456 544 4522 videre;
572 4457 696 4510 vidit
722 4466 768 4511 et
802 4458 1002 4529 gavisus
1051 4467 1125 4512 est
1168 4456 1349 4526 (Joan.
1395 4474 1508 4523 vm,
1558 4459 1674 4528 56),
1730 4460 1923 4515 merito

2007 1926 2151 1979 enim
2179 1927 2354 1980 omnia
2386 1927 2463 1980 illi
2483 1930 2704 1981 adversa
2738 1928 2962 1984 feliciter
2982 1931 3351 2000 contigerunt,
3385 1942 3439 1987 ut
3470 1937 3589 1989 mis-

2006 2017 2244 2073 siofacta
2276 2018 2349 2073 sit
2372 2020 2599 2083 Domini,
2630 2019 2828 2090 Joseph
2855 2020 3038 2076 dolosa
3063 2024 3300 2077 venditio
3325 2041 3339 2089 ;
3369 2025 3507 2079 sicut
3535 2035 3590 2080 rt

2009 2111 2122 2179 ipse
2159 2111 2271 2165 suis
2299 2108 2550 2165 fratribus
2578 2111 2711 2165 dixit
2735 2126 2749 2165 :
2785 2110 2892 2165 Pro
2921 2111 3088 2167 salute
3115 2116 3249 2168 enim
3272 2128 3433 2168 vestra
3458 2117 3591 2169 misit

2008 2220 2087 2257 me
2116 2202 2253 2256 Deus
2282 2204 2335 2255 in
2384 2200 2672 2273 lEgyplum
2718 2201 2871 2273 (Gen.
2904 2220 3026 2270 xcv,
3054 2204 3139 2274 5);
3169 2214 3221 2259 et
3249 2204 3441 2261 iterum
3477 2207 3591 2275 ipse

2008 2294 2173 2347 dicit:
2214 2293 2316 2348 Vos
2354 2296 2556 2364 quidem
2579 2294 2834 2364 cogitastis
2869 2296 2934 2350 de
2960 2312 3039 2350 me
3065 2301 3295 2365 malum,
3330 2301 3421 2353 sed
3452 2299 3592 2354 Deus

2012 2385 2154 2437 vertit
2183 2383 2316 2436 illud
2352 2384 2403 2437 in
2444 2384 2630 2437 bonum
2663 2380 2813 2457 (Gen.
2844 2402 2895 2452 1.,
2926 2385 3044 2456 20).
3085 2387 3214 2454 Qum
3251 2405 3379 2444 vero
3406 2402 3592 2459 pertu-

2012 2475 2163 2539 lerit,
2197 2485 2590 2544 consequenter
2619 2466 2857 2545 exponit.
2889 2476 3036 2531 Ordo
3079 2489 3257 2533 autem
3306 2481 3591 2535 verborum

2012 2568 2136 2620 talis
2160 2575 2245 2621 est
2270 2583 2283 2621 :
2317 2564 2461 2621 Misit
2486 2578 2603 2620 ante
2639 2574 2725 2621 eos
2767 2568 2932 2621 virum
2960 2566 3174 2641 Ioseph,
3200 2571 3287 2639 qui
3316 2572 3370 2625 in
3400 2588 3594 2627 servum

2013 2657 2335 2710 venundatus
2361 2666 2453 2710 est.
2477 2657 2639 2729 356
2661 2657 2802 2711 Istud
2834 2660 3000 2728 enim,
3032 2660 3156 2726 Qui,
3180 2662 3473 2717 subaudire
3501 2663 3595 2719 ἀο-

2014 2750 2223 2817 bemus,
2249 2760 2305 2804 ut
2332 2749 2484 2804 nobis
2512 2759 2721 2804 constet
2747 2751 2989 2806 absoluta
3030 2753 3247 2809 locutio.

2090 2891 2242 2946 Vers.
2269 2891 2356 2946 18.
2386 2888 2804 2945 Humiliaverunt
2825 2891 2877 2944 iu
2901 2893 3228 2965 compedibus
3265 2894 3419 2965 pedes
3445 2898 3595 2968 ejus,

2016 2981 2207 3049 {mum
2254 2981 2581 3051 pertransivit
2628 2983 2804 3035 anima
2845 2979 2989 3055 [ms.
3039 2982 3128 3052 F.,
3171 2986 3430 3059 animam]
3461 2989 3595 3057 ejus.

2014 3074 2060 3127 Α
2096 3072 2380 3143 praeposito
2428 3071 2719 3127 Pharaonis
2742 3073 3235 3147 Putiphar,Joseph
3264 3077 3483 3147 quidem
3510 3094 3598 3135 re-

1942 3196 1987 3258 Ο
2018 3168 2206 3223 ductus
2242 3176 2325 3221 cst
2366 3166 2417 3220 in
2446 3180 2756 3232 carcerem;
2785 3170 3051 3237 compedes
3091 3178 3271 3226 autem
3323 3172 3601 3243 accepisse

2020 3272 2123 3310 non
2168 3256 2377 3326 legitur.
2409 3256 2515 3312 Sed
2550 3258 2662 3312 ﬁeri
2707 3259 2878 3328 pomit
2908 3272 2963 3315 ut
2992 3263 3083 3331 qui
3128 3262 3180 3316 in
3207 3265 3481 3333 ergastulo
3515 3260 3600 3320 rel-

2020 3360 2200 3403 trusus
2224 3358 2327 3417 est,
2357 3357 2411 3405 et
2447 3350 2638 3405 ferreis
2665 3352 2888 3406 nexibus
2919 3352 3179 3422 ligaretur
3200 3393 3217 3420 ,
3251 3358 3481 3411 maxime
3507 3358 3601 3426 qui

2020 3440 2070 3494 in
2104 3450 2252 3494 tanto
2280 3441 2503 3497 crimine
2540 3442 2717 3499 fuerat
2754 3456 3058 3501 accusatus.
3089 3446 3199 3503 Nec
3246 3448 3372 3503 illud
3402 3448 3601 3504 discre-

2019 3543 2111 3602 pat
2136 3534 2278 3603 quod
2309 3535 2381 3589 ibi
2408 3532 2688 3592 narratum
2709 3547 2813 3601 est,
2845 3540 3191 3595 miseratione
3216 3541 3453 3596 custodis
3482 3556 3602 3597 car-

2019 3624 2233 3678 ceribus
2262 3625 2424 3682 fuisse
2470 3629 2744 3697 praelatum
2769 3646 2784 3696 ;
2824 3631 2938 3686 ﬁeri
2977 3633 3119 3688 enim
3149 3635 3317 3700 potuit
3337 3644 3398 3688 ut
3424 3644 3479 3689 et
3504 3636 3604 3691 ista

2021 3716 2409 3784 praecederent,
2457 3727 2512 3774 et
2558 3718 2646 3774 illa
2693 3731 3063 3789 sequerentur.
3109 3722 3443 3793 Quapropter
3487 3725 3604 3793 ipse

2020 3805 2324 3876 Scripturas
2353 3808 2558 3864 divinas
2586 3810 2933 3878 probabiliter
2960 3813 3229 3882 intelligit,
3259 3815 3346 3884 qui
3384 3815 3604 3885 singulis

2021 3899 2320 3967 quibusque
2371 3899 2503 3953 locis
2530 3900 2816 3955 crediderit
2848 3902 3023 3957 inesse
3048 3904 3349 3958 veritatem.
3375 3904 3507 3958 Nam
3550 3917 3606 3961 et
3667 3885 3677 3897 ”

2022 3990 2075 4043 in
2123 3992 2420 4046 centesimo
2465 3993 2622 4046 tertio
2674 3994 2882 4061 psalmo
2928 3994 3127 4049 dictum
3167 4004 3249 4051 est
3281 4014 3293 4049 :
3326 3998 3427 4063 Qui
3483 4002 3605 4069 facit

2021 4085 2231 4151 angelos
2252 4100 2371 4136 suos
2401 4085 2627 4151 spiritus,
2654 4085 2794 4154 quod
2839 4085 3022 4155 utique
3046 4086 3097 4140 in
3131 4084 3323 4144 Genesi
3350 4104 3452 4145 non
3477 4091 3604 4159 legi-

2024 4183 2130 4229 tur.
2161 4176 2267 4231 Sed
2299 4176 2530 4247 Spiritus
2578 4188 2795 4232 sanctus
2820 4176 3000 4247 aliqua
3027 4177 3079 4233 in
3118 4180 3436 4245 prmcedeuti
3466 4183 3607 4235 rela-

2026 4270 2169 4323 tione
2190 4268 2569 4338 praztermittit,
2593 4283 2642 4323 ut
2664 4269 3039 4339 subsequentia
3067 4271 3291 4341 gratiam
3311 4273 3604 4342 reperiant,

2023 4377 2144 4417 cum
2172 4374 2348 4417 causae
2375 4361 2597 4416 veritate
2622 4370 2831 4417 servata
2860 4362 3056 4433 aliquid
3088 4364 3338 4420 novitatis
3367 4365 3604 4421 edicunt.

2026 4453 2211 4509 Refert
2235 4465 2364 4522 ergo
2390 4451 2694 4508 humiliatos
2720 4452 2883 4521 pedes
2913 4454 2965 4507 in
2994 4454 3363 4523 Compedibus,
3391 4464 3449 4508 ut
3468 4454 3607 4508 alni-

331 4563 463 4618 ergo
490 4547 742 4617 appellati
784 4559 911 4603 sunt
948 4563 1103 4602 sacro
1133 4551 1374 4617 nomine,
1418 4564 1554 4617 quos
1578 4549 1688 4619 jam
1718 4550 1914 4604 Christi
1945 4575 1994 4634 Β
2025 4547 2254 4600 ctiouem
2283 4547 2525 4613 corporis
2547 4545 2824 4600 indicaret.
2856 4545 3090 4609 Addidit,
3126 4547 3320 4613 ferrum
3346 4555 3607 4614 pertrans-

332 4639 469 4693 fides
501 4640 825 4709 probabatur
853 4655 1058 4695 amare.
1094 4636 1224 4694 Nam
1251 4651 1305 4695 et
1332 4646 1447 4710 ipsa
1492 4642 1703 4697 Domini
1753 4643 1915 4697 verba

330 4741 460 4786 sunt
485 4732 653 4801 posita
698 4732 964 4788 dicentis:
997 4730 1175 4786 Nolite
1205 4743 1337 4803 tang.
1357 4749 1412 4785 re
1439 4734 1655 4787 christos
1685 4750 1849 4803 meos,
1874 4744 1921 4789 et

331 4823 386 4875 in
407 4822 673 4887 prophetis
702 4823 825 4875 meis
849 4821 1005 4875 nolite
1032 4823 1325 4892 tttaliguari.

408 4910 563 4966 Vers.
613 4912 703 4966 16.
732 4910 800 4964 Et
840 4912 1030 4965 vocavit
1061 4914 1246 4978 famem
1274 4929 1427 4979 super
1458 4923 1667 4973 terram.
1695 4924 1743 4968 et
1774 4929 1922 4967 omne

331 5002 713 5072 finuamentum
744 5002 891 5072 panis
913 5003 1169 5058 contrivit.
1206 5003 1482 5073 Signiﬁcat
1514 5013 1753 5070 tempora
1788 5004 1923 5056 Pha-

331 5092 536 5154 raonis,
581 5091 792 5159 quando
823 5091 876 5144 in
906 5090 1142 5160 IEgypto
1184 5102 1387 5159 septem
1419 5092 1575 5147 annis
1596 5093 1757 5161 fames
1781 5107 1921 5147 saeva

332 5194 573 5253 grassata
605 5190 709 5237 est.
742 5183 809 5238 Et
833 5182 1076 5250 quamvis
1107 5183 1269 5248 [ames
1296 5182 1664 5236 substantialis
1696 5199 1799 5238 non
1827 5184 1919 5253 sit,

331 5275 431 5333 sed
464 5276 575 5329 sola
604 5284 687 5330 est
711 5274 969 5329 discessio
992 5276 1288 5341 copiarum,
1320 5272 1457 5326 sicut
1494 5289 1595 5327 nox
1623 5275 1924 5342 appellatur

331 5368 469 5423 solis
498 5366 740 5421 absentia
758 5382 779 5423 _:
813 5373 999 5419 vocata
1024 5374 1202 5419 tamen
1231 5362 1425 5417 dicitur
1460 5372 1711 5433 tanquam
1744 5364 1921 5434 aliqua

333 5472 569 5531 persona
598 5457 899 5512 subsistens
929 5470 1047 5525 qua:
1091 5456 1355 5523 putuisset
1380 5451 1585 5509 audire.
1635 5454 1741 5509 Sed
1774 5455 1921 5510 Scri-

332 5560 616 5626 pturarum
638 5550 940 5604 divinarum
966 5563 1079 5601 mos
1108 5556 1189 5601 est
1210 5548 1386 5601 taliter
1411 5548 1577 5616 loqui,
1608 5555 1665 5601 ut
1685 5556 1766 5601 est
1791 5547 1921 5600 illud

338 5643 623 5715 Apostoli.;
656 5641 755 5709 Qui
777 5649 922 5695 vocat
949 5656 1006 5693 ea
1025 5655 1144 5709 qua:
1165 5654 1265 5692 non
1297 5648 1433 5707 sunt,
1457 5650 1699 5708 tanquam
1728 5655 1784 5692 ea
1810 5653 1924 5709 qua:

336 5742 459 5790 sunt
488 5735 664 5806 (Rom.
709 5748 783 5799 tv,
817 5732 928 5800 l7).
964 5731 1247 5798 Sequitur,
1278 5739 1324 5783 ct
1356 5745 1502 5783 omne
1549 5730 1923 5799 ﬁrmamentum

632 5826 893 5885 Ρλτιιοι.
944 5822 1141 5882 LXX.

2020 4638 2110 4691 ivit
2138 4639 2312 4691 anima
2331 4638 2461 4707 ejus,
2494 4646 2551 4691 ut
2571 4651 2670 4692 nec
2700 4638 2811 4705 ip-a
2842 4636 3017 4689 anima
3040 4651 3067 4689 a
3096 4637 3267 4705 poenis
3290 4638 3607 4705 probaretur

2022 4738 2267 4799 excepta.
2306 4728 2437 4782 Nam
2475 4728 2723 4796 quamvis
2751 4727 3085 4782 contlolendo
3121 4728 3332 4798 corpori
3361 4727 3607 4798 subjecta

2023 4823 2093 4877 sit
2135 4821 2402 4891 passioni,
2435 4819 2597 4875 habet
2644 4828 2817 4874 tamen
2846 4831 2899 4874 et
2931 4819 3170 4889 pr0prias
3217 4834 3437 4889 pinnas,
3483 4835 3605 4876 cum

2025 4914 2178 4983 gravi
2200 4911 2525 4983 cogitatione
2550 4921 2849 4980 torquetur.
2878 4910 3211 4965 Pertransivit
3242 4912 3415 4965 anima
3444 4912 3523 4980 ips
3536 4915 3607 4966 'us

2026 5006 2241 5075 ferrum,
2269 5005 2479 5075 quando
2497 5006 2546 5059 iu
2568 5006 2662 5059 has
2685 5004 3028 5074 redigebatur
3042 5004 3314 5075 angustias
3338 5022 3352 5059 :
3377 5021 3444 5062 ne
3466 5006 3607 5063 inter

2030 5100 2167 5153 mala
2189 5114 2309 5168 quae
2356 5096 2548 5166 injuste
2577 5112 2765 5167 passus
2795 5105 2897 5163 est,
2940 5097 3290 5167 praevalerent.
3312 5098 3363 5153 in
3404 5114 3524 5155 eum
3553 5106 3609 5155 et

2025 5189 2251 5245 crimina
2282 5187 2547 5242 falsitatis.
2578 5186 2802 5243 Ferrum
2827 5171 3002 5242 autem
3034 5187 3122 5244 hic
3157 5186 3356 5259 indicat
3383 5189 3608 5245 tribula-

2025 5278 2227 5334 tionem
2273 5277 2423 5332 durae
2472 5275 2841 5343 necessitatis,
2868 5292 2988 5347 qua:
3034 5278 3085 5332 in
3123 5287 3385 5334 aestuante
3428 5280 3609 5335 anima

2027 5375 2371 5438 pervagatur,
2400 5366 2525 5422 dum
2552 5366 2618 5421 dc
2648 5365 2840 5422 futuris
2884 5367 3133 5431 sollicita,
3166 5370 3274 5439 jam
3306 5369 3441 5424 mala
3472 5370 3608 5439 pati-

2026 5469 2112 5514 tur
2140 5475 2257 5528 que:
2301 5460 2492 5514 timere
2540 5474 2644 5513 non
2674 5459 2888 5515 desinit.
2918 5459 3061 5515 Talis
3100 5462 3189 5516 illa
3235 5462 3286 5517 in
3318 5461 3609 5532 Evangelia

2025 5550 2225 5605 locutio
2248 5559 2347 5613 est.
2378 5551 2467 5605 ubi
2519 5551 2737 5607 Simeon
2783 5551 2912 5606 dicit
2947 5553 3012 5606 ad
3057 5552 3274 5607 Mariam
3306 5570 3318 5605 :
3353 5552 3417 5605 Et
3466 5563 3607 5606 tuam

2025 5643 2187 5710 ipgius
2214 5643 2437 5695 animam
2486 5643 2810 5712 prrtransibit
2840 5643 3041 5715 gladius
3074 5643 3225 5715 (Luc.
3274 5659 3328 5707 ll,
3361 5641 3490 5711 55):
3520 5644 3599 5693 si»

2027 5733 2284 5804 gnificaus
2306 5733 2604 5791 habituram
2635 5743 2864 5792 matrem
2891 5735 3180 5804 gloriosam
3215 5732 3479 5787 tristitiam
3516 5730 3611 5783 do-

3214 5821 3291 5882 24
