4062 6344
524 336 625 389 747

1740 332 1809 388 Il.
1849 330 2129 390 AURELH
2166 328 2565 388 CASSIODDRI

3689 330 3803 390 738

524 448 731 505 minicte
752 446 1209 519 passionis.Quod
1226 458 1398 516 genus
1418 444 1701 500 locutionis
1723 445 1865 500 inter
1887 443 2105 516 propria
2132 450 2181 507 Α
2283 443 2439 498 Vers.
2471 443 2565 498 εδ.
2596 441 2665 497 Et
2691 442 2919 498 introivit
2940 441 3111 497 Israel
3128 441 3183 496 in
3211 440 3520 517 Egyptnnt,
3540 451 3592 499 et
3628 442 3803 501 Iacob

524 540 821 610 Scriptum
845 540 1038 596 divina
1071 538 1341 595 credimus
1363 536 1747 592 adnotandum.

601 638 749 694 Vers.
781 635 866 689 19.
892 631 1069 688 Donec
1094 631 1283 686 veniret
1304 630 1506 684 uerbum
1529 632 1664 699 ejus.
1696 626 1973 698 Eloquium
2001 625 2105 682 Do-

519 731 653 784 mini
682 726 1016 798 inflammavit
1062 740 1198 779 eum.
1230 723 1506 793 Superiori
1561 723 1841 778 sententias
1868 721 1956 777 hic
1982 737 2103 776 ver-

525 837 619 877 sus
666 821 948 890 adjunctus
974 826 1077 872 est.
1108 816 1247 872 Dicit
1293 817 1436 871 enim
1489 815 1677 871 tandiu
1727 815 2141 886 cogitationem,

524 912 723 982 Joseph
754 913 915 967 fuisse
941 909 1331 979 gravissimam,
1355 908 1526 964 donec
1552 918 1756 977 tempus
1780 908 1987 971 veniret,
2014 906 2104 963 ubi

524 1004 730 1060 uerbum
754 1005 868 1073 ejus
899 1016 927 1054 a
958 1016 1084 1070 rege
1111 1000 1392 1054 Pharaone
1425 1014 1520 1067 pro
1543 997 1943 1067 interpretando
1969 1012 2105 1052 som-

522 1094 617 1149 nio
643 1099 993 1163 quaereretur.
1038 1090 1190 1146 Tunc
1232 1090 1376 1145 enim
1422 1099 1478 1145 et
1519 1090 1740 1160 gloriam
1786 1090 2018 1158 reperit,
2052 1097 2106 1144 et

526 1187 759 1243 claustra
780 1185 1013 1240 carceris
1035 1184 1187 1238 laetus
1209 1185 1397 1238 evasit.
1428 1181 1533 1239 Sed
1558 1181 1696 1252 quod
1720 1181 1876 1242 dixit,
1901 1180 2105 1234 verbum

526 1270 658 1345 eius,
694 1276 966 1346 loquentis
1013 1275 1212 1329 indicat
1261 1274 1531 1343 propriam
1589 1288 1800 1326 vocem.
1840 1270 2103 1325 Cmterum

530 1368 702 1436 ipsius
735 1381 839 1420 non
870 1366 984 1429 fuit,
1018 1364 1158 1434 quod
1185 1364 1240 1419 ei
1272 1364 1453 1417 divina
1480 1360 1822 1431 inSpiratione
1850 1360 2104 1416 collatum

524 1465 630 1511 est.
676 1456 914 1526 Denique
940 1456 1017 1509 sic
1046 1454 1288 1524 sequitur
1308 1492 1323 1517 ,
1356 1451 1632 1522 Eloquium
1661 1451 1867 1505 Domini
1898 1452 2107 1519 inﬂam-

529 1550 685 1602 mavit
712 1565 845 1603 eum.
871 1547 1238 1617 Inﬂammavit,
1265 1544 1445 1615 utique
1466 1545 1529 1599 ad
1555 1544 1876 1614 loquendum
1905 1544 2104 1599 vivaci-

531 1650 613 1695 ter
647 1639 916 1703 incitavit,
952 1648 1007 1692 ut
1032 1653 1212 1692 coram
1244 1636 1484 1707 principe
1530 1635 1700 1690 futura
1731 1635 1937 1691 diceret
1982 1648 2104 1689 cum

534 1731 726 1786 llducia
752 1730 1015 1785 veritatis.
1048 1728 1195 1782 Intus
1224 1727 1367 1783 enim
1411 1726 1647 1781 caelestis
1675 1725 1903 1779 “animus
1926 1725 2102 1779 lumen

2204 533 2448 587 habitavit
2468 534 2521 588 in
2542 543 2682 587 terra
2703 532 2969 589 Chanaan.
2993 532 3248 589 Ordinem
3270 548 3450 589 rerum
3478 542 3805 603 competen-

2205 636 2289 683 ter
2311 626 2621 696 exsequitur
2643 666 2659 693 ,
2694 627 2815 695 quia
2838 634 2959 697 post
2988 624 3076 680 illa
3103 640 3223 696 quae
3242 626 3382 681 dicta
3404 636 3553 694 sunt,
3568 627 3804 698 iubente

2204 718 2489 774 Pharaone
2517 718 2768 788 cognatio
2799 718 3001 790 Joseph
3034 719 3098 773 ad
3129 727 3303 775 terras
3347 720 3567 792 Egypti
3600 721 3799 778 eodem

2204 810 2485 865 ordinante
2528 810 2751 865 deducta
2790 822 2910 876 eet;
2942 811 3085 881 quod
3116 811 3341 867 Genesis
3389 814 3573 869 suavis
3606 821 3796 871 textus

2206 900 2454 969 explanat
2477 898 2629 971 (Cen.
2662 900 2837 970 sui).
2872 900 2977 957 Sed
3022 899 3191 956 Israel
3217 903 3309 972 qui
3337 902 3514 958 dictus
3540 914 3650 971 est,
3684 905 3805 973 ipse

2205 997 2287 1043 est
2315 998 2368 1043 et
2389 987 2574 1043 Iacob.
2610 989 2808 1045 Verum
2856 1004 2925 1045 ne
2969 989 3158 1046 eadem
3185 992 3347 1047 verba
3380 1004 3685 1064 repeteret,
3718 997 3806 1052 di-

2205 1079 2458 1132 versitate
2486 1081 2759 1134 nominum
2788 1081 3137 1136 revelationis
3180 1098 3294 1138 suae
3335 1084 3475 1140 dicta
3515 1088 3800 1153 variavit;

2208 1183 2329 1223 nam
2379 1168 2549 1225 Israel
2592 1185 2843 1240 egressus
2889 1186 2957 1227 ex
3010 1172 3247 1244 Egypto
3292 1176 3540 1231 habitarit
3568 1179 3629 1232 in
3661 1188 3803 1234 terra

2209 1257 2469 1313 Chanaan.
2503 1260 2748 1316 Chanaan
2778 1276 2911 1318 vero
2954 1262 3054 1318 luit
3078 1265 3219 1319 ﬁlius
3244 1264 3412 1321 Cham
3441 1282 3615 1339 nepos
3642 1270 3760 1327 Noe
3778 1313 3799 1339 ,

2205 1364 2271 1405 es
2303 1365 2409 1419 quo
2434 1350 2673 1422 [Ἑωρῆί
2704 1353 2921 1409 trahere
2949 1353 3199 1423 leguntur
3224 1357 3509 1426 originem.

2279 1442 2432 1498 Vers.
2464 1444 2555 1499 24.
2590 1443 2657 1499 Et
2685 1446 2830 1499 auxit
2868 1446 3117 1517 papulum
3144 1464 3291 1502 suum
3320 1450 3497 1519 nimis,
3523 1460 3571 1505 et
3603 1452 3799 1521 conﬁr-

2209 1536 2360 1590 mavit
2382 1552 2496 1590 eum
2523 1553 2675 1605 super
2714 1538 2952 1592 inimicos
2991 1540 3124 1611 ejus.
3170 1541 3330 1594 Auxit
3355 1543 3607 1611 populum
3647 1560 3800 1598 nam

2205 1629 2533 1687 leeunditate
2562 1631 2846 1698 nascendi,
2875 1630 3093 1701 quando
3121 1633 3192 1687 ibi
3220 1633 3500 1689 rarissima
3550 1635 3658 1690 fuit
3684 1652 3799 1691 mu-

2211 1722 2312 1777 lier
2332 1738 2453 1791 qua:
2467 1738 2582 1778 non
2623 1722 2811 1778 habuit
2852 1732 3088 1794 partum.
3111 1724 3444 1794 Con/inuasit
3470 1738 3655 1784 autem
3684 1746 3801 1784 eam

530 1818 756 1889 accepit,
788 1827 848 1873 ut
874 1819 1190 1888 praevideret
1218 1817 1343 1871 talia
1367 1832 1483 1886 qua:
1510 1818 1658 1885 regni
1684 1814 1823 1869 illius
1838 1813 2107 1883 sapientes
2138 1826 2185 1887 Β
2213 1830 2368 1886 super
2394 1815 2629 1869 inimicos
2656 1830 2804 1882 suos,
2838 1816 3049 1886 quando
3067 1817 3173 1871 illis
3197 1819 3593 1885 crescentibus,
3624 1819 3798 1891 Egy-

535 1911 886 1981 doctoresque
909 1918 1245 1978 superarent.

608 2003 762 2058 Vers.
789 2003 879 2058 20.
917 2001 1061 2056 Nisit
1090 2016 1179 2055 rea:
1220 2012 1267 2055 et
1309 1999 1455 2054 solvit
1494 1997 1909 2067 enitu'princeps
1946 2013 2110 2067 popu-

535 2092 701 2147 lorum
731 2102 779 2147 et
824 2092 1014 2145 dimisit
1056 2090 1199 2146 eum.
1243 2088 1387 2144 Misit
1418 2088 1681 2160 signiﬁcat
1723 2087 1996 2142 ministros
2022 2087 2110 2157 qui

536 2185 696 2252 regiis
739 2183 1072 2253 jussionibus
1113 2180 1502 2236 obsecundant.
1539 2179 1745 2249 Regem,
1780 2178 2111 2233 Pharaonem

537 2274 685 2339 dicit,
710 2274 764 2328 in
794 2272 945 2343 cujus
971 2288 1136 2343 regno
1162 2273 1332 2327 fuerat
1358 2271 1560 2327 carceri
1602 2272 1953 2340 mancipatus.
1990 2267 2114 2326 Sol-

536 2365 626 2429 vit,
650 2363 854 2418 scilicet
878 2379 905 2415 a
928 2372 1081 2418 reatu
1104 2378 1208 2431 quo
1247 2360 1527 2429 tenebatur
1542 2362 1813 2415 astrictus.
1841 2361 2110 2430 Sequitur,

540 2455 789 2526 Princeps
816 2455 1118 2525 papulorum
1140 2462 1187 2508 et
1213 2454 1405 2508 dimisit
1447 2469 1584 2507 eum.
1610 2453 1731 2525 ipse
1768 2461 1851 2507 est
1879 2455 2114 2523 princeps

537 2545 766 2611 Pharao,
820 2561 977 2614 quem
1032 2544 1277 2613 superius
1326 2558 1498 2614 regem
1546 2543 1716 2608 dixit;
1750 2542 1841 2596 sed
1897 2551 2115 2612 propter

537 2634 759 2701 gratiam
786 2633 1077 2688 locutionis
1097 2632 1259 2686 verba
1276 2631 1520 2685 variavit.
1558 2629 1761 2684 Dimisit
1791 2645 1927 2697 eum,
1954 2629 2003 2685 id
2034 2638 2117 2685 est

537 2724 772 2779 claustra
820 2723 1054 2779 carceris
1087 2721 1212 2779 fecit
1240 2721 1423 2787 exire;
1457 2733 1513 2775 ut
1558 2722 1648 2791 qui
1698 2728 1965 2775 terrarum
2012 2720 2118 2775 Do-

540 2818 740 2871 minum
762 2832 791 2871 a
819 2815 1196 2887 cogitationum
1221 2814 1480 2885 angustiis
1503 2813 1841 2880 liberaverat,
1867 2814 1980 2881 ipse
2005 2813 2114 2883 jam

541 2910 838 2966 nullatenus
866 2909 1132 2981 ergastula
1178 2916 1466 2977 pateretur.
1497 2904 1604 2963 Sed
1634 2921 1704 2962 ne
1728 2906 1843 2963 sola
1886 2905 1965 2961 illi
1989 2920 2113 2962 con-

542 2986 694 3056 cessa
724 2999 995 3057 videretur
1010 3013 1129 3055 esse
1152 2998 1417 3065 dimissio,
1440 2997 1573 3053 dicit
1599 2998 1759 3053 etiam
1782 3012 1890 3068 quo
1914 2998 2119 3055 honore

544 3096 743 3151 ditatus
771 3105 873 3151 est.

2216 1908 2450 1978 ptiorum
2483 1908 2638 1963 turba
2680 1908 2977 1964 notissimis
3008 1910 3180 1980 plagis
3225 1910 3577 1967 vehementer
3608 1912 3798 1969 alieeta

2204 2008 2317 2055 est.
2348 2000 2445 2055 llic
2466 2000 2610 2054 enim
2640 2015 2738 2070 per
2765 2001 3053 2071 quamdam
3086 2001 3512 2072 propositionem
3541 2002 3801 2059 dicuntur

2214 2089 2265 2144 in
2295 2103 2504 2145 summa
2542 2104 2664 2159 quae
2691 2098 2844 2160 gesta
2871 2098 3019 2147 sunt.
3048 2090 3313 2147 Caeterum
3345 2093 3800 2163 quemadmodum

2210 2181 2518 2254 singillatim
2549 2181 2687 2237 iacta
2716 2183 2844 2251 sint,
2878 2193 3276 2255 consequenter
3301 2188 3553 2255 esponit.

2286 2273 2445 2329 Vera.
2492 2273 2585 2328 25.
2628 2273 2885 2329 Convertit
2913 2291 3002 2330 cor
3028 2292 3203 2331 eorum
3226 2285 3287 2330 stt
3316 2278 3519 2332 adirent
3552 2280 3803 2349 populant

2212 2366 2343 2434 eius,
2372 2372 2419 2417 et
2452 2365 2627 2418 dolum
2656 2366 2881 2434 facerent
2906 2366 2959 2420 in
2983 2383 3150 2423 servos
3169 2371 3299 2441 ejus.
3334 2368 3492 2424 Venit
3533 2370 3602 2425 ad
3636 2386 3801 2441 quar-

2214 2464 2323 2511 tam
2345 2466 2572 2525 partem,
2593 2456 2681 2511 ubi
2701 2455 2983 2529 Egyptios
2998 2460 3513 2518 memoratllebrteis
3537 2464 3802 2519 invidiam

2217 2545 2468 2602 habuisse
2498 2550 2873 2615 saevissimam,
2904 2559 3063 2620 atque
3090 2564 3183 2605 eos
3217 2552 3467 2621 operibus
3496 2555 3803 2625 subiecisse

2216 2637 2536 2693 durissimis.
2562 2637 2872 2695 Przestando
2894 2643 3036 2695 enim
3064 2641 3235 2697 felicia
3264 2644 3459 2712 populo
3475 2644 3803 2713 Israelitico,

2216 2732 2485 2787 convertit
2511 2731 2769 2787 Dominus
2798 2732 2864 2787 ad
2903 2734 3082 2789 odium
3111 2745 3165 2789 et
3195 2734 3349 2791 dolos
3389 2750 3485 2791 eor
3508 2736 3802 2810 Egyptia-

2216 2837 2333 2877 rnm
2351 2863 2368 2890 ,
2412 2836 2520 2877 non
2548 2823 2671 2893 quia
2698 2824 2811 2892 ipse
2859 2824 2984 2878 mali
3012 2835 3197 2879 auctor
3222 2835 3335 2890 est,
3364 2826 3458 2881 sed
3488 2828 3803 2897 praestando

2217 2913 2341 2969 aliis
2392 2914 2674 2979 beneficia,
2707 2925 2914 2969 mentes
2956 2917 3215 2970 excitavit
3263 2917 3529 2988 obliquas.
3559 2918 3801 2975 Necesse

2220 3013 2303 3057 est
2331 3004 2473 3057 enim
2504 3012 2563 3057 ut
2592 3003 2837 3059 scelerati
2890 3004 3135 3061 homines
3164 3006 3354 3061 alienis
3405 3009 3674 3077 prosperis
3704 3011 3795 3064 in-

2224 3102 2543 3157 tumescant,
2575 3094 2664 3163 qui
2693 3109 2752 3148 se
2791 3104 2989 3149 norunt
3010 3094 3205 3151 mereri
3236 3111 3342 3151 non
3378 3111 3533 3165 posse
3558 3098 3800 3165 similia;

619 3184 767 3241 Vcrs.
798 3186 889 3241 21.
935 3184 1001 3240 Et
1027 3186 1288 3241 constituit
1327 3202 1446 3257 eum
1473 3186 1738 3240 donninum
1766 3186 1948 3239 domus
1987 3201 2115 3251 stite,
2148 3188 2192 3249 C
2223 3184 2360 3238 sicut
2393 3187 2442 3238 in
2474 3184 2751 3239 sacrttlciis
2777 3185 2905 3239 Cain
2940 3195 2995 3241 et
3042 3188 3177 3242 Abel
3218 3188 3414 3243 iactum
3440 3198 3548 3257 est,
3578 3194 3798 3261 quando

543 3289 590 3334 et
621 3280 901 3351 principem
929 3280 1090 3334 omnis
1120 3280 1455 3348 possessionis
1480 3294 1603 3333 suae.

619 3370 769 3425 Vers.
795 3370 886 3425 2%.
924 3369 991 3424 Ut
1015 3372 1241 3424 erudiret
1281 3372 1533 3442 principes
1560 3387 1681 3426 suos
1700 3371 1832 3424 sicut
1862 3370 2083 3439 seipsum
2102 3406 2119 3433 ,

547 3472 593 3517 et
635 3463 856 3517 seniores
904 3478 1023 3518 suos
1072 3462 1396 3530 prudentiam
1440 3464 1662 3518 doceret.
1705 3463 1760 3516 In
1803 3462 1886 3515 his
1912 3462 2121 3516 duobus

548 3553 817 3618 versibus,
846 3566 1004 3623 quam
1036 3558 1354 3622 potestatem
1404 3552 1612 3609 dederit
1642 3552 1852 3607 Pharao
1882 3551 2081 3620 Joseph
2101 3590 2118 3616 ,

548 3644 824 3711 evidenter
870 3645 1106 3712 exponit.
1154 3644 1425 3698 Constituit
1470 3661 1589 3699 eum
1631 3645 1895 3698 dominum
1938 3645 2122 3698 domus

548 3754 673 3804 ωας,
702 3748 748 3793 et
768 3738 1046 3809 principem
1073 3739 1236 3792 omnis
1264 3737 1591 3805 possessionis
1613 3751 1736 3803 tute,
1763 3736 1977 3805 quando
1997 3748 2119 3789 eum

549 3842 764 3884 currum
786 3827 909 3883 fecit
924 3827 1234 3893 ascendere,
1255 3837 1310 3881 et
1333 3827 1596 3896 pnnconis
1622 3839 1752 3880 voce
1768 3825 2120 3881 celeberrima

547 3921 780 3974 nuntiari
819 3920 961 3975 hunc
989 3918 1282 3974 secundum
1326 3917 1598 3972 dominum
1627 3932 1749 3972 es~e
1783 3926 1898 3985 post
1917 3932 2121 3985 regem.

548 4008 679 4076 Qua:
710 4018 946 4078 potestas
974 4022 1004 4062 a
1034 4008 1304 4081 praefectis
1344 4006 1610 4076 hodieque
1641 4010 1923 4071 retinetur,
1950 4008 2039 4077 qui
2068 4016 2124 4063 et

546 4102 666 4156 vice
691 4115 844 4155 sacra
868 4099 1134 4169 judicaut,
1168 4111 1220 4155 et
1250 4106 1564 4154 cunctarum
1596 4099 1992 4167 provinciarum
2024 4114 2121 4168 po-

549 4198 793 4247 testatem
838 4190 1123 4244 maximam
1173 4189 1373 4244 habere
1421 4197 1742 4244 noscuntur.
1791 4186 1897 4244 Sed
1940 4188 1993 4243 in
2036 4188 2122 4243 his

549 4283 711 4335 rebus
736 4281 991 4337 ditionem
1023 4281 1169 4336 dedit
1198 4281 1294 4346 illi,
1324 4295 1483 4351 quam
1512 4281 1637 4336 sibi.
1684 4280 1739 4335 In
1772 4280 2121 4350 subsequenti

548 4380 726 4425 autem
774 4386 967 4438 versu,
998 4386 1157 4440 supra
1209 4373 1382 4442 ipsum
1425 4372 1766 4443 cognoscitur
1810 4387 1933 4430 esse
1980 4372 2121 4441 quod

548 4460 770 4527 tribuit;
802 4461 931 4516 dicit
958 4462 1122 4528 enim,
1174 4471 1231 4516 ut
1261 4464 1485 4517 erudiret
1526 4463 1780 4532 principes
1824 4478 1941 4518 suos
1987 4464 2120 4517 sicut

2225 3276 2381 3331 unius
2410 3277 2729 3332 sacriﬁcium
2780 3281 3015 3349 respuit,
3048 3280 3271 3337 alterius
3311 3283 3540 3340 libenter
3571 3287 3799 3357 accepit.

2223 3367 2495 3437 Sequitur,
2521 3369 2700 3424 dolum
2741 3370 2965 3439 facerent
3004 3372 3056 3425 in
3086 3388 3253 3427 servos
3286 3376 3419 3445 ejus.
3450 3376 3802 3448 Consequens

2224 3472 2338 3517 erat
2367 3472 2424 3515 ut
2452 3471 2571 3531 post
2599 3475 2916 3529 conceptum
2960 3465 3143 3520 odium
3195 3468 3421 3523 steviens
3460 3469 3701 3539 populus
3740 3472 3805 3526 ad

2224 3555 2438 3611 dolosas
2466 3556 2738 3612 machinas
2784 3559 3113 3627 perveniret.
3158 3562 3292 3617 lllud
3319 3564 3461 3619 enim
3494 3564 3799 3635 signiﬁcat.

2223 3646 2436 3716 quando
2465 3647 2544 3701 eis
2566 3647 2760 3703 lateres
2782 3648 2960 3704 facere
2987 3663 3381 3721 praeceperunt,
3409 3662 3461 3708 et
3487 3669 3591 3723 pro
3618 3656 3800 3713 labors

2224 3738 2542 3807 geminando
2573 3748 2778 3808 negatae
2808 3750 2932 3795 sunt
2954 3743 3136 3810 paleae,
3170 3752 3225 3798 et
3251 3754 3446 3801 cetera
3473 3761 3598 3816 qua:
3618 3747 3675 3802 in
3709 3749 3801 3805 il'e

2224 3828 2519 3883 saevissimo
2562 3828 2837 3885 dominatu
2881 3832 3035 3903 plebs
3063 3833 3408 3892 Hebraeorum
3445 3836 3680 3895 Domino
3711 3841 3797 3896 de-

2228 3928 2350 3974 vota
2383 3919 2658 3975 sustinuit.

2293 4010 2453 4083 357
2500 4011 2652 4068 Vers.
2696 4012 2785 4068 26.
2836 4014 2978 4069 Misit
3020 4015 3236 4087 Moysen
3278 4034 3481 4073 servum
3531 4036 3700 4088 suurn,
3750 4032 3791 4075 et

2224 4102 2398 4157 Aaron
2424 4120 2574 4173 quem
2598 4106 2750 4175 elegit
2789 4106 2976 4177 ipsum.
3024 4108 3161 4165 Istos
3190 4110 3257 4164 ad
3287 4111 3619 4168 Pharaonem
3651 4114 3796 4184 quasi

2226 4195 2487 4263 quosdam
2515 4204 2681 4251 testes
2705 4207 2918 4254 constat
2940 4214 2969 4253 a
3002 4200 3229 4257 Domino
3258 4202 3560 4258 destinatos
3578 4247 3594 4272 ,
3623 4215 3683 4260 ut
3710 4222 3793 4277 po

2228 4289 2413 4357 pulum
2465 4289 2567 4344 sibi
2609 4291 2858 4359 placitum
2909 4294 3061 4350 abire
3109 4296 3444 4363 permisisset
3483 4297 3798 4357 illaesum.0

2226 4379 2613 4436 inaestimabilis
2638 4383 2808 4452 pietas
2832 4384 3255 4455 Umnipotentis!
3278 4388 3361 4443 Ab
3382 4387 3602 4444 homine
3630 4388 3797 4461 fragili

2226 4472 2438 4540 petebat
2476 4471 2615 4536 ﬁeri,
2641 4472 2793 4542 cujus
2824 4473 3148 4531 ordinationi
3177 4492 3207 4533 a
3235 4478 3381 4533 nulla
3426 4493 3679 4536 creatura
3705 4496 3789 4552 po-

545 4555 788 4625 seipsum.
832 4552 944 4607 lloc
989 4553 1283 4608 secundum
1312 4554 1565 4624 gentilem
1613 4554 1940 4609 intellectum
1972 4554 2116 4609 Pha-
2143 4550 2197 4611 D
2221 4569 2359 4616 terat
2380 4563 2586 4617 obviari
2608 4603 2624 4628 ,
2656 4572 2716 4618 ut
2737 4580 2924 4621 revera
2948 4582 3045 4622 nos
3074 4568 3316 4625 inﬁrmos
3341 4570 3662 4643 doceatqua
3687 4550 3792 4629 tne-
3834 4584 3843 4599 '

548 4648 728 4698 raonis
776 4642 1035 4698 debemus
1082 4643 1350 4713 accipere,
1402 4644 1496 4716 qui
1539 4645 1793 4701 credebat
1838 4646 2121 4714 primarius

549 4734 726 4803 pepuli
759 4735 839 4788 sui
873 4734 924 4788 in
956 4733 1092 4789 hanc
1117 4735 1434 4801 sapientiam
1464 4735 1753 4804 pervenire
1782 4736 2035 4804 potuisse,
2063 4745 2123 4792 ut

542 4833 595 4878 et
622 4823 718 4891 ipsi
738 4825 1066 4878 somniorum
1091 4823 1413 4892 interpretes
1440 4839 1560 4880 esse
1580 4835 1920 4883 mererentur
1938 4866 1954 4892 ,
1978 4835 2033 4882 et
2051 4827 2117 4882 ad

549 4921 747 4965 tantum
780 4912 1079 4967 doctrinam
1126 4913 1349 4967 scientia
1381 4929 1565 4969 eorum
1596 4916 1855 4984 potuisset
1882 4916 2070 4972 adduci
2096 4959 2113 4985 ,

544 5013 601 5056 ut
622 5003 852 5057 consulti
876 5004 944 5059 de
971 5018 1029 5061 re
1049 5004 1210 5058 dubia
1238 5013 1383 5057 certa
1407 5004 1771 5073 loquerentur.
1796 5004 1929 5059 Nam
1956 5007 2000 5060 si
2022 5021 2116 5062 eos

543 5105 731 5151 sancto
760 5096 874 5151 viro
919 5096 971 5150 in
1015 5095 1390 5165 discipulatum
1439 5082 1558 5150 lldei
1602 5096 1906 5151 tradidisset
1937 5099 2115 5161 (unde

543 5186 695 5242 illum
725 5186 946 5242 Domino
974 5186 1240 5256 placuisse
1271 5187 1609 5242 manifestum
1634 5189 1761 5253 est),
1795 5188 1983 5244 fuisset
2013 5190 2117 5244 uti-

2221 4653 2497 4709 deratione
2537 4655 2717 4712 vivere
2743 4656 3056 4727 debeamus,
3087 4661 3301 4730 quando
3331 4662 3640 4720 voluntates
3669 4678 3793 4721 suae

2221 4744 2442 4801 Creator
2470 4754 2688 4802 sanctus
2734 4750 2833 4802 sub
2865 4757 3013 4804 tanta
3065 4752 3351 4808 clementia
3397 4756 3678 4825 peregisse
3717 4772 3795 4815 eo-

2218 4833 2889 4901 gnoseitur.»lntendamus
2934 4853 3147 4910 quoque
3172 4850 3229 4896 et
3255 4842 3397 4896 istud
3429 4858 3598 4914 genus
3651 4846 3794 4903 locn-

2217 4922 2379 4978 tionis
2430 4922 2721 4994 Scriptura:
2763 4928 2959 4983 divinas
3000 4944 3122 4984 esse
3174 4933 3471 5002 proprium.
3502 4934 3795 4992 Suﬂ‘ecerat

2217 5016 2363 5068 enim
2406 5014 2533 5080 dici,
2575 5031 2726 5084 quem
2771 5019 2957 5088 elegit;
2979 5019 3072 5074 sed
3104 5020 3329 5086 addidit,
3359 5022 3567 5091 ipsum,
3598 5034 3657 5080 ut
3699 5027 3795 5083 hoc

2216 5120 2428 5175 quoque
2454 5108 2751 5163 evidentius
2771 5109 3105 5178 esplanaret.
3128 5112 3259 5178 Quae
3292 5113 3465 5169 forma
3498 5116 3788 5175 locutionis
3816 5116 3827 5165 ἱ

2213 5196 2268 5250 in
2297 5194 2586 5264 Scripturis
2608 5196 2803 5253 divinis
2842 5201 3172 5258 creberrime
3218 5205 3509 5275 reperitur,
3539 5209 3683 5265 sicut
3711 5218 3791 5266 est

541 5293 645 5349 que
678 5276 785 5332 illis
811 5276 1107 5348 Synagoga:
1134 5279 1267 5332 ordo
1295 5278 1503 5333 noviter
1530 5279 1819 5379 institutus.
1851 5279 1954 5335 Sed
1991 5295 2112 5336 cum
2210 5296 2264 5342 et
2293 5287 2418 5343 illud
2445 5306 2458 5341 :
2485 5287 2550 5343 In
2574 5306 2674 5357 quo
2694 5291 2938 5345 habitavit
2963 5293 3018 5346 in
3045 5293 3157 5361 ipso
3182 5293 3355 5367 (Psal.
3382 5314 3574 5379 erat",
3605 5301 3690 5372 2).

542 5368 664 5422 talia
694 5382 798 5422 nun
839 5367 1103 5437 legantur,
1137 5370 1357 5425 minime
1394 5369 1705 5439 religionem
1734 5369 2074 5429 desiderasse
2094 5413 2111 5438 ,

540 5456 634 5512 sed
665 5466 866 5519 tantum
907 5455 1251 5513 divinationis
1279 5459 1396 5529 ejus
1423 5460 1650 5530 gloriam
1682 5461 1958 5532 quaesiisse
1995 5478 2112 5519 cre-

539 5544 747 5600 dendus
776 5555 858 5602 est
886 5562 1035 5604 more
1064 5548 1341 5619 gentilium
1365 5590 1382 5618 ,
1413 5553 1503 5623 qui
1556 5552 1854 5608 futurorum
1890 5552 2011 5625 [ms.
2043 5552 2110 5611 G.

539 5646 584 5690 et
614 5637 722 5702 ed.,
753 5637 819 5693 ad
870 5637 1069 5715 futura]
1113 5639 1293 5710 cupidi
1315 5681 1330 5705 ,
1362 5642 1500 5698 unde
1550 5642 1837 5712 proveniat
1884 5644 2001 5716 ipsa
2029 5661 2117 5702 re-

542 5727 756 5798 velatio,
779 5744 886 5786 non
918 5739 1176 5801 appetunt
1200 5731 1415 5788 intueri.

2289 5378 2441 5434 Vers.
2482 5380 2571 5434 27.
2602 5379 2783 5434 Posuit
2827 5382 2881 5435 in
2906 5384 2980 5437 eis
2997 5385 3146 5439 verba
3176 5387 3440 5458 signorum
3472 5407 3719 5458 suorum,
3742 5400 3794 5450 et

2215 5468 2565 5538 prodigiorum
2603 5470 2658 5525 in
2683 5479 2826 5526 terra
2847 5471 3118 5529 Chanaan.
3161 5476 3344 5533 Posuit
3382 5481 3653 5550 signiﬁcat
3680 5485 3791 5540 colo

2217 5558 2409 5614 locavit
2436 5560 2489 5615 in
2519 5560 2621 5628 eis,
2650 5561 2833 5633 Moyse
2858 5565 3065 5621 scilicet
3098 5577 3155 5622 et
3199 5572 3403 5639 Aaron,
3432 5573 3585 5627 verba
3613 5575 3788 5645 signo-

2214 5664 2327 5702 rum
2351 5657 2398 5703 et
2428 5652 2797 5720 prodigiorum,
2839 5668 2960 5722 qua:
2978 5655 3045 5711 ab
3073 5658 3151 5712 eis
3178 5659 3575 5727 praedicabatur
3604 5664 3795 5720 Domi-

2217 5754 2319 5795 nus
2339 5755 2463 5798 esse
2506 5742 2765 5799 facturus.
2802 5743 2966 5815 Signa
3007 5757 3131 5805 sunt
3172 5752 3321 5819 quasi
3362 5753 3588 5823 vestigia
3618 5755 3789 5825 aliqua
