4062 6344
198 334 318 390 vta

1166 333 1534 391 'EXPOSITIO
1573 335 1636 390 IN
1680 333 2139 394 PSALTERIUM.
2170 337 2365 395 PSAL.
2406 338 2532 396 CIV.

3393 349 3501 408 750

197 448 512 504 futurarum
547 445 662 504 sive
700 446 1097 517 praeteritarum
1144 463 1362 516 rerum;
1411 452 1652 522 prodigia
1680 465 1810 507 vero
1840 454 1893 512 Α
1916 451 2037 520 quis
2062 451 2330 524 Egyptiis
2357 454 2506 512 locus
2527 469 2558 510 a
2588 456 2886 527 perniciosa
2909 457 3065 516 clade
3092 461 3380 521 sentiretur
3404 480 3500 524 ex-

203 544 485 614 pertinent
512 542 576 596 ad
610 542 882 598 mirabiles
904 551 1152 609 eventus,
1173 543 1266 612 qui
1295 544 1348 598 in
1391 559 1576 600 rerum
1609 545 1806 600 ordine

205 646 369 692 antea
393 649 497 689 non
529 634 762 690 fuerunt.
801 634 1105 708 Prodigium
1132 635 1272 691 enim
1304 635 1504 692 dictum
1539 646 1625 690 est
1648 636 1714 689 ab
1743 649 1809 690 co

203 728 356 799 quod
387 741 548 797 porro
573 726 736 783 dicat.
765 727 870 783 Sed
905 728 1017 782 lucc
1046 729 1195 799 signa
1222 739 1270 784 et
1294 731 1535 803 prodigia
1563 731 1615 786 in
1639 729 1808 801 Egy-

203 819 338 888 ptiis
385 818 521 874 facta
567 827 716 886 sunt,
761 827 848 882 ut,
883 819 1021 874 sicut
1071 821 1363 876 multorum
1410 821 1629 878 Patrum
1679 821 1811 876 dicit

204 912 539 980 auctoritas,
568 909 772 979 aliquid
825 910 1214 980 portenderent
1260 911 1571 968 Christiano
1610 915 1809 982 pOpttlo

208 1003 568 1074 subsequenti
599 1021 613 1071 ;
646 1002 792 1074 quod
834 1004 946 1059 suis
989 1003 1126 1060 locis
1172 1005 1451 1075 aptissime
1483 1018 1808 1061 commone-

207 1110 357 1152 mus.

287 1205 445 1261 Vera.
501 1204 595 1259 28.
644 1205 792 1260 Misit
824 1207 1060 1260 tenebras
1104 1214 1154 1260 et
1198 1207 1484 1262 obscuravit
1527 1224 1612 1263 eos
1641 1223 1658 1261 :
1685 1210 1810 1279 quia

208 1297 642 1353 exacerbaverunt
667 1313 923 1352 sermones
943 1302 1075 1368 ejus.
1091 1297 1374 1368 teguntur
1396 1299 1612 1370 quidem
1642 1301 1810 1371 ASgy-

213 1391 312 1460 ptii
335 1389 478 1446 aeris
529 1389 778 1445 tenebras
813 1389 956 1444 inter
995 1389 1180 1461 plagas
1208 1391 1442 1461 reliquas
1489 1393 1805 1461 pertulisse;

211 1482 311 1538 sed
351 1482 544 1538 melius
586 1481 951 1550 intelligamus
990 1483 1158 1536 corda
1202 1497 1387 1538 eorum
1418 1483 1584 1539 fuisse
1629 1483 1808 1553 potius

209 1572 528 1638 obscurata,
552 1572 640 1642 qui
673 1572 884 1627 Domini
911 1583 1182 1642 praecepta
1213 1573 1654 1629 contemnebant.
1697 1574 1809 1627 Ex-

210 1663 586 1718 acerbaverunt
611 1673 786 1719 autem
815 1662 1085 1733 signiticat
1111 1664 1307 1719 acerbe
1332 1673 1682 1734 acceperunt,
1715 1675 1808 1720 aut

211 1768 370 1813 certe
400 1757 674 1828 iniuriosis
698 1758 1188 1816 abominationibus
1215 1769 1560 1828 respuerunt.
1591 1761 1723 1815 Nam
1749 1761 1802 1816 in

1914 553 2121 609 ceptus.

1989 635 2141 690 Vers.
2166 635 2252 690 52.
2280 636 2460 692 Posuit
2491 637 2688 708 pluvias
2712 657 2888 696 eorum
2911 644 2964 696 in
2985 645 3303 714 grandinem,
3327 650 3500 722 ignem

1912 725 2290 780 comburentem
2315 729 2368 781 iu
2390 737 2528 782 terra
2555 730 2679 801 [ωε.
2706 732 2769 786 Ε.
2793 740 2848 788 ct
2881 734 2994 802 ed.,
3013 737 3223 809 terram]
3245 741 3496 810 ipsorum.

1989 818 2137 876 Vers.
2172 821 2260 876 55.
2290 820 2359 874 Et
2383 824 2630 893 percussit
2659 825 2826 879 vineas
2853 842 3028 882 eorum
3053 838 3103 884 et
3129 832 3378 898 ﬁculneae
3414 851 3500 889 eo-

1910 923 2059 972 rum,
2091 918 2135 963 et
2177 912 2412 966 contrivit
2440 928 2588 965 omne
2632 914 2829 984 lignum
2876 918 3060 985 ﬁniunt
3107 936 3304 977 eorum.
3357 923 3499 979 Ultio

1911 999 2095 1068 quinta
2148 1013 2417 1056 narratur.
2449 1003 2652 1058 Similis
2695 1015 2777 1059 est
2823 1008 3085 1077 superiori
3133 1014 3415 1070 sentcntiae
3445 1025 3500 1072 et

1910 1089 2012 1146 ista
2040 1091 2254 1158 locutio,
2281 1093 2371 1147 ubi
2395 1094 2470 1148 ait
2495 1110 2508 1146 :
2543 1093 2722 1148 Posuit
2748 1098 2892 1151 ineis
2914 1106 3064 1154 verba
3088 1103 3352 1172 signorum
3377 1123 3500 1161 suo-

1909 1199 2047 1240 rum.
2083 1183 2287 1250 Posuit,
2315 1186 2503 1241 statuit
2545 1186 2809 1256 signiﬁcat
2833 1204 2896 1246 ac
2916 1190 3174 1249 decrevit.
3217 1195 3500 1268 IEgyptio-

1911 1289 2031 1330 rum
2077 1275 2219 1330 enim
2268 1277 2445 1332 adhuc
2477 1280 2748 1351 plagarum
2788 1283 3124 1340 enumeratio
3155 1298 3494 1356 perseverat,

1911 1372 1972 1418 ut
2000 1365 2177 1434 pluvia
2207 1383 2324 1436 quae
2352 1369 2419 1424 ad
2465 1370 2846 1427 fecunditatem
2879 1383 3037 1429 terrae
3064 1374 3243 1444 datur,
3273 1392 3499 1435 conver-

1909 1462 2117 1512 teretur
2155 1457 2208 1512 in
2239 1461 2515 1529 grandinis
2547 1463 2763 1518 noxiam
2809 1467 3113 1521 vastitatem
3138 1483 3161 1533 ;-
3181 1469 3333 1538 cujus
3359 1470 3496 1528 ictus

1910 1560 2017 1602 non
2053 1548 2229 1603 minus
2256 1550 2549 1622 intercipit,
2581 1568 2741 1622 quam
2770 1553 2860 1609 ubi
2892 1556 3125 1624 lapidum
3155 1560 3306 1628 copia
3330 1561 3494 1617 densa

1907 1638 2186 1694 ceciderit.
2219 1639 2343 1695 Haec
2390 1645 2964 1720 agrorumhquoreum
3005 1647 3260 1714 probatur
3311 1649 3496 1705 incen-

1909 1726 2055 1784 dium
2073 1769 2090 1795 ,
2115 1743 2236 1786 cum
2265 1738 2408 1786 tactu
2435 1732 2604 1788 noxio
2634 1734 2835 1788 fructus
2861 1734 3083 1790 areiacit
3101 1778 3116 1804 ,
3151 1751 3498 1809 quoscunque

214 1822 494 1920 plagam,"
549 1852 788 1921 ipsarum
846 1852 1258 1907 enumeratione
1309 1822 1627 1921 'compelens
1681 1852 1805 1908 fecit
1840 1822 2152 1921 Bsasatilis
2181 1823 2318 1921 unda
2336 1826 2691 1921 percusserit.
2721 1826 2900 1898 Ignem
2940 1843 3068 1885 vero
3104 1831 3498 1901 comburentem,

215 1944 450 1999 initium.
474 1943 591 2000 Non
622 1945 767 2000 enim
797 1944 865 2000 ad
895 1945 1103 2015 reliqua
1129 1944 1313 2000 venire
1345 1945 1664 2013 potuissent,
1698 1944 1802 2000 nisi

201 2036 525 2091 obscuratis
587 2037 843 2093 sensibus
907 2037 1265 2092 incurrissent
1331 2037 1806 2108 profundissimam

207 2129 543 2197 caecitatem;
575 2131 719 2200 quod
747 2139 801 2186 et
832 2129 991 2187 hodie
1017 2132 1096 2187 sic
1141 2130 1258 2187 fieri
1309 2132 1647 2202 peccantium
1679 2145 1810 2187 usus

209 2221 483 2280 ostendit.

290 2333 452 2389 ναῖς.
482 2332 575 2389 29.
605 2334 861 2389 Convertit
904 2351 1066 2405 aquas
1105 2351 1284 2390 eorum
1316 2336 1369 2390 in
1399 2335 1702 2406 sanguinem
1721 2376 1735 2398 ,
1764 2345 1812 2390 et

209 2427 408 2482 occidit
427 2429 590 2498 pisces
613 2444 811 2482 eorum.
841 2427 980 2484 Dicit
1007 2429 1295 2485 secundam
1336 2430 1565 2500 plagam,
1598 2443 1718 2498 qua).
1749 2430 1801 2483 in

217 2521 443 2576 historia
477 2519 645 2576 Exodi
677 2521 848 2590 prima
881 2520 1101 2590 legitur;
1132 2521 1226 2577 sed
1259 2523 1389 2591 ipsa:
1417 2523 1588 2592 plag:e
1617 2521 1808 2576 futurzn

216 2612 386 2668 cladis
409 2613 607 2669 indicia
640 2613 977 2668 nuntiabant.
1007 2613 1262 2668 Convertit
1284 2615 1426 2670 enim
1449 2631 1606 2685 aquas
1635 2630 1811 2668 eorum

211 2706 269 2757 in
319 2706 638 2777 sanguinem,
699 2706 950 2776 quoniam
1009 2713 1166 2760 erant
1217 2706 1361 2760 inter
1419 2705 1585 2760 maris
1646 2704 1812 2760 Rubri

215 2796 418 2851 ﬂuenta
449 2797 698 2866 perituri.
736 2795 910 2850 Pisces
931 2813 1108 2851 eorum
1144 2797 1298 2850 occisi
1324 2807 1463 2860 sunt,
1493 2811 1562 2850 ne
1589 2811 1712 2864 spes
1737 2797 1814 2851 vi-

224 2887 388 2942 vendi
429 2887 736 2943 hominibus
766 2888 952 2943 relicta
997 2886 1293 2954 videretur,
1327 2885 1542 2958 quando
1573 2886 1700 2940 illud
1734 2897 1817 2942 est

218 2982 374 3036 inter
407 2980 593 3036 latices
620 2990 908 3048 mortuum,
941 2981 1082 3052 quod
1113 2981 1293 3036 nativo
1316 2980 1585 3036 elemento
1621 2979 1817 3050 proba-

224 3071 388 3127 batur
418 3073 731 3127 enutritum.

1914 1911 2140 1969 fulmina
2183 1916 2469 1986 signiﬁcat,
2517 1935 2637 1987 quae
2688 1921 2864 1977 solent
2911 1924 3138 1978 excitata
3187 1935 3500 1997 tempestate

1912 2004 2193 2064 desatvire.
2215 2009 2500 2087 Sequitur,
2532 2021 2580 2065 et
2609 2016 2857 2084 percussit
2884 2016 3055 2071 vineas
3082 2033 3259 2072 eorum
3287 2030 3332 2074 et
3363 2022 3502 2089 ﬁcul-

1913 2113 2038 2152 neas
2067 2114 2268 2167 eorum,
2295 2109 2348 2155 et
2391 2102 2624 2156 contrivit
2669 2120 2816 2158 omne
2844 2104 3040 2176 lignum
3081 2108 3263 2176 ﬁniunt
3301 2126 3500 2171 eorum.

1910 2187 2066 2254 Quod
2116 2189 2277 2258 dicit,
2322 2189 2604 2259 percussit,
2652 2194 2718 2249 ad
2768 2197 3043 2265 superiora
3093 2201 3341 2269 respicit,
3388 2205 3502 2260 sive

1906 2279 2248 2348 grandinem,
2278 2281 2390 2337 sive
2414 2282 2662 2348 fulmina,
2681 2300 2800 2354 qua:
2820 2291 3056 2347 scelestis
3081 2298 3314 2361 potentia
3345 2303 3501 2356 terris

1912 2369 2058 2425 velut
2096 2371 2201 2427 tela
2247 2371 2439 2428 infesta
2484 2374 2770 2443 iaculatur.
2805 2379 2871 2433 Et
2900 2395 2968 2436 ne
3005 2392 3212 2440 tantum
3251 2388 3500 2456 ﬁculneas

1915 2470 2151 2531 putares,
2192 2471 2286 2517 aut
2313 2463 2482 2518 vineas
2508 2481 2617 2520 esse
2654 2483 2953 2538 percussas,
2981 2473 3218 2543 addidit,
3250 2494 3399 2533 omne
3435 2482 3502 2534 li-

1914 2573 2072 2626 gnum
2097 2556 2282 2625 ﬁnium
2308 2573 2519 2621 eorum;
2547 2567 2602 2612 ut
2623 2568 2678 2613 et
2707 2571 2817 2617 sata
2847 2577 2954 2618 non
2982 2565 3258 2625 dubitares
3281 2585 3498 2640 eversa,

1917 2650 2005 2704 ubi
2048 2649 2300 2706 arborum
2329 2667 2543 2721 quoque
2571 2653 2764 2708 robora
2795 2670 3147 2725 cognosceres
3177 2660 3342 2717 fuisse
3366 2678 3500 2718 cou-

1918 2743 2060 2798 trita.
2087 2742 2285 2812 Maiora
2314 2745 2455 2799 enim
2485 2745 2768 2801 continent
2797 2748 3123 2805 intellectum
3152 2755 3441 2811 minorum.

1993 2835 2145 2890 Vcrs.
2189 2835 2283 2892 54.
2318 2835 2482 2905 Dixit,
2513 2840 2718 2892 etvenit
2757 2837 2954 2895 locusta
2979 2851 3028 2898 et
3068 2844 3320 2914 bruchus,
3351 2848 3499 2916 cujus

1918 2941 2020 2981 non
2051 2933 2159 2979 erat
2189 2941 2448 2982 numerus.

1995 3016 2143 3072 Vers.
2187 3018 2279 3072 55.
2312 3016 2381 3071 Et
2411 3018 2626 3072 comedit
2671 3034 2820 3074 omne
2849 3021 3025 3091 fenum
3068 3034 3215 3079 terra:
3255 3041 3428 3080 eorum
3453 3037 3500 3083 et

1914 3122 2118 3161 omnem
2147 3110 2374 3177 {ructans
2413 3119 2561 3165 terrae
2589 3110 2837 3180 ipsorum.
2865 3112 3028 3168 Sexta
3068 3112 3287 3170 inchoat
3323 3117 3499 3188 plaga.

298 3186 458 3242 Vera.
484 3187 574 3242 30.
605 3187 747 3242 Hisit
777 3189 830 3243 in
873 3195 1064 3242 terram
1088 3203 1267 3243 eorum
1309 3202 1487 3252 ranas,
1511 3193 1562 3240 et
1588 3184 1643 3238 in
1667 3183 1812 3238 cistri-

1918 3196 2024 3252 Sed
2051 3206 2106 3252 et
2133 3200 2248 3253 lucc
2268 3198 2467 3253 locutio
2485 3200 2750 3269 superiori
2792 3203 3072 3260 sententia:
3092 3205 3282 3262 similis
3303 3183 3499 3279 appro-

215 3279 354 3333 tibus
385 3295 560 3351 regum
604 3281 858 3350 ipsorum.
889 3280 1016 3335 Haec
1055 3279 1213 3335 tertia
1259 3284 1360 3333 est.
1412 3276 1686 3332 Ranarum
1733 3274 1813 3329 eis

217 3374 534 3427 societatem
566 3371 736 3440 dedit,
769 3375 893 3444 quia
932 3381 989 3429 et
1027 3372 1125 3444 ipsi
1157 3373 1333 3427 locum
1364 3370 1637 3439 accepturi
1682 3384 1812 3439 pro-

222 3461 490 3518 babantur
513 3463 796 3534 aquatilem
818 3481 831 3530 ;
857 3478 888 3517 a
916 3477 1021 3533 quo
1064 3461 1216 3534 signo
1262 3475 1364 3516 nec
1395 3474 1554 3530 reges
1589 3474 1810 3526 eorum,

217 3553 277 3608 id
309 3565 391 3611 est
415 3556 622 3627 priores
650 3556 861 3625 excepti
910 3563 1057 3622 sunt,
1085 3553 1304 3626 quando
1351 3559 1508 3607 erant
1534 3551 1815 3606 altissimae

220 3647 404 3720 abyssi
447 3649 791 3706 demersione
837 3648 1104 3704 morituri.
1153 3647 1262 3704 Sed
1305 3647 1405 3702 hoc
1448 3646 1592 3700 inter
1618 3654 1812 3700 caetera

225 3740 351 3807 plus
382 3739 592 3796 videtur
615 3755 736 3796 esse
776 3739 1050 3803 mirabile,
1083 3745 1266 3794 utnec
1307 3750 1494 3805 regum
1525 3734 1717 3791 domus
1749 3734 1816 3788 ab

223 3831 330 3886 hac
371 3832 524 3902 plaga
576 3841 927 3888 cernerentur
979 3839 1243 3900 exceptze,
1278 3828 1473 3899 quibus
1523 3827 1815 3882 multorum

221 3921 523 3976 tuinisteria
577 3923 700 3977 talia
759 3932 1007 3989 poterant
1058 3921 1381 3974 submovere
1436 3922 1723 3986 portenta;
1759 3924 1819 3970 ut

225 4011 510 4066 evidenter
535 4011 693 4067 detur
743 4009 994 4082 intelligi,
1026 4010 1186 4065 nullis
1213 4009 1405 4079 opibus
1435 4007 1700 4078 nullisque
1731 4022 1818 4063 so-

233 4101 386 4157 latiis
410 4100 602 4156 divinis
646 4117 800 4172 posse
822 4100 1160 4171 jussionibus
1191 4097 1417 4155 obviari.

311 4212 463 4267 Vers.
497 4212 584 4268 51.
631 4213 817 4282 Dixit,
863 4225 912 4270 et
940 4214 1075 4268 venit
1120 4211 1390 4283 cynomyia
1433 4217 1480 4264 et
1509 4208 1734 4279 ciniphes
1765 4211 1818 4264 in

226 4305 468 4359 omnibus
520 4306 704 4374 ﬁnibus
751 4323 948 4361 eorum.
981 4307 1182 4374 Quarta
1234 4304 1389 4374 plaga
1433 4302 1814 4374 subsequitur,

229 4395 394 4460 Dixit,
439 4398 675 4468 etvenit.
708 4397 762 4452 In
807 4412 1050 4467 magnam
1100 4395 1511 4467 signiﬁcantium
1563 4393 1669 4448 duo
1718 4395 1817 4449 ista

223 4486 516 4553 conjuncta
562 4495 716 4552 sunt,
749 4487 869 4556 quia
923 4487 1221 4541 Divinitatis
1274 4486 1555 4556 imperium
1611 4487 1816 4541 nullum

1917 3288 2097 3357 batur,
2124 3289 2178 3346 id
2204 3299 2309 3358 cst,
2337 3291 2498 3357 Dixit,
2523 3302 2570 3348 et
2595 3295 2725 3347 venit
2751 3297 3021 3367 cgnomyitt
3042 3305 3089 3352 et
3115 3299 3361 3370 cinipltes.
3391 3303 3491 3358 Lo-

1917 3392 2062 3437 custa
2088 3399 2217 3439 vero
2249 3395 2418 3440 mater
2451 3386 2638 3441 bruclti
2669 3397 2770 3451 est,
2819 3404 2980 3458 quem
3005 3391 3146 3445 mala
3176 3391 3502 3452 fecunditate

1918 3485 2258 3544 progenerat,
2291 3490 2409 3546 qua:
2452 3476 2519 3530 ad
2558 3476 2698 3531 illam
2731 3480 2966 3547 praedam
2997 3483 3151 3551 quasi
3178 3495 3502 3541 convocatus

1918 3568 2185 3622 exercitus
2210 3581 2332 3621 cum
2381 3583 2479 3622 sua
2508 3570 2659 3637 prole
2689 3570 2991 3627 descendit.
3024 3572 3090 3626 Et
3135 3588 3204 3628 ne
3249 3575 3502 3633 crederes

1920 3655 2156 3713 inaniter
2181 3657 2489 3728 deductum,
2517 3676 2716 3715 omnem
2745 3663 2966 3731 fructum
2990 3673 3140 3720 terra:
3162 3665 3309 3722 illius
3334 3667 3404 3723 ab
3423 3670 3504 3724 eis

1918 3747 2048 3804 dicit
2073 3764 2195 3806 esse
2226 3761 2627 3821 consumptum.
2857 3767 2863 3773 '
3126 3802 3136 3809 .

1991 3839 2144 3896 Vera.
2177 3840 2266 3896 56.
2297 3839 2364 3894 Et
2395 3842 2642 3910 percussit
2673 3857 2822 3896 omne
2847 3844 3254 3914 primogenitum
3282 3848 3335 3899 in
3369 3856 3504 3900 terra

1923 3931 2163 4004 Egypti,
2197 3936 2451 4005 primitias
2482 3937 2647 3989 omnis
2688 3937 2878 3992 laboris
2907 3954 3103 3992 eorum.
3134 3939 3291 3994 Venit
3315 3941 3382 3994 ad
3412 3955 3504 3996 se-

1921 4024 2166 4093 ptimam,
2199 4034 2459 4094 quantum
2489 4025 2556 4080 ad
2582 4026 2721 4080 hunc
2752 4027 3016 4095 psalmum
3048 4028 3299 4097 pertinet,
3329 4032 3506 4086 novis-

1919 4115 2112 4170 simam
2161 4115 2398 4186 plagam,
2427 4115 2515 4170 ubi
2562 4114 2673 4184 jam
2719 4117 2844 4171 victi
2893 4116 3272 4188 Egyptiorutn
3321 4120 3505 4191 populi

1922 4209 2184 4265 malorum
2219 4209 2608 4265 numerositate
2651 4220 2952 4265 cesserunt.
2996 4210 3128 4265 Nam
3156 4214 3507 4282 quemadmo-

1921 4299 2050 4355 dum
2079 4298 2312 4368 amplius
2343 4298 2575 4354 tolerare
2615 4307 2886 4368 poterant,
2918 4301 3008 4370 qui
3035 4309 3090 4357 et
3127 4303 3306 4357 omnia
3333 4303 3509 4358 dulcia

1921 4389 2290 4462 perdiderant,
2321 4400 2374 4446 et
2403 4389 2676 4446 desolatos
2697 4405 2754 4446 se
2781 4393 2908 4462 ipsis
2936 4407 3150 4464 quoque
3188 4395 3510 4452 victualibus

1923 4480 2267 4538 sentiebant?
2299 4481 2386 4538 Sic
2414 4480 2647 4551 graviter
2669 4496 2764 4551 per
2794 4492 2973 4552 partes
3001 4485 3161 4553 perit,
3193 4484 3283 4552 qui
3314 4483 3512 4538 divinis

229 4585 409 4646 potest
432 4577 698 4633 sustinere
720 4578 982 4633 tarditatis
1004 4577 1361 4633 obstaculum.
1385 4576 1517 4631 Nam
1548 4577 1592 4632 si
1612 4579 1821 4633 eviden-
1848 4591 1897 4651 υ
1919 4575 2250 4646 jussionibus
2276 4575 2650 4631 reluctandum
2676 4588 2798 4631 esse
2821 4576 3106 4644 putaverit.
3134 4575 3229 4631 Hic
3257 4575 3512 4632 nonnulla

228 4679 312 4726 ter
343 4671 591 4724 intendas
629 4670 714 4727 vel
765 4672 877 4740 ipsa
923 4671 1082 4724 verba
1129 4685 1247 4739 qua:
1276 4669 1374 4724 sibi
1403 4667 1652 4724 videntur
1700 4683 1820 4723 esse

229 4763 456 4827 sociata,
489 4770 666 4817 tamen
697 4777 792 4831 per
811 4762 1048 4833 syllabas
1077 4775 1200 4815 suas
1230 4761 1404 4831 aliqua
1433 4775 1580 4816 mora
1611 4771 1823 4828 protra-

229 4850 452 4905 huntur.
490 4851 668 4908 Jussio
723 4863 903 4908 autem
956 4852 1166 4906 Domini
1214 4867 1319 4907 non
1371 4852 1558 4908 dilatat
1589 4863 1816 4918 tempus,

229 4943 449 5011 quando
474 4943 583 5011 jam
619 4946 729 5012 ipsa
773 4943 1020 4997 voluntas
1051 4941 1271 4998 cliectus
1300 4949 1403 4997 est.
1436 4941 1720 5013 Cynomyia
1751 4944 1823 4996 si-

225 5033 450 5101 gniﬁcat
494 5048 729 5088 muscam
760 5034 1037 5098 caninam,
1070 5049 1191 5103 qum
1221 5035 1432 5088 caeteris
1475 5033 1674 5089 muscis
1702 5048 1820 5087 om-

232 5126 362 5180 nino
396 5126 695 5182 mordacior
725 5136 828 5192 est,
859 5134 914 5180 et
957 5125 1358 5197 importunitate
1386 5141 1478 5180 sua
1521 5125 1822 5192 violentior,

229 5218 375 5273 unde
408 5218 586 5274 infesti
627 5234 690 5275 ac
717 5221 996 5274 saevissimi
1043 5219 1290 5272 animalis
1333 5218 1685 5272 derivativum
1731 5233 1826 5273 no-

229 5327 359 5366 men
393 5313 615 5383 accepit.
653 5313 893 5382 Cinipltes
922 5326 1090 5382 genus
1115 5322 1200 5366 est
1225 5311 1452 5366 culicum
1486 5309 1604 5365 lixis
1630 5311 1827 5364 aculeis

231 5408 642 5474 permolestum,
676 5420 809 5475 quas
837 5406 1024 5476 vulgus
1044 5404 1321 5459 consuevit
1346 5417 1539 5457 vocare
1569 5403 1822 5456 zinzalas.

233 5500 546 5567 Agnoscant
598 5497 841 5552 homines
883 5495 973 5567 qui
1024 5495 1183 5549 fatuis
1232 5493 1552 5549 elationibus
1595 5493 1826 5548 intume.

233 5599 410 5655 scunt,
444 5589 696 5656 quoniam
738 5589 947 5644 Pharao
978 5588 1064 5643 ille
1111 5601 1286 5643 saevus
1307 5594 1362 5642 et
1389 5585 1555 5640 durus
1585 5600 1683 5640 nec
1714 5601 1828 5640 mu-

232 5683 342 5737 scis
366 5697 460 5751 par
483 5697 610 5738 esse
639 5689 866 5751 pctcrat,
896 5681 984 5748 qui
1033 5695 1092 5737 se
1134 5679 1200 5735 de
1241 5687 1384 5734 tanta
1417 5677 1565 5748 regni
1598 5677 1828 5734 elatione

233 5773 486 5832 iactabat.
521 5775 586 5829 in
616 5774 844 5828 omnibus
875 5783 1054 5833 autem
1103 5771 1292 5840 ﬁnibus
1340 5786 1516 5826 eorum
1567 5769 1732 5838 dicit,
1763 5786 1830 5828 ne

1924 4668 2151 4736 quatstio
2180 4669 2386 4725 videtur
2412 4668 2635 4734 oboriri,
2666 4683 2764 4724 cur
2800 4669 2964 4738 358
2990 4678 3195 4737 septem
3223 4668 3512 4739 Egyptia-

1925 4775 2042 4815 rum
2072 4762 2254 4831 plagas
2294 4769 2500 4816 tantum
2542 4761 2780 4830 psalmus
2821 4763 2921 4816 iste
2950 4771 3358 4830 commemoret,
3390 4777 3512 4817 cum

1927 4851 2111 4906 decen
2144 4851 2252 4905 sint
2277 4852 2327 4905 in
2361 4851 2524 4906 Exodi
2557 4852 2865 4906 narratione
2894 4851 3198 4921 descriptae.
3234 4851 3510 4922 Frequen-

1928 4951 2010 4997 ter
2030 4943 2263 4996 diximus
2288 4935 2651 5012 in‘Scripturis
2671 4941 2866 4997 divinis
2888 4957 2916 4994 a
2943 4951 3091 5011 parte
3122 4950 3294 4997 totum
3315 4942 3514 5000 debere

1925 5033 2135 5096 sentiri,
2167 5034 2304 5088 sicut
2333 5033 2384 5087 in
2417 5033 2704 5102 Evangelio
2741 5032 2971 5102 legitur,
3025 5031 3247 5086 Verbum
3277 5049 3397 5089 caro
3431 5035 3514 5104 fa-

1927 5133 2065 5176 ctum
2088 5131 2184 5192 est,
2217 5132 2263 5178 et
2289 5123 2528 5177 habitavit
2553 5123 2606 5177 in
2635 5123 2780 5176 nobis
2809 5122 2990 5192 (Joan.
3018 5137 3057 5188 t,
3081 5121 3202 5192 li);
3225 5126 3377 5194 quasi
3409 5140 3513 5179 non

1928 5225 1982 5270 et
2007 5215 2236 5269 animam
2266 5214 2421 5269 simul
2453 5211 2824 5282 assumpserit,
2856 5225 3014 5281 quam
3047 5213 3352 5281 specialiter
3378 5213 3517 5269 libe—

1930 5320 2052 5360 rare
2073 5304 2319 5376 dignatus
2340 5311 2439 5359 est.
2468 5304 2578 5370 Sic,
2609 5311 3028 5356 commemorata
3063 5318 3248 5369 carne,
3281 5303 3438 5360 simul
3466 5316 3518 5360 ct

1933 5401 2110 5455 anima
2130 5399 2327 5468 suscipi
2360 5398 2560 5453 debere
2594 5396 2964 5465 cognoscitur;
3000 5397 3141 5466 quod
3177 5399 3356 5453 multis
3388 5399 3519 5453 locis

1936 5491 2145 5547 invenis
2175 5504 2295 5545 csse
2345 5487 2711 5558 praedicatum.
2749 5488 2949 5543 Deinde
2996 5488 3138 5557 quod
3181 5490 3520 5558 septenarius

1935 5599 2189 5639 numerus
2239 5583 2468 5651 Spiritus
2497 5581 2665 5636 sancti
2690 5581 2884 5636 virtute
2919 5582 3171 5649 probatur
3217 5596 3341 5636 esse
3398 5598 3518 5649 per:

1935 5677 2121 5732 iectus.
2158 5675 2343 5729 Merito
2388 5687 2518 5743 ergo
2567 5671 2752 5728 decem
2803 5671 2987 5742 plagas
3016 5673 3068 5726 in
3099 5673 3392 5741 septenarii
3427 5689 3509 5722 ttu-

1937 5765 2068 5826 meri
2093 5766 2352 5824 relatione
2379 5765 2674 5836 conclusit,
2710 5775 2767 5821 ut
2799 5776 2966 5821 tntum
2995 5768 3292 5833 perrectum
3326 5763 3496 5818 intelli
