4090 6346
533 344 621 400 15!

1742 338 1814 393 Μ.
1856 334 2136 396 AURELII
2172 332 2567 397 CASSIODORI

3697 322 3831 392 752'

527 471 713 529 geres,
757 457 911 529 cujus
963 464 1169 527 partem
1196 451 1393 508 dictam
1440 463 1562 507 esse
1614 451 1867 508 sentires.
1902 451 2104 507 Deinde
2131 456 2181 514 A
2211 461 2327 509 rata
2345 465 2472 509 sunt
2491 462 2612 510 vota
2635 452 3079 511 desiderantium.
3103 450 3295 511 Carnes
3313 454 3683 526 petitpopums
3700 451 3807 511 lie-

529 567 823 623 congruttm
853 549 953 606 fuit
1002 560 1061 605 ut
1089 561 1202 603 rem
1229 554 1409 601 notam
1443 544 1591 600 varia
1620 544 1881 600 relatione
1908 545 2116 601 descri-

529 644 700 710 heret,
722 657 841 698 cum
872 639 1244 711 Egyptiorum
1278 651 1491 708 ptenas,
1519 644 1576 692 et
1605 636 1828 692 totidem
1864 636 2117 693 llcbrteo-

527 752 647 791 rum
686 733 941 790 beneﬁcia
978 729 1318 800 praedicaret.
1375 727 1465 784 Sic
1517 742 1624 782 non
1665 726 1970 793 diversum,
2021 728 2118 783 scd

530 840 690 881 causa
722 822 991 879 varietatis
1020 820 1229 893 videtur
1256 834 1377 875 esse
1413 817 1858 889 pulcherrimum.
1887 818 2014 874 Sive
2038 819 2119 890 (ut

530 916 671 973 Patri
725 913 1018 987 Augustino
1056 914 1269 984 placet)
1298 914 1463 969 libera
1511 920 1594 967 est
1647 912 1879 966 laudatio
1924 928 1955 966 a
2000 913 2118 981 lege

532 1005 797 1068 narrantis
825 1023 840 1059 :
873 1018 996 1058 nam
1041 1003 1134 1073 qui
1165 1003 1296 1058 texit
1331 1002 1636 1067 historiam,
1684 1015 1907 1056 necesse
1952 1001 2120 1056 habet

531 1096 712 1152 omnia
762 1107 1190 1153 commemorare
1231 1092 1567 1162 plenissime;
1598 1090 1692 1161 qui
1741 1107 1872 1147 vero
1906 1092 2115 1157 laudat,

530 1203 702 1260 pauca
730 1187 800 1244 de
841 1186 1086 1257 plurimis
1132 1183 1374 1257 tetigisse
1419 1184 1673 1240 sufﬁciet.
1710 1184 1950 1239 Breviter
1991 1199 2120 1254 ergo

532 1280 715 1350 priora
741 1278 887 1340 dicit,
914 1278 1037 1346 quia
1060 1290 1168 1332 non
1195 1275 1282 1332 hic
1307 1277 1611 1331 nescientes
1637 1274 1818 1339 docet,
1852 1275 1945 1329 sed
1972 1290 2122 1329 com-

533 1379 794 1426 memorat
815 1370 999 1440 utique
1018 1368 1334 1425 retinentes.
1361 1368 1427 1423 Et
1453 1368 1709 1437 quoniam
1734 1378 1818 1423 est
1845 1366 1898 1421 in
1926 1367 2119 1422 subse-

533 1465 716 1535 quenti
742 1464 1005 1519 divisione
1033 1464 1274 1518 dicturus
1304 1471 1510 1530 septem
1542 1462 1803 1517 beneﬁcia
1836 1462 2121 1516 Dominum

534 1556 761 1612 Hebraeo
798 1555 997 1626 populo
1025 1553 1369 1623 praestiiisse,
1404 1554 1662 1622 praemisit
1691 1562 1901 1622 septem
1937 1554 2120 1623 plagas

536 1650 779 1705 inimicos
806 1647 1087 1719 Egyptios
1114 1649 1416 1717 accepisse,
1448 1656 1506 1701 ut
1530 1661 1784 1701 numerus
1814 1647 1929 1716 ipse
1957 1647 2122 1717 (sicut

537 1741 786 1796 arbitrari
808 1739 1049 1810 possum)
1074 1741 1332 1795 bonarum
1356 1747 1411 1794 et
1438 1737 1697 1792 malarum
1722 1752 1903 1792 rerum
1930 1738 1989 1793 in
2020 1738 2122 1793 hoc

539 1836 746 1905 psalmo
769 1833 1186 1903 comprobabilis
1218 1832 1529 1888 haberetur.

616 1928 763 1984 Vers.
790 1929 876 1982 57.
911 1926 973 1980 Et
1003 1926 1179 1980 eduxit
1205 1942 1296 1981 eos
1337 1926 1391 1979 in
1436 1933 1648 1999 argento
1675 1932 1726 1980 et
1749 1941 1878 1979 auro
1903 1965 1918 1990 ,
1944 1932 1991 1977 et
2018 1939 2125 1977 non

539 2030 648 2075 erat
674 2020 730 2074 in
758 2018 986 2073 tribubus
1025 2033 1200 2072 eorum
1245 2017 1505 2086 inﬁrmus.
1559 2016 1901 2081 Enumeratis
1957 2014 2126 2083 plagis

540 2126 675 2182 quas
702 2109 850 2166 dedit
874 2108 1167 2180 Egyptiis,
1217 2108 1363 2162 venit
1408 2107 1475 2162 ad
1517 2108 1762 2177 quintam
1796 2115 2037 2174 partem,
2070 2105 2125 2159 in

542 2220 647 2276 qua
676 2204 895 2260 totidem
937 2200 1196 2258 beneﬁcia
1228 2200 1466 2255 ltebrreis
1494 2200 1624 2254 dicit
1651 2214 1772 2253 esse
1798 2199 2012 2253 collata.
2040 2198 2129 2251 Ait

540 2299 713 2355 enim:
738 2295 807 2351 Et
828 2296 1000 2351 eduxit
1018 2311 1108 2349 eos
1127 2294 1181 2348 in
1201 2302 1411 2362 argento
1432 2301 1478 2345 et
1503 2307 1652 2345 auro.
1682 2291 1918 2345 Primum
1945 2289 2128 2356 itaque

540 2388 858 2445 beneﬁcium
904 2385 1029 2455 luit,
1068 2394 1129 2440 ut
1167 2384 1393 2454 populus
1442 2383 1599 2453 lmga
1628 2382 1888 2437 servitute
1940 2380 2126 2435 conie-

540 2490 681 2546 ctus,
713 2494 819 2536 non
845 2490 1047 2549 egenus
1070 2476 1350 2545 inanisque
1378 2473 1702 2527 discederet.
1735 2474 1935 2526 Aurum
1961 2479 2007 2524 et
2037 2486 2127 2523 ar-

472 2594 475 2595 ν
541 2583 748 2644 gentum
788 2570 1136 2625 Israeliticum
1169 2568 1420 2637 populum
1453 2565 1522 2619 ab
1553 2564 1821 2636 Egyptiis
1851 2575 2127 2634 praecepto

543 2662 753 2717 Domini
779 2659 1143 2716 discedentem
1189 2655 1414 2725 legimus
1441 2655 1716 2724 accepisse
1740 2695 1754 2719 ,
1786 2664 1843 2709 ut
1893 2669 1998 2709 non
2041 2670 2129 2710 re-

543 2756 761 2826 pentina
780 2753 1080 2822 subreptio,
1112 2749 1403 2820 sedlonga:
1422 2749 1750 2820 operationis
1774 2764 1983 2804 merces
2006 2764 2128 2804 esse

541 2850 802 2905 videatur.
852 2847 919 2902 Et
946 2844 1070 2917 quia
1099 2844 1333 2899 dubitari
1384 2859 1493 2898 non
1525 2849 1702 2909 potest
1728 2842 1907 2896 omnia
1948 2842 2127 2896 Domi-

543 2957 668 2997 num
694 2941 839 3012 justa
889 2937 1220 3009 praecipere,
1255 2936 1373 2992 sine
1428 2934 1581 3004 culpa
1620 2932 1835 2988 videtur
1885 2933 2081 2988 factum
2106 2972 2124 2998 ,

542 3032 680 3101 quod
729 3030 848 3100 ejus
896 3027 1128 3097 imperio
1171 3035 1386 3084 constat
1430 3025 1730 3095 impletum.
1790 3025 2118 3094 Quapropter

542 3121 780 3190 sequitur
823 3120 1118 3174 secundum
1167 3116 1513 3183 beneﬁcium,
1565 3124 1624 3169 ut
1670 3117 1759 3170 illa
1802 3116 2126 3172 necessitate

2218 545 2513 613 brteorum,
2543 549 2910 602 et‘coturnices
2938 547 3162 615 accepit.
3187 545 3411 602 Constat
3437 546 3581 602 enim
3611 554 3718 601 tam
3747 546 3805 601 in

2218 637 2524 694 volatilibus
2571 652 2731 708 quam
2762 637 2814 691 in
2853 637 3286 708 quadrupedibus
3314 650 3505 693 carnes
3534 649 3658 692 esse
3690 636 3809 691 sine

2218 729 2380 783 dubio
2400 729 2689 785 dulciores.
2716 729 2918 785 Deinde
2943 745 3105 785 unum
3130 730 3438 799 postulavit,
3463 738 3519 785 et
3537 729 3811 800 geminata

2219 830 2498 889 venerunt.
2530 820 2782 890 Sequitur
2808 822 2951 875 enim
2976 863 2988 885 ,
3018 831 3064 875 et
3091 836 3222 892 parte
3256 823 3369 876 caeli
3418 822 3671 876 saturavit
3701 836 3808 875 eos.

2219 910 2355 962 Sunt
2381 910 2525 963 enim
2552 910 2650 964 ista
2681 908 2857 964 Exodi
2885 910 3117 966 lectione
3141 910 3444 977 n0tissima,
3474 910 3692 980 quando
3719 924 3816 964 co-

2222 999 2457 1055 turnices
2501 1000 2555 1054 in
2602 1000 2821 1056 .nodum
2879 1000 3071 1055 imbris
3119 1000 3429 1056 densissirni
3483 1000 3813 1071 depluebant

2221 1093 2350 1165 [ed.,
2382 1092 2738 1167 deﬂuebant];
2778 1108 2975 1148 manna
2999 1108 3214 1165 quoque
3243 1103 3301 1148 ut
3333 1092 3552 1149 Iudaeus
3585 1094 3814 1165 populus

2230 1188 2551 1252 satiaretur,
2580 1188 2810 1256 accepit.
2855 1186 2959 1242 Sed
3003 1197 3060 1241 nt
3102 1190 3218 1241 bznc
3245 1186 3297 1240 in
3327 1186 3811 1256 prteﬁgurationem

2224 1274 2361 1330 facta
2393 1284 2757 1342 monstraret,
2780 1292 2888 1332 non
2926 1276 3080 1343 dixit,
3111 1288 3338 1344 manna,
3361 1278 3455 1333 sed
3487 1295 3619 1350 pane
3656 1279 3837 1347 caeli,

2223 1378 2488 1434 quatenus
2517 1365 2569 1421 in
2594 1366 2685 1421 illo
2707 1382 2929 1423 munere
2958 1369 3165 1422 Domini
3200 1368 3497 1424 Salvatoris
3517 1370 3813 1425 sentiretur

2223 1459 2503 1513 adventus.
2538 1459 2655 1529 Ipse
2692 1470 2779 1517 est
2823 1461 2970 1516 enim
3015 1464 3168 1531 panis
3195 1462 3338 1516 vicus
3375 1462 3463 1531 qui
3490 1463 3550 1516 de
3572 1464 3835 1518 caelode-r

2221 1550 2412 1606 scendit
2438 1550 2616 1622 (Joan.
2647 1566 2725 1618 vt,
2756 1552 2869 1623 5t).
2903 1553 3093 1608 Manna
3125 1554 3324 1623 quippe
3346 1552 3564 1618 dicitur,
3588 1553 3731 1608 sicut
3756 1554 3815 1614 in

2223 1643 2617 1711 septuagesimo
2644 1644 2876 1713 septimo
2907 1645 3113 1714 psalmo
3154 1643 3489 1699 declaratum
3532 1652 3618 1699 est
3638 1684 3653 1709 ,
3685 1643 3814 1714 quid

2225 1739 2308 1784 est
2339 1731 2482 1786 hoc?
2511 1731 2676 1802 Cujus
2715 1736 2947 1789 nominis
2984 1734 3238 1791 auferens
3264 1735 3647 1805 quaestionem,
3672 1735 3815 1806 quod

2136 1827 2200 1886 iB
2229 1822 2577 1893 interrogatio
2624 1824 2710 1879 illa
2750 1841 2959 1880 manna:
3010 1826 3357 1897 perquirebat
3379 1868 3396 1893 ,
3426 1826 3700 1897 expressit
3735 1826 3815 1883 dl-

2229 1919 2399 1973 cendo
2416 1936 2596 1990 ,apane
2636 1921 2749 1975 steti
2775 1922 3026 1976 saturavit
3054 1934 3161 1976 eos.
3198 1920 3297 1977 Sic
3324 1920 3466 1977 enim
3492 1929 3547 1977 et
3571 1921 3692 1978 ccli
3720 1921 3835 1979 Do».

2230 2014 2407 2067 minus
2438 2014 2730 2081 indicatur,
2762 2024 2817 2070 et
2861 2014 2986 2083 quid
3015 2017 3089 2071 sit
3130 2029 3325 2070 manus
3353 2014 3632 2072 evidenter
3651 2029 3813 2087 agno-

2229 2106 2397 2159 scitur
2422 2105 2555 2179 [ed.,
2580 2105 2925 2177 ostenditur].

2307 2197 2466 2255 νει-ε.
2496 2200 2588 2254 «Η.
2621 2197 2860 2268 Disrupit
2888 2209 3104 2271 petram,
3136 2209 3187 2255 et
3205 2202 3467 2271 ﬂuxerunt
3488 2215 3658 2271 me,
3680 2200 3815 2257 abte.

2230 2296 2350 2341 runt
2378 2289 2431 2342 in
2457 2290 2592 2344 sicco
2616 2291 2871 2360 ﬂumina.
2926 2290 3039 2347 Hoc
3063 2306 3279 2362 quoque
3307 2293 3362 2348 in
3393 2292 3615 2364 ﬁguram
3658 2307 3813 2362 κατο-

2234 2382 2393 2437 batur
2440 2383 2651 2438 Domini
2705 2383 2938 2450 Christi,
2977 2392 3036 2439 ut
3084 2394 3233 2455 petra
3277 2399 3443 2456 aquas
3476 2384 3815 2456 profudisset

2230 2476 2476 2546 irriguos.
2497 2474 2742 2533 Christus
2762 2479 2905 2533 enim
2936 2478 3188 2534 Dominus
3209 2488 3360 2548 petra
3382 2479 3670 2549 spiritualis
3692 2486 3805 2546 est,

2229 2567 2316 2634 qui
2348 2566 2537 2620 vitales
2563 2581 2731 2636 aquas
2772 2579 3011 2634 emanat,
3041 2570 3180 2624 unde
3205 2570 3455 2625 satiatum
3481 2569 3812 2625 desiderium

2230 2657 2421 2711 anima:
2448 2657 2591 2712 sitim
2638 2658 2843 2714 nesciat
2874 2660 3096 2716 ulterius
3141 2661 3429 2715 sustinere.
3471 2661 3719 2715 Abierant
3759 2663 3814 2717 in

2229 2749 2361 2803 sicco
2378 2750 2615 2819 ﬂumina,
2643 2751 2908 2821 signiﬁcat
2935 2752 3173 2821 gentium
3206 2762 3539 2822 peccatores,
3573 2754 3668 2823 qui
3697 2769 3815 2809 tne.

2230 2840 2333 2894 rito
2382 2842 2510 2895 sicci
2564 2842 2858 2909 dicuntur;
2893 2845 3144 2913 quoniam
3202 2843 3415 2900 delictis
3465 2845 3813 2901 siccabuntur

2230 2933 2509 2988 urentibus
2540 2933 2669 3005 [ed.,
2699 2932 3027 3005 arentibus];
3055 2936 3138 2990 isti
3187 2934 3358 2991 imbre
3400 2936 3616 2991 Domini
3666 2938 3814 2994 vire-

2229 3034 2441 3081 scentes
2461 3065 2476 3091 ,
2515 3026 2566 3080 in
2600 3042 2796 3083 novum
2830 3027 3104 3085 hominem
3134 3029 3499 3099 pullularunt,
3523 3031 3595 3086 de
3626 3031 3814 3097 quibus

2235 3116 2487 3171 Dominus
2513 3117 2646 3173 dicit
2675 3136 2688 3170 :
2734 3118 2876 3173 Venit
2898 3121 3034 3175 enim
3066 3118 3238 3176 Filius
3273 3121 3492 3177 hominis
3519 3138 3745 3192 φθίεται-ε
3770 3131 3815 3177 et

544 3209 879 3281 migrationis
908 3209 1088 3263 nullus
1118 3208 1430 3263 inﬁrmitate
1469 3220 1726 3275 corporea
1759 3206 2019 3276 potuisset
2045 3204 2126 3261 af-
2156 3207 2425 3268 Csa‘lvum
2447 3212 2615 3278 facere
2641 3214 2779 3280 quod
2801 3214 3020 3283 perierat
3046 3210 3196 3284 (Luc.
3227 3230 3339 3281 ιιι,
3379 3212 3489 3285 11)).

546 3309 987 3375 ﬁigi;quatenus
1032 3304 1213 3358 omnia
1267 3311 1526 3358 navanter
1576 3302 1732 3374 [Mss.
1778 3303 1868 3368 Α.,
1912 3301 2000 3368 Β..
2035 3302 2127 3369 F.,

548 3396 803 3468 ovanter]
835 3394 1121 3465 implerent
1164 3409 1281 3464 qua:
1332 3392 1439 3449 illis
1480 3392 1927 3464 praecipiebantur
1954 3407 1985 3448 a
2011 3392 2127 3449 ‘Do-

548 3491 712 3546 mino.

621 3584 770 3639 Vers.
796 3582 885 3638 38.
904 3581 1103 3639 Lwtata
1122 3589 1197 3636 est
1226 3580 1491 3652 Aigyptus
1512 3580 1566 3634 in
1587 3580 1903 3651 profectione
1925 3597 2127 3649 eorum,

548 3676 665 3746 quia
690 3676 872 3729 cecidit
923 3676 1074 3728 timor
1102 3690 1279 3728 eorum
1324 3689 1480 3741 super
1522 3689 1627 3729 eos.
1661 3673 1955 3744 Diligenter
1987 3673 2128 3729 hunc

551 3781 764 3821 versum
796 3765 1056 3821 debemus
1078 3764 1366 3835 inquirere.
1401 3763 1620 3817 Constat
1648 3763 1789 3817 enim
1820 3762 2129 3820 discedente

550 3858 745 3927 populo
789 3856 1133 3912 Hebrteorum
1181 3853 1466 3925 IEgyptum
1498 3868 1603 3907 non
1660 3852 1823 3908 tuisse
1872 3852 2126 3921 lautam,

548 3948 761 4020 quando
786 3963 907 4003 eum
938 3946 1361 4016 persequendum
1390 3959 1510 4000 esse
1534 3944 1825 4013 judicavit;
1857 3943 1952 3999 sed
1985 3952 2132 4013 post-

546 4055 702 4110 quam
746 4040 821 4095 illi
852 4039 1083 4095 demersi
1112 4048 1236 4092 sttnt
1262 4036 1355 4107 qui
1384 4036 1451 4091 ad
1474 4035 1844 4106 insequendos
1874 4035 2129 4091 Hebraeos

546 4134 623 4187 ire
668 4131 1056 4196 decreverant,
1086 4138 1217 4185 tunc
1256 4130 1347 4198 qui
1392 4130 1445 4183 in
1479 4128 1716 4199 Egypto
1757 4137 2127 4184 remanserant

544 4221 763 4277 omnino
789 4219 953 4276 laetati
983 4228 1130 4287 sunt,
1154 4220 1277 4289 quia
1298 4219 1495 4274 similia
1520 4220 1742 4274 minime
1770 4220 2127 4289 pertulerunt.

548 4312 746 4368 Reddit
788 4313 929 4367 enim
978 4312 1113 4366 hanc
1166 4326 1383 4366 causam
1429 4324 1550 4365 cum
1594 4312 1757 4377 dicit,
1789 4314 1910 4383 quia
1943 4313 2130 4367 cecidit

554 4404 699 4457 timor
720 4418 896 4458 eorum
917 4418 1067 4474 super
1089 4419 1197 4457 eos.
1230 4403 1350 4472 Ipse
1370 4403 1516 4458 enim
1544 4404 1697 4458 timor
1726 4404 1846 4469 fuit,
1871 4413 1931 4459 ut
1959 4406 2013 4459 in
2046 4404 2129 4458 fa-

548 4508 673 4549 vore
702 4492 877 4563 gentis
921 4489 1199 4547 Hebraicte
1248 4493 1363 4562 ipsa
1391 4495 1787 4562 quodammodo
1816 4495 2128 4551 viderentur

2309 3303 2459 3357 Vers.
2490 3302 2579 3356 42.
2632 3304 2765 3369 Quia
2804 3321 2996 3360 memor
3035 3306 3132 3375 fuit
3170 3304 3304 3359 verbi
3340 3307 3513 3361 sancti
3534 3306 3639 3373 sui,
3677 3305 3815 3377 quod

2231 3396 2427 3449 locutus
2449 3405 2523 3451 est
2549 3396 2619 3449 ad
2640 3396 2896 3450 Abraham
2924 3412 3135 3468 puerum
3166 3414 3334 3455 suum.

2294 3486 2455 3542 'Vers.
2487 3487 2579 3543 45.
2610 3485 2678 3542 Et
2697 3489 2873 3543 eduxit
2902 3488 3153 3559 pupulum
3196 3506 3346 3544 suum
3371 3490 3426 3543 in
3452 3490 3814 3557 exsultatione,

2229 3586 2276 3633 e't
2320 3579 2507 3633 electos
2541 3596 2661 3633 suos
2705 3580 2758 3633 in
2809 3579 3007 3634 latitia.
3043 3579 3100 3633 ln
3148 3578 3232 3634 his
3273 3579 3485 3635 duobus
3536 3581 3812 3649 versibus,

2230 3670 2606 3725 miraculorum
2631 3685 2751 3740 quae
2772 3671 3021 3740 superius
3051 3670 3185 3725 dixit
3204 3684 3364 3727 causa
3389 3684 3671 3737 narratur;
3697 3672 3814 3728 ideo

2230 3764 2371 3820 enim
2393 3764 2641 3819 dicuntur
2654 3761 2811 3829 facta,
2828 3763 3081 3832 quoniam
3101 3764 3333 3819 Abrahte
3350 3764 3675 3819 constabant
3695 3779 3814 3820 esse

2231 3855 2607 3926 promissa.‘Et
2647 3853 2855 3923 respice
2883 3854 3028 3924 quod
3067 3854 3216 3922 dicit,
3248 3855 3435 3910 electos
3471 3871 3596 3911 suos
3631 3856 3814 3909 eduxit

2229 3952 2283 4004 in
2308 3949 2522 4003 lwtitia:
2550 3947 2802 4017 quoniam
2845 3946 2924 4001 illi
2966 3945 3057 4018 qui
3090 3955 3554 4003 murmuraverunt
3582 3944 3810 4002 Domini

2231 4040 2412 4097 furore
2444 4039 2687 4110 percussi
2716 4046 2861 4094 sunt.

2304 4135 2454 4189 Vers.
2500 4133 2592 4187 44.
2637 4131 2703 4187 Et
2732 4133 2870 4186 dedit
2898 4131 2969 4187 eis
2990 4131 3220 4204 regiones
3236 4132 3507 4204 gentium;
3539 4142 3585 4185 et
3616 4129 3813 4185 labores

2230 4227 2536 4297 papulorum
2564 4227 2916 4297 possederunt.

2300 4317 2455 4372 Vers.
2481 4318 2569 4372 45.
2605 4317 2671 4372 Ut
2698 4319 2990 4374 custodiant
3002 4316 3395 4391 justificationes
3421 4317 3552 4385 eius,
3578 4322 3626 4369 et
3657 4316 3811 4387 legem

2231 4412 2346 4479 ejus
2375 4410 2659 4477 requirant.
2690 4408 2849 4464 Venit
2874 4409 2941 4464 ad
2971 4410 3255 4479 septimum
3300 4406 3643 4462 beneﬁcium.
3672 4404 3809 4461 Dixit

2230 4497 2372 4551 enim
2404 4498 2653 4566 primum,
2681 4498 2905 4555 eductos
2926 4499 2980 4553 in
3011 4514 3140 4553 auro
3167 4507 3219 4554 et
3242 4505 3494 4569 argento;
3521 4495 3719 4553 deinde
3743 4510 3810 4551 ex

545 4584 811 4641 elementa
836 4596 1120 4654 pugnasse.
1154 4582 1221 4637 Et
1248 4582 1467 4639 intende
1488 4584 1609 4653 quia
1635 4598 1731 4652 per
1763 4583 1985 4652 ﬁguram
2009 4600 2126 4641 me-
2154 4572 2203 4632 Β
2229 4585 2308 4640 eis
2362 4586 2563 4640 nullum
2614 4586 2971 4652 inlirmatum;
3019 4585 3178 4642 tertio
3220 4599 3518 4655 expensam
3569 4585 3766 4640 nubem
3786 4623 3808 4649 ,

545 4677 858 4751 tonymiam,
888 4691 1008 4747 quae
1037 4676 1225 4734 Latine
1243 4676 1690 4732 transnominatio
1707 4676 1923 4743 dicitur,
1951 4676 2122 4749 Egy-

543 4780 719 4841 ptum,
747 4783 855 4825 non
902 4769 1183 4840 Egyptios
1238 4779 1496 4824 memorat
1525 4768 1691 4825 fuisse
1737 4771 1962 4827 lmtatos.
2018 4772 2122 4827 Per

541 4860 595 4914 id
621 4861 765 4915 enim
812 4859 954 4926 quod
999 4859 1265 4925 continet,
1311 4858 1363 4913 id
1400 4859 1542 4930 quod
1592 4861 1896 4917 continetur
1941 4872 2122 4918 osten-

540 4962 657 5006 sum
672 4959 782 5007 est.

612 5042 765 5100 Vere.
798 5043 890 5099 59.
931 5042 1198 5114 Expandit
1226 5041 1412 5098 nubem
1437 5043 1492 5096 in
1522 5044 1884 5113 protectionem
1923 5060 2121 5110 eorum,

537 5142 585 5191 et
613 5133 780 5205 ignem
804 5142 858 5187 ut
897 5135 1082 5190 luceret
1111 5135 1183 5190 eis
1212 5151 1300 5205 per
1333 5146 1550 5191 noctem.
1582 5134 1880 5208 Utrumque
1924 5149 2119 5192 munus

536 5233 723 5280 contra
754 5224 1007 5293 temporis
1032 5225 1427 5282 inclementiam
1460 5228 1716 5297 probatur
1741 5242 1862 5282 esse
1892 5241 2115 5283 conces-

536 5328 676 5369 sum.
707 5312 884 5367 Nubes
908 5314 1028 5368 data
1056 5323 1159 5382 est,
1192 5327 1248 5370 ut
1275 5315 1404 5371 solis
1450 5323 1776 5387 temperaret
1819 5314 2066 5371 ardorem
2094 5333 2112 5383 ;

536 5404 670 5479 ignis
694 5419 983 5461 concessus
1013 5414 1118 5473 est,
1154 5415 1210 5461 ut
1237 5408 1581 5463 tenebrarum
1614 5408 1874 5474 potuisset
1900 5406 2112 5464 auferre

533 5496 839 5567 caliginem.
884 5496 996 5553 lloc
1036 5506 1120 5553 est
1146 5497 1381 5564 tertium,
1414 5497 1557 5569 quod
1590 5497 1883 5553 Israelitico
1911 5498 2111 5567 populo

536 5598 745 5644 constat
771 5604 892 5646 esse
920 5603 1259 5646 concessum.

610 5684 760 5739 Vers.
807 5682 897 5738 40.
948 5681 1213 5736 Petierunt
1263 5698 1470 5751 carnes,
1502 5692 1549 5737 et
1596 5684 1730 5737 uenit
1759 5684 2032 5748 coturnix,
2063 5693 2112 5738 et

538 5788 663 5831 uane
688 5777 797 5832 cati
826 5777 1074 5832 saturavit
1098 5792 1202 5835 eos.
1229 5776 1443 5834 Intuere
1475 5773 1922 5844 quemadmodum
1951 5788 2110 5844 supc-

2229 4692 2348 4746 quze
2377 4687 2433 4732 et
2464 4678 2641 4733 lumen
2673 4686 2952 4747 prmstaret
2978 4680 3031 4733 in
3061 4677 3316 4742 tenebris,
3345 4686 3399 4732 et
3427 4675 3481 4731 in
3511 4675 3604 4731 die
3630 4689 3809 4731 remo-

2232 4775 2385 4822 veret
2440 4768 2568 4823 solis
2622 4767 2909 4834 ardorem;
2951 4776 3141 4838 quarto
3194 4768 3528 4835 coturnicem
3586 4766 3803 4830 datam;

2228 4856 2419 4927 quinto
2465 4856 2631 4913 refert
2675 4860 2880 4913 caelesti
2931 4873 3068 4928 pane
3104 4859 3356 4924 satiatos;
3388 4864 3542 4912 sexto
3590 4856 3645 4911 in
3678 4856 3807 4911 locis

2228 4946 2543 5002 aridissimis
2586 4964 2752 5018 aquas
2782 4950 3009 5019 irriguas
3037 4963 3351 5014 emanasse;
3383 4948 3449 5003 ad
3472 4958 3804 5018 postremum

2230 5042 2641 5110 promissionum
2673 5045 3144 5125 veritatem-tuisse
3168 5045 3513 5115 completam,
3550 5053 3609 5099 ut
3648 5045 3728 5100 eis
3751 5052 3804 5098 et

2226 5131 2473 5200 regiones
2521 5134 2760 5202 gentium
2812 5135 3065 5201 traderet,
3106 5144 3170 5192 et
3222 5136 3433 5192 labores
3461 5137 3803 5192 inimicorum

2225 5223 2422 5292 pietate
2450 5227 2820 5294 copiosissima
2848 5227 3151 5297 largiretur.
3178 5229 3331 5297 Quod
3360 5229 3502 5285 enim
3534 5229 3693 5294 dixit,
3715 5244 3799 5285 re-

2222 5319 2396 5387 giones
2441 5318 2686 5387 gentium,
2730 5317 2794 5371 ad
2837 5318 3233 5387 pussessionem
3282 5320 3494 5375 videtur
3534 5319 3802 5389 pertinere

2216 5422 2480 5467 terrarum
2508 5426 2523 5476 ;
2555 5411 2753 5466 labores
2779 5426 2907 5467 vero
2934 5413 3263 5482 populorum,
3296 5412 3362 5467 ad
3391 5412 3606 5467 divitias
3636 5410 3800 5481 longo

2213 5511 2462 5573 tempore
2507 5511 2880 5573 congregatas.
2926 5502 2993 5557 Et
3046 5518 3114 5558 ne
3150 5503 3203 5559 in
3233 5502 3587 5573 prasentibus
3636 5501 3801 5558 rebus

2214 5596 2485 5649 haererent
2504 5595 2664 5649 corda
2697 5595 3023 5662 mortalium,
3048 5594 3222 5651 intulit
3241 5594 3531 5663 spiritualia
3554 5595 3719 5662 bona,
3741 5606 3799 5653 ut

2213 5686 2327 5755 ejus
2349 5686 2580 5741 debeant
2604 5696 2651 5742 et
2676 5686 2838 5757 359
2861 5688 3136 5757 requirere
3157 5696 3213 5743 et
3232 5686 3502 5743 custodire
3519 5686 3791 5754 mandata,

2213 5792 2279 5834 ne
2305 5786 2510 5836 tantum
2542 5777 2595 5834 in
2618 5777 2723 5835 illis
2753 5791 2905 5851 spem
2937 5779 3227 5849 haberent;
3257 5793 3377 5852 quae
3404 5777 3453 5836 si
3482 5779 3548 5837 ad
3579 5789 3791 5851 tempus
