4090 6346
316 401 429 462 753

1291 401 1657 463 EXPOSITIO
1694 402 1761 459 IN
1800 398 2261 459 PSALTERIUM.
2309 400 2505 458 PSAL.
2544 402 2653 462 CV.

3502 402 3607 455 Ἰῗῑῑ

316 518 611 580 deliniunt.
645 529 751 573 non
779 522 958 572 tamen
988 516 1056 573 ad
1089 516 1350 573 caelorum
1379 533 1544 588 regna
1577 517 1909 587 perducunt,
1944 515 1992 577 Λ
2020 514 2280 571 bilatione
2304 526 2565 573 cantetur.
2594 518 2700 576 Sed
2724 518 3071 590 inspiciamus
3095 518 3238 590 quod
3260 520 3606 589 asuperiori-

318 612 461 668 sicut
503 610 792 681 Apostolus
821 610 992 667 dicit:
1026 611 1179 677 Quod
1208 611 1253 665 si
1281 612 1335 665 in
1366 612 1461 666 hac
1484 613 1589 666 vita
1630 620 1828 665 tantum
1857 612 1911 665 in

315 702 525 760 tilm'sto
552 711 815 773 sperantes
840 720 1038 768 sumus,
1062 704 1455 758 miserabiliores
1480 720 1653 759 sumus
1678 694 1912 760 omnibus

316 792 609 848 hominibus
639 791 695 866 (1
704 782 845 849 ’(ῖον.
877 810 966 860 xv,
1002 794 1114 861 19).
1150 794 1561 865 Jusliﬁeationes
1592 806 1770 853 autem
1801 799 1911 868 ejus

316 893 469 953 sunt,
497 894 553 940 ut
590 886 755 941 Deum
787 893 900 941 toto
929 885 1092 942 corde
1140 886 1457 957 diligamus,
1490 891 1765 957 proximos
1796 899 1913 943 tan-

317 989 478 1043 quam
505 988 602 1030 nos
618 990 881 1041 amemus,
913 985 1121 1046 patrem
1141 992 1483 1043 veneremur,
1503 978 1666 1033 lilium
1690 979 1911 1035 charum

320 1067 639 1134 habeamus,
668 1076 723 1124 et
749 1080 961 1124 cetera:
984 1071 1230 1139 justitite,
1250 1087 1375 1141 qua:
1398 1073 1450 1128 in
1482 1074 1703 1128 diverso
1732 1091 1910 1129 rerum

316 1173 519 1231 genere
558 1168 685 1216 sunt
715 1169 1020 1230 praeceptae.
1057 1162 1163 1215 llas
1202 1163 1455 1218 admonet
1484 1165 1757 1221 custodire
1782 1165 1910 1238 [ed.,

319 1252 626 1325 custodiri],
650 1253 772 1322 quia
800 1267 984 1309 earum
1002 1270 1200 1309 rerum
1230 1254 1454 1311 evidens
1487 1268 1567 1311 est
1590 1269 1643 1312 et
1669 1258 1911 1313 absoluta

324 1345 641 1413 praeceptio.
672 1343 779 1397 Lex
807 1359 934 1399 vero
961 1344 1077 1413 ejus
1106 1344 1205 1400 fuit
1232 1344 1321 1400 die
1346 1346 1571 1402 sabbato
1599 1348 1796 1404 debere
1827 1365 1912 1405 re-

326 1433 558 1501 quiesci,
588 1433 642 1489 in
675 1433 878 1491 Pascha
920 1450 1118 1505 agnum
1164 1437 1470 1492 anniculam
1501 1438 1797 1507 immolari,
1827 1455 1915 1495 sa~

318 1525 575 1581 cerdotes
603 1540 722 1580 cum
767 1538 916 1581 veste
947 1529 1171 1600 mystica
1211 1529 1278 1583 ad
1327 1530 1497 1587 altare
1545 1531 1915 1599 aeeedere,et

320 1627 525 1673 caetera
555 1632 674 1687 quin
706 1618 759 1672 in
792 1619 931 1673 hunc
960 1619 1175 1674 modum
1208 1635 1238 1674 a
1268 1620 1497 1676 Domino
1521 1632 1785 1692 praecepta
1820 1638 1913 1678 no-

318 1719 571 1765 scuntur.
590 1710 695 1765 Sed
724 1710 839 1765 bare
864 1719 921 1766 et
944 1711 1027 1765 his
1058 1712 1251 1767 similia
1279 1728 1384 1767 non
1411 1716 1789 1784 corporaliter,
1812 1716 1909 1771 sed

319 1803 676 1873 spiritualiter
712 1815 836 1860 sunt
863 1807 1174 1875 qnmrenda.
1220 1807 1345 1864 Ideo
1375 1810 1519 1864 enim
1568 1810 1795 1879 addidit,
1825 1830 1910 1866 re-

2008 607 2119 664 bus
2160 609 2319 665 dictis
2359 626 2459 666 nec
2508 612 2719 667 titulum
2769 613 2926 669 nobis
2973 614 3317 685 cognoscitur
3346 622 3606 679 mutasse,

2014 715 2116 755 nec
2142 716 2383 757 causam.
2412 704 2622 760 Titulus
2651 714 2732 762 est
2756 707 2902 761 enim
2935 705 3183 773 Alleluia,
3214 720 3374 763 causa
3405 706 3607 762 confes-

2013 791 2113 859 sio,
2145 808 2270 862 qua:
2311 796 2447 848 miro
2477 795 2638 850 modo
2686 795 2752 849 ad
2785 796 2968 852 laudes
3002 795 3214 852 Domini
3257 797 3604 853 omninole-

2012 885 2187 937 onuda
2229 892 2331 939 est.
2367 887 2696 951 Quantorum
2727 887 2869 942 enim
2914 888 3047 944 hine
3067 903 3162 943 ora
3216 890 3391 945 soluta
3441 890 3602 946 sunt?

2021 974 2155 1030 llinc
2189 978 2402 1048 Moysi-6
2425 993 2549 1033 cum
2581 980 2732 1045 viris,
2753 995 3013 1050 germana
3037 981 3155 1052 ejus
3182 982 3343 1037 Maria
3372 998 3495 1039 cum
3524 983 3605 1040 le-

2016 1071 2174 1124 minis
2205 1073 2484 1128 transitum
2517 1073 2682 1129 llubri
2716 1076 2877 1129 maris
2923 1075 3101 1129 divina
3152 1076 3309 1134 laude
3357 1076 3604 1133 celebra-

2016 1171 2161 1217 runt.
2198 1163 2332 1218 lliuc
2372 1163 2616 1219 Debbora
2644 1164 2879 1236 jucunda
2911 1166 3276 1223 exsultatione
3308 1168 3602 1236 prazcinuit.

2016 1255 2166 1311 Multi
2198 1258 2357 1312 etiam
2409 1259 2683 1330 prophetae
2712 1261 2953 1323 canticos
3002 1260 3249 1317 diversos
3281 1262 3606 1316 tantimira-

2015 1351 2119 1404 culi
2169 1349 2508 1407 confessione
2559 1352 2933 1421 profuderunt.
2971 1352 3087 1407 Non
3140 1350 3433 1416 immerito,
3482 1354 3603 1423 quia

2017 1444 2283 1513 magnalia
2328 1444 2443 1497 ista,
2476 1444 2641 1499 totius
2696 1447 2940 1500 humana:
2997 1445 3382 1514 redemptionis
3425 1459 3603 1507 sacra-

2016 1546 2193 1590 menta
2224 1545 2505 1591 testantur.
2535 1536 2617 1591 Ab
2638 1536 2905 1608 [Egyptiis
2925 1536 3067 1592 enim
3094 1538 3371 1607 eripimur,
3394 1538 3603 1608 quando

2018 1629 2086 1683 ab
2134 1630 2388 1695 operibus
2435 1628 2718 1685 diabolicis
2782 1630 2965 1685 divino
2996 1646 3245 1686 intunere
3293 1632 3602 1687 liberamur.

2019 1720 2163 1775 Mare
2191 1718 2427 1775 Rubrum
2457 1722 2767 1789 transimus,
2804 1721 3016 1791 quando
3064 1720 3401 1792 baptismatis
3426 1736 3602 1781 sacra—

2018 1822 2196 1867 menta
2230 1813 2569 1881 percipimus.
2599 1813 2904 1869 ln-deserto
2942 1814 3233 1885 pascimur,
3263 1812 3477 1884 quando
3521 1812 3603 1868 di-

321 1896 552 1965 quirant,
576 1897 698 1966 quia
727 1900 872 1953 novit
902 1908 1164 1972 praecepta
1193 1900 1329 1971 legis
1361 1902 1605 1957 umbram
1636 1912 1691 1958 et
1720 1919 1912 1974 specu-
1943 1884 1992 1945 B
2023 1907 2140 1959 vina
2172 1907 2340 1976 gratia
2371 1907 2703 1961 concedente
2735 1906 2787 1960 in
2822 1906 3007 1961 mundi
3040 1906 3194 1960 istius
3220 1919 3419 1975 rerum
3442 1903 3602 1961 bona-

322 1990 440 2047 lutn
464 2004 584 2047 esse
610 1991 928 2047 futurorum.

998 2115 1236 2170 Alleluia.

398 2228 513 2285 Hoc
539 2242 646 2283 non
679 2229 851 2285 Otiose
880 2229 1167 2297 percipias,
1211 2230 1350 2299 quod
1379 2230 1501 2285 aliis
1531 2231 1749 2297 psalmis
1776 2231 1909 2286 alle-

322 2320 437 2377 (uia
455 2322 509 2377 in
537 2322 713 2393 capite
739 2324 868 2378 etin
898 2323 1003 2377 ﬁne
1026 2322 1263 2389 ponitur,
1297 2322 1415 2377 aliis
1441 2339 1568 2378 vero
1598 2325 1650 2378 in
1692 2323 1808 2378 solo
1840 2326 1909 2379 ti-

316 2414 444 2470 tulo
476 2424 830 2486 praenotatur.
861 2416 1118 2471 lstienim
1147 2417 1236 2486 qui
1268 2416 1319 2471 in
1342 2418 1518 2486 capite
1549 2417 1761 2488 ﬁneque
1781 2432 1912 2472 cou-

324 2505 553 2562 cordant
574 2509 654 2579 (ut
690 2509 901 2578 opinor)
939 2508 1005 2562 ad
1034 2507 1178 2562 illam
1206 2507 1613 2581 intelligentiam
1642 2509 1906 2565 referendi

325 2605 456 2652 sunt
482 2612 639 2667 quam
670 2599 724 2653 in
748 2599 967 2666 psalmis
993 2614 1117 2655 esse
1139 2599 1371 2654 diximus
1402 2600 1489 2670 qui
1522 2600 1699 2670 capite
1717 2610 1773 2657 et
1806 2604 1911 2657 ﬁne

322 2688 577 2744 similiter
603 2689 979 2757 terminantur,
1025 2701 1091 2746 ut
1112 2701 1238 2748 sunt
1276 2693 1646 2761 praecedentes
1675 2696 1910 2750 centesi—

322 2792 450 2834 mus
480 2778 746 2836 secundus
789 2790 845 2837 et
868 2784 1199 2838 centesimus
1242 2784 1454 2839 tertius.
1489 2784 1616 2840 Sive
1659 2786 1781 2856 quia
1814 2801 1911 2840 ex.-

324 2871 565 2941 pressius
600 2886 815 2943 semper
863 2874 1181 2938 infunditur,
1227 2876 1367 2945 quod
1414 2876 1683 2931 sententia
1723 2877 1911 2934 iterata

324 2961 658 3031 geminatur,
703 2972 777 3017 ut.
802 2973 908 3030 est,
941 2963 1065 3019 Non
1110 2966 1183 3020 sic
1226 2966 1389 3035 impii,
1424 2982 1528 3021 non
1555 2967 1657 3031 sic;
1687 2976 1764 3032 et,
1797 2968 1910 3035 ﬁat,

327 3054 452 3121 ﬁat;
479 3054 582 3119 vel,
602 3054 781 3123 Amen,
801 3070 973 3119 amen,
1003 3056 1116 3111 dico
1144 3057 1317 3122 vobis;
1340 3065 1395 3113 et
1418 3057 1581 3125 Abba,
1602 3057 1913 3125 Pater;phoc

326 3151 412 3198 est
448 3142 591 3198 enim
628 3143 799 3211 Abba,
835 3144 981 3215 quod
1009 3145 1189 3201 Pater.
1219 3146 1303 3202 Sit
1345 3146 1481 3217 forte
1510 3156 1567 3203 et
1604 3146 1705 3202 alia
1751 3163 1911 3204 causa

2023 2013 2140 2051 rum
2171 1997 2417 2067 largitate
2441 1997 2717 2052 satiamur.
2748 1997 2828 2052 Ad
2863 2006 3059 2052 terram
3089 1995 3602 2067 promissionisiper-

2018 2087 2285 2152 ducimur,
2314 2087 2528 2157 quando
2549 2088 2603 2143 in
2632 2088 2722 2143 illa
2751 2088 2892 2144 felici
2922 2089 3101 2159 patria
3117 2102 3340 2143 munere
3361 2100 3603 2156 superna

2016 2179 2232 2249 pietatis
2262 2179 2554 2248 intramus,
2593 2188 2653 2234 ut
2699 2179 2894 2235 merito
2917 2179 3062 2245 talis
3109 2193 3268 2234 causa
3298 2177 3602 2247 frequenter

2014 2273 2199 2327 iterata
2230 2273 2571 2342 prmdicetur,
2602 2288 2723 2343 qua:
2752 2281 3020 2329 tantorum
3065 2270 3391 2343 magnalium
3423 2268 3604 2341 pradi-

2013 2365 2293 2435 guratione
2318 2364 2627 2420 decoratur.

2594 2479 2790 2535 Divisio
2826 2480 3029 2550 psalmi.

2085 2592 2451 2649 Introducitur
2498 2595 2765 2651 conﬁtens
2819 2594 3047 2666 populus
3092 2593 3461 2658 Hebraeorum,
3494 2592 3602 2660 qni,

2014 2684 2201 2739 relicta
2232 2684 2455 2755 perﬁdia
2498 2695 2707 2755 patrum
2739 2701 2983 2755 suorum,
3016 2685 3080 2740 ad
3114 2685 3365 2754 pietatem
3394 2683 3602 2738 Domini

2019 2776 2159 2845 (ipso
2188 2776 2503 2844 miserante)
2538 2777 2822 2847 perductus
2856 2787 2974 2843 est,
3003 2776 3459 2847 utintelligamus,
3483 2789 3602 2830 cum

2015 2865 2213 2921 fuerint
2239 2866 2508 2932 conversi,
2542 2877 2596 2923 et
2617 2867 2764 2936 ipsos
2795 2866 3023 2922 Alleluia
3055 2867 3247 2922 merito
3278 2882 3373 2936 pro
3399 2880 3492 2921 sua
3515 2880 3601 2920 re-

2015 2957 2328 3026 demptione
2370 2968 2609 3014 cantare.
2642 2960 2696 3013 In
2742 2960 2910 3029 prima
2940 2960 3103 3030 igitur
3150 2959 3459 3015 narratione
3510 2960 3602 3015 de~

2017 3060 2269 3119 precatur
2308 3053 2571 3121 propheta
2620 3060 2675 3107 ut
2718 3053 2952 3108 societur
3000 3052 3199 3124 populo
3237 3050 3601 3124 beneplacito,

2015 3144 2103 3213 qui
2132 3153 2249 3199 erat
2285 3142 2497 3199 Domini
2522 3144 2817 3199 Salvatoris
2845 3143 3078 3200 adventu
3108 3143 3174 3199 de
3200 3143 3449 3212 gentibus
3476 3156 3602 3199 con-

326 3250 446 3306 que
465 3236 617 3293 latet.
644 3237 719 3293 De
750 3237 850 3294 bac
876 3246 1057 3295 autem
1087 3254 1147 3295 re
1172 3254 1271 3296 nec
1313 3253 1346 3293 a
1373 3239 1684 3296 doctoribus
1712 3242 1911 3297 nostris
1938 3263 1983 3325 ο
2015 3233 2338 3304 gregandus.
2386 3233 2630 3325 _Secunda
2674 3244 2888 3325 patrum
2918 3249 3139 3292 suorum
3184 3243 3402 3325 peccata
3441 3234 3601 3325 dinu-

326 3326 469 3384 aliud
498 3330 773 3398 potuimus
800 3331 1073 3401 accipere,
1122 3346 1221 3388 nec
1261 3330 1415 3389 nobis
1458 3340 1539 3388 est
1568 3331 1770 3403 aliquid
1798 3349 1914 3388 am-

327 3419 470 3490 plius
491 3420 692 3477 sentire
720 3435 1063 3479 concessum.

857 3538 1127 3595 Conclusio
1169 3538 1375 3612 psalmi.

397 3648 539 3705 Ecce
563 3661 850 3721 utrumque
870 3651 1080 3707 alleluia
1110 3661 1382 3708 cantatum
1412 3664 1517 3716 est,
1544 3652 1803 3709 decursus
1828 3662 1911 3709 est

324 3738 561 3809 psalmus
601 3742 810 3797 cmlesti
856 3742 1011 3821 laude
1041 3744 1407 3813 plenissimus,
1439 3744 1528 3812 qui
1556 3752 1611 3798 et
1636 3745 1910 3814 praeterita

322 3833 590 3888 veraciter
634 3834 886 3901 referret,
918 3843 972 3889 et
1000 3836 1059 3889 in
1084 3836 1271 3889 futuris
1316 3849 1414 3889 nos
1442 3836 1733 3892 salubriter
1760 3851 1910 3891 com—

323 3932 592 3979 moneret.
624 3923 774 3978 Passi
809 3933 936 3978 sunt
984 3923 1223 3994 Egypt‘ri
1265 3924 1609 3995 dignissimas
1637 3926 1904 3993 ultiones;

322 4023 652 4082 acceperunt
679 4013 850 4068 Judzri
889 4013 1028 4067 dona
1064 4013 1325 4068 cmlestia.
1353 4013 1504 4067 Nunc
1542 4018 1908 4084 unusquisque

320 4113 569 4160 nostrqu
618 4112 898 4174 exspectet
947 4117 1132 4157 eorum
1190 4102 1633 4169 retributionem,
1681 4118 1906 4174 quorum

320 4195 561 4251 imitatur
590 4197 915 4263 exemplum.
959 4191 1351 4263 lnspiciendum
1393 4200 1675 4247 est'autem
1708 4193 1909 4247 lumine

319 4288 500 4343 cordis
525 4287 665 4358 quod
696 4289 746 4340 in
779 4287 883 4340 [ine
930 4286 1119 4355 psalmi
1150 4285 1378 4354 positum
1413 4292 1527 4350 est,
1559 4293 1617 4338 ut
1641 4284 1706 4337 ad
1749 4283 1907 4351 justi-

320 4379 603 4435 ﬁcationes
635 4379 867 4443 Domini,
899 4387 954 4433 et
983 4378 1037 4433 in
1066 4379 1182 4447 lege
1223 4377 1339 4446 ejus
1372 4384 1479 4430 tota
1511 4376 1705 4430 mentis
1732 4377 1906 4430 inten—

319 4472 468 4528 tione
496 4471 805 4541 dirigamur.
830 4470 961 4524 Nam
993 4478 1048 4525 et
1076 4470 1123 4525 si
1150 4470 1287 4524 bona
1319 4467 1631 4536 temporalia
1673 4466 1902 4536 suscipi-

317 4579 463 4629 mus,
492 4563 632 4619 sicut
661 4564 957 4625 Abraham,
1004 4561 1173 4628 Isaac,
1198 4560 1363 4615 lacob
1402 4559 1689 4627 caeterique
1720 4559 1903 4614 ﬁdeles

315 4654 411 4725 qui
454 4653 746 4708 abundanti
778 4653 1023 4717 facultate
1053 4651 1383 4716 ﬂoruerunt,
1417 4650 1471 4704 in
1501 4650 1645 4704 illam
1697 4658 1900 4719 partem
1933 4643 1984 4703 D

314 4760 437 4803 esse
464 4747 642 4817 potius
667 4745 926 4801 debemus
955 4744 1169 4809 intenti,
1201 4742 1342 4797 unde
1385 4742 1451 4796 ad
1479 4741 1739 4797 cmlorum
1772 4757 1901 4809 pos-

312 4838 486 4893 simus
531 4850 695 4907 regna
739 4835 976 4906 perduci.
1007 4834 1112 4890 Ista
1153 4836 1296 4889 enim
1351 4849 1471 4903 quae
1522 4832 1897 4889 delectabilem

314 4928 489 4983 videri
518 4927 722 4982 iaciunt
744 4926 1023 4993 mundum,
1047 4926 1101 4979 in
1127 4924 1429 4980 aeternitate
1452 4939 1559 4979 non
1591 4923 1786 4979 habent
1814 4923 1895 4977 lo-

314 5019 457 5074 cum.
491 5018 796 5073 Meminisse
820 5025 997 5071 autem
1046 5015 1304 5070 debemus
1338 5014 1489 5069 hunc.
1518 5015 1778 5083 psalmum
1810 5028 1895 5068 se-

312 5110 547 5166 cundum
576 5124 698 5166 esse
724 5109 912 5164 horum
943 5109 1045 5178 qui
1066 5108 1193 5162 dum
1224 5107 1481 5162 miracula
1512 5107 1756 5162 llebrmis
1785 5107 1896 5161 colr

312 5200 421 5256 lata
448 5201 789 5265 describunt,
831 5216 927 5270 per
956 5200 1179 5270 ﬁguram
1210 5200 1522 5268 allegoriam
1574 5198 1694 5270 [ms.
1730 5197 1796 5252 G.
1849 5208 1896 5253 et

311 5292 422 5359 τά..
469 5292 857 5365 allegoricam],
890 5308 1008 5363 quae
1039 5292 1184 5347 aliud
1228 5292 1380 5359 dicit,
1413 5292 1555 5347 aliud
1606 5294 1894 5363 signiﬁcat,

310 5396 535 5445 ventura
560 5387 849 5445 Christiani
882 5388 1062 5459 populi
1090 5396 1423 5442 sacramenta
1452 5386 1750 5441 declarant.

615 5528 976 5587 EXPOSITIO
1017 5530 1079 5583 IN
1120 5527 1446 5585 PSALMUM
1485 5526 1593 5582 CV.

986 5622 1226 5679 Alleluia.

378 5743 524 5802 Ecce
551 5742 746 5799 iterum
789 5743 1106 5800 alleluiatica
1145 5742 1302 5799 nobis
1348 5741 1539 5813 gaudia
1581 5741 1887 5809 redierunt;

303 5850 436 5896 ecce
466 5839 701 5896 breviter
727 5837 1033 5910 pmcipitur
1061 5847 1118 5895 ut
1145 5837 1371 5897 Domino
1402 5838 1564 5896 totius
1593 5838 1889 5908 psalmijtt-

2017 3331 2330 3391 meratqnae
2380 3323 2621 3379 iecerunt
2669 3323 2724 3379 in
2768 3324 3002 3396 Aigypto
3035 3342 3048 3381 :
3081 3323 3346 3380 mirabilia
3395 3323 3601 3380 Domini

2015 3424 2165 3469 recto
2192 3414 2353 3470 corde
2389 3416 2609 3474 minime
2639 3424 2971 3482 contuentes,
3018 3416 3164 3484 pium
3213 3428 3392 3471 tamen
3419 3415 3595 3470 Domi-

2015 3522 2142 3561 num
2173 3507 2241 3561 ab
2282 3507 2510 3564 inimicis
2535 3509 2646 3564 suis
2672 3524 2765 3564 eos
2798 3509 3056 3565 liberasse
3095 3509 3443 3566 conﬁrmans.
3466 3509 3600 3566 Ter;

2015 3600 2109 3662 tia,
2137 3597 2202 3652 ad
2233 3599 2486 3668 peccandi
2509 3601 2682 3654 studia
2713 3600 2986 3659 referteos
3009 3615 3287 3665 reverso;;
3318 3601 3599 3655 Dominum

2014 3697 2191 3743 tamen
2228 3689 2385 3745 electi
2424 3690 2506 3745 sui
2536 3690 2703 3761 Moysi
2747 3692 2992 3761 precibus
3031 3690 3163 3747 dicit
3207 3691 3371 3747 fuisse
3414 3692 3597 3747 delini-

2014 3788 2146 3835 tum.
2181 3780 2403 3849 Quarta,
2438 3783 2749 3853 iniquitates
2772 3799 2960 3839 eorum
2992 3784 3195 3840 asserit
3216 3786 3452 3850 iteratus,
3501 3785 3596 3838 Do-

2013 3874 2328 3943 niinumque
2378 3873 2501 3927 illos
2547 3873 2855 3929 decrevisse
2902 3875 3166 3943 perdere,
3222 3876 3325 3928 nisi
3376 3874 3598 3929 Pbinees

2012 3962 2153 4017 servi
2181 3965 2261 4017 sui
2290 3964 2679 4032 supplicatione
2710 3964 3031 4033 placaretur.
3066 3964 3284 4032 Quinta,
3319 3966 3385 4020 ad
3407 3979 3599 4035 aquam

2010 4053 2455 4109 contradictionis
2504 4053 2722 4124 Moysen
2774 4055 2841 4109 ab
2894 4055 3000 4108 illis
3050 4056 3431 4111 eraeerbatum
3482 4070 3598 4113 esse

2010 4153 2428 4210 commemorat,
2466 4152 2756 4211 posteaque
2789 4144 2926 4198 ﬁlios
2952 4159 3080 4199 suos
3110 4146 3165 4199 in
3190 4148 3396 4201 cultura
3425 4147 3596 4203 idolo-

2009 4249 2129 4289 rum
2152 4233 2440 4287 crudeliter
2462 4233 2746 4289 occidisse.
2773 4234 2925 4291 Unde
2951 4235 3206 4292 Dominus
3228 4236 3598 4294 vehementius

2010 4324 2199 4389 iratus,
2227 4323 2447 4377 tradidit
2471 4338 2567 4378 eos
2591 4325 2827 4393 gentium
2874 4327 3143 4391 servituti,
3188 4344 3248 4383 ac
3278 4328 3473 4385 deinde
3498 4330 3596 4385 mi-

2009 4426 2183 4471 sertus
2209 4417 2263 4470 in
2281 4426 2570 4487 conspectu
2587 4416 2925 4473 inimicorum
2945 4434 3037 4475 eos
3055 4420 3289 4475 reddidit
3304 4422 3593 4491 gloriosos.

2008 4512 2195 4574 Sexta,
2222 4518 2470 4578 precatur
2494 4510 2636 4579 quod
2679 4521 2907 4567 noverat
2936 4528 3057 4567 esse
3080 4525 3397 4579 venturum,
3426 4524 3485 4569 ut
3529 4516 3596 4571 de

2009 4601 2271 4656 universis
2288 4602 2592 4656 nationibus
2611 4602 2845 4657 Ecclesia
2867 4604 3133 4659 catholica
3147 4613 3521 4675 congregetur,
3542 4613 3596 4661 et

2010 4696 2194 4752 laudes
2259 4697 2482 4753 Domino
2534 4707 2731 4753 aeterna
2803 4697 3159 4754 exsultatione
3228 4698 3591 4754 concelebret.

2006 4785 2157 4841 Nunc
2189 4796 2363 4855 partes
2408 4786 2596 4854 psalmi
2630 4802 2726 4857 per
2766 4794 2980 4857 apertas
3019 4783 3342 4842 divisioiium
3374 4788 3595 4844 semitas

2003 4877 2355 4932 ambulemus.

2541 4993 2808 5063 Expositio
2849 4995 3053 5062 psalmi.

2072 5107 2225 5161 Vers.
2257 5109 2308 5161 ‘I.
2342 5106 2670 5175 Conﬁtemini
2704 5107 2951 5173 Domino,
2993 5109 3238 5177 quoniam
3260 5108 3439 5173 bonus,
3469 5126 3591 5179 qua-

2000 5202 2140 5253 nium
2167 5202 2219 5253 in
2245 5202 2490 5254 circulum
2518 5200 2868 5253 misericordia
2909 5203 3037 5269 ejus.
3069 5200 3233 5271 360
3255 5200 3403 5257 Sicut
3430 5216 3590 5271 supe-

1998 5293 2109 5346 rior
2139 5292 2372 5361 psalmus
2403 5292 2454 5343 in
2497 5290 2670 5359 primo
2698 5306 2855 5345 versu
2890 5290 3204 5361 declaravit,
3228 5292 3590 5362 quia.conl'es-

2000 5384 2082 5437 sio
2105 5383 2194 5436 illa
2225 5382 2291 5436 ad
2322 5380 2506 5436 laudes
2538 5380 2749 5435 Domini
2773 5381 3239 5450 debuissetaptari
3272 5402 3282 5436 :
3320 5382 3390 5438 ita
3419 5393 3474 5439 et
3502 5383 3588 5441 hic

2001 5474 2241 5543 designat
2269 5472 2661 5526 confessionem
2707 5474 2863 5527 istam
2896 5473 2960 5527 ad
2995 5474 3312 5528 medicinam
3356 5474 3588 5547 ptenitu;

1998 5566 2140 5620 dinis
2164 5564 2554 5633 applicandam.
2587 5563 2693 5619 Sed
2743 5574 2796 5619 et
2826 5565 2925 5618 hoc
2981 5580 3199 5636 quoque
3222 5565 3286 5618 ad
3316 5567 3585 5634 praeconia

2003 5657 2210 5713 Domini
2262 5656 2532 5726 pertinere
2580 5670 2686 5710 non
2742 5656 2965 5711 dubium
3019 5666 3122 5725 est,
3172 5655 3385 5727 quando
3417 5656 3587 5724 major

1996 5751 2166 5820 gloria
2193 5759 2280 5806 est
2310 5749 2519 5820 pietatis
2569 5747 2849 5804 conﬁtenti
2899 5762 3137 5817 parcere,
3186 5760 3344 5816 quam
3386 5747 3584 5804 viventi

1996 5844 2113 5899 sine
2140 5842 2436 5899 oll'cnsionc
2464 5851 2742 5910 prtestare.
2769 5838 3114 5897 Hebraeorum
3145 5834 3408 5905 siquidem
3437 5849 3558 5891 C0lll
