4062 6344
563 332 672 428 755

1799 367 1872 427 Ι.
1916 368 2196 432 AURELII
2219 374 2643 441 'CASSIODORI

3736 383 3861 445 756

562 496 761 562 puncta
786 488 1146 561 congregatio,
1176 496 1237 543 et‘
1277 484 1467 542 divina
1489 486 1844 559 inspiratione
1872 501 2137 559 correcta,
2167 493 2221 553 Α
2246 496 2444 567 partim
2470 506 2841 556 contumacem
2873 501 3059 573 fuisse,
3094 503 3290 575 partim
3315 504 3368 561 iu
3395 502 3609 562 Domini
3633 512 3854 564 consti-

560 583 798 657 loquitur
824 584 890 638 ad
920 583 1179 653 reliquam
1210 580 1419 651 plebem
1437 621 1453 648 ,
1486 588 1545 637 ut
1571 583 1773 652 antiqui
1804 584 2008 639 erroris
2031 600 2143 655 pra-

560 679 732 734 vitate
768 676 1037 741 damnata,
1086 674 1153 729 ad
1184 673 1418 729 divinam
1461 673 1658 731 debeat
1704 675 1882 732 redine
1908 677 2149 733 clemen-

559 769 710 825 tiam.
745 768 812 825 Et
841 781 910 823 ne
935 765 1134 836 aliquis
1160 765 1229 821 de
1252 764 1529 836 culparum
1550 781 1768 822 suarum
1797 768 2144 825 numerosita-

555 863 703 919 tibus
734 862 868 935 [ed.,
900 861 1310 935 numerositate]
1356 871 1671 929 terreretur,
1720 862 1948 930 addidit,
1999 864 2141 929 Quo-

553 954 696 1008 niam
730 953 915 1010 bonus.
946 953 1077 1022 Quis
1125 954 1268 1010 enim
1315 953 1523 1011 dubitet
1552 954 1619 1010 ad
1661 970 1787 1012 eum
1835 970 2135 1023 recurrere,

552 1060 712 1117 quem
754 1046 859 1103 sibi
901 1046 1053 1103 audit
1081 1061 1240 1117 posse
1281 1047 1570 1105 celerrime
1612 1046 2139 1104 subvenireiBonus

550 1142 697 1199 enim
720 1142 976 1199 Dominus
998 1151 1146 1199 recte
1166 1142 1381 1208 dicitur,
1409 1144 1497 1213 qui
1520 1142 1923 1212 delinquentem
1940 1142 2134 1213 pascit,

550 1237 640 1310 qui
668 1246 945 1308 exspectat
989 1245 1286 1307 errantem,
1324 1238 1427 1305 Qui
1473 1238 1631 1292 solem
1659 1252 1811 1292 suum
1858 1238 1983 1308 facit
2010 1236 2139 1292 oriri

548 1344 703 1401 super
731 1327 893 1386 bonos
931 1337 981 1384 et
1007 1330 1192 1394 malos,
1220 1337 1268 1383 et
1307 1327 1438 1398 pluit
1471 1344 1623 1399 super
1643 1329 1816 1399 justas
1842 1338 1892 1383 et
1914 1329 2134 1400 injustas

547 1417 673 1491 [ωε.
704 1419 771 1477 G.
803 1426 859 1475 et
905 1419 1023 1487 ed.,
1051 1418 1259 1491 impios]
1307 1417 1519 1487 (Matth.
1550 1434 1607 1486 v,
1651 1419 1770 1489 45).
1820 1420 1934 1476 Hoc
1970 1421 2131 1477 etiam

541 1511 715 1582 ipsius
742 1510 1001 1567 Veritatis
1035 1525 1168 1567 voce
1211 1510 1513 1566 declaratur
1546 1528 1559 1563 :
1598 1510 1768 1567 Nemo
1807 1511 1989 1579 bonus,
2033 1513 2134 1567 nisi

540 1603 683 1660 solus
698 1601 836 1659 Deus
869 1601 1066 1675 (Mare.
1088 1600 1276 1673 x,18).
1295 1601 1534 1670 Addidit,
1552 1602 1794 1673 quoniam
1809 1604 1863 1658 in
1881 1603 2131 1660 saeculum

540 1698 897 1754 misericordia
922 1698 1057 1769 ejus.
1105 1695 1305 1752 Audito
1333 1695 1476 1752 bono
1522 1696 1773 1762 Domino,
1823 1711 1892 1753 ne
1940 1712 2001 1753 se
2025 1700 2127 1753 hu-

2249 589 2379 646 tisse
2408 591 2694 648 mandatis.
2726 592 2880 651 Unde
2908 594 2996 652 isti
3016 598 3334 667 suppliciter
3360 610 3651 670 precantur
3677 611 3739 656 ut
3788 602 3853 658 in

2245 676 2460 734 illorum
2489 683 2746 739 societate
2768 683 3002 742 debeant
3027 690 3397 757 annumerari,
3426 693 3625 762 quibus
3654 702 3855 764 potest

2243 776 2447 825 aeterna
2474 770 2750 829 beatitudo
2791 777 2961 846 gratia
2993 779 3296 837 Divinitatis
3325 783 3566 839 attribui.
3594 784 3665 840 Et
3689 795 3755 841 ut
3778 785 3853 839 I-

2243 857 2341 914 des
2362 875 2548 918 corum
2571 864 2959 933 perfectissima
2980 883 3317 940 nosceretur,
3344 884 3532 944 aptam
3550 890 3612 932 se
3637 877 3853 933 visitari

2240 962 2270 1002 a
2303 944 2530 1009 Domino
2555 953 2858 1025 Salvatore,
2890 958 3044 1030 cujus
3071 961 3306 1019 adventu
3329 978 3390 1022 se
3422 974 3851 1025 noverantesse

2238 1042 2542 1101 salvandos.
2592 1046 2709 1119 Ipse
2759 1061 2842 1107 est
2885 1053 3029 1109 enim
3071 1054 3339 1122 salutaris,
3368 1056 3439 1114 de
3481 1072 3593 1130 Quo
3640 1058 3849 1116 beatus

2237 1134 2457 1193 Simeon
2481 1139 2557 1194 ait
2579 1157 2594 1194 :
2618 1140 2777 1197 Nunc
2798 1144 3009 1201 dimittis
3030 1144 3167 1220 [ed.,
3195 1148 3411 1221 dimitte]
3431 1165 3634 1204 servum
3654 1159 3843 1219 tuus,

2238 1224 2478 1295 Domine,
2508 1233 2784 1288 secundum
2809 1236 3015 1291 verbum
3057 1245 3202 1293 tuum
3230 1240 3284 1294 in
3327 1255 3453 1310 pace
3477 1256 3498 1297 :
3526 1240 3659 1308 Quia
3686 1242 3845 1296 uide-

2235 1331 2355 1373 runt
2382 1323 2518 1377 oculi
2545 1324 2644 1379 mei
2684 1326 2912 1381 salutare
2958 1338 3124 1395 tuum,
3178 1330 3329 1396 Quod
3355 1332 3552 1402 parasti
3580 1342 3698 1389 ante
3742 1334 3840 1397 fa-

2236 1412 2363 1467 ciem
2420 1416 2647 1470 ontnium
2700 1419 3009 1488 papulorum
3025 1437 3047 1488 ;
3096 1421 3295 1477 Lumen
3343 1424 3413 1476 ad
3462 1426 3831 1480 revelationes:

2233 1504 2480 1574 gentium,
2520 1514 2569 1561 et
2610 1508 2827 1569 aloriam
2871 1510 3031 1581 plebis
3072 1521 3175 1568 tua
3216 1512 3386 1571 Israel
3430 1513 3583 1587 (Luc.
3610 1530 3667 1584 tl,
3717 1515 3839 1582 Β,

2230 1593 2323 1663 so,
2353 1596 2470 1669 δι).

2306 1687 2458 1749 Vera.
2491 1690 2547 1745 5.
2576 1690 2657 1747 Ad
2677 1692 2949 1749 videndum
2972 1695 3027 1751 in
3048 1694 3271 1752 bonitate
3295 1695 3569 1753 electorum
3590 1705 3844 1764 tuarum,

536 1803 699 1846 mana
729 1788 1056 1860 negligentia
1086 1786 1155 1843 ab
1182 1786 1421 1844 studiosa
1450 1795 1505 1842 et
1529 1786 1713 1842 sedula
1739 1787 2128 1857 supplicatione
2228 1777 2299 1832 αά
2344 1777 2620 1836 laetandum
2646 1784 2703 1838 in
2731 1784 2912 1839 latitia
2956 1786 3117 1857 gentis
3170 1796 3292 1851 tua,
3343 1797 3396 1841 ut
3442 1786 3672 1842 laudem
3698 1803 3842 1843 cum

536 1881 916 1954 suspenderat,
945 1881 1168 1938 remedii
1198 1896 1415 1938 causam
1443 1880 1573 1938 dicit
1598 1897 1614 1936 :
1646 1890 1703 1936 ut
1731 1881 1797 1936 ad
1823 1882 2123 1937 confessio-
2154 1873 2203 1934 B
2228 1869 2525 1928 ha’redt'tate
2552 1882 2665 1931 tua.
2710 1876 2823 1933 Hoc
2851 1887 2934 1934 est
2962 1879 3104 1948 quod
3147 1895 3209 1936 se
3237 1882 3490 1950 petebant
3516 1896 3548 1936 a
3593 1881 3841 1939 salutari

534 1988 661 2029 nem
689 1974 920 2031 celerem
947 1973 1156 2030 Domini
1179 1973 1374 2051 debeat
1392 1989 1612 2029 munere
1640 1972 1914 2029 festinare.
1937 1972 2004 2028 In
2025 1989 2123 2029 sae-

535 2066 731 2134 culum,
755 2068 879 2122 vitae
908 2066 1067 2140 hujus
1094 2066 1362 2139 signiﬁcat
1403 2081 1644 2132 cursum,
1675 2065 1766 2120 ubi
1794 2066 1973 2122 miseri
1995 2074 2123 2120 sunt

533 2160 836 2228 quicunque
862 2157 1210 2230 delinquunt;
1241 2158 1331 2215 ubi
1362 2158 1442 2214 fas
1470 2167 1554 2214 est
1590 2157 1751 2213 corda
1780 2167 1961 2213 nostra
1991 2172 2124 2213 con-

532 2248 696 2317 verti,
724 2257 779 2304 et
803 2247 1229 2304 misericordiam
1276 2247 1573 2319 postulare.
1604 2246 1683 2303 Ibi
1721 2246 1867 2303 enim
1898 2244 2122 2302 damna-

530 2341 606 2396 tio
629 2350 713 2398 est
758 2340 1003 2397 conﬁteri
1052 2349 1350 2411 peccatum,
1384 2340 1475 2399 ubi
1500 2343 1617 2412 jam
1644 2350 1857 2398 constat
1884 2356 2006 2398 esse
2025 2342 2117 2415 ju-

527 2434 748 2491 dicium.

599 2528 757 2586 Vera.
804 2528 863 2584 2.
903 2527 1032 2596 Quis
1082 2526 1317 2598 loquetur
1347 2527 1603 2597 potentias
1656 2525 1881 2593 Domini,
1912 2528 2118 2583 auditas

523 2617 679 2687 faciet
699 2632 872 2672 omnes
895 2616 1075 2671 laudes
1094 2616 1246 2688 ejus?
1275 2614 1510 2683 Populus
1537 2616 1637 2671 iste
1662 2630 1821 2686 quem
1853 2616 2114 2682 diximus,

523 2708 828 2765 divinorum
858 2722 1080 2778 operum
1103 2704 1460 2763 aestimatione
1481 2706 1807 2777 completus,
1840 2715 2001 2779 negat
2030 2708 2118 2761 Ιιιι-

519 2816 738 2858 manum
762 2815 980 2857 sensum
1006 2798 1488 2871 comprehendere,
1514 2796 1657 2868 quod
1701 2797 1768 2853 de
1796 2798 1882 2853 illa
1910 2799 2113 2868 plenis-

519 2895 655 2949 sime
678 2893 795 2966 [ms.
815 2892 903 2958 A.,
922 2889 1012 2960 B.,
1037 2889 1133 2959 F.,
1153 2887 1483 2961 plenissima]
1502 2889 1694 2945 debeat
1710 2889 1987 2961 Majestate
2004 2907 2118 2945 nar-

517 2999 661 3040 rare.
695 2984 823 3050 Quis
850 2985 1017 3051 enim,
1062 2982 1330 3053 signiﬁcat
1358 2982 1585 3037 nullum.
1610 2981 1711 3037 Cui
1741 2984 1884 3037 enim
1910 2991 2002 3037 aut
2032 2983 2113 3037 in-

516 3078 736 3149 genium
785 3076 1020 3149 suppetit
1049 3076 1116 3132 ad
1166 3077 1532 3148 cogitandum,
1584 3085 1679 3132 aut
1707 3075 1884 3147 lingua
1916 3077 1981 3131 ad
2012 3077 2110 3133 de-

514 3170 894 3242 promendum,
939 3177 999 3225 ut
1047 3179 1195 3226 tanta
1244 3169 1581 3225 immensitas
1610 3170 1772 3226 unius
1799 3169 1972 3239 possit
2016 3185 2110 3226 ore

2226 1960 2454 2019 Domino
2482 1966 2709 2033 visitari,
2756 1977 2814 2022 ut
2847 1969 3139 2026 bonitatem
3186 1970 3304 2042 ejus
3343 1971 3608 2039 viderent,
3652 1989 3839 2043 quam

2223 2054 2416 2113 electis
2444 2067 2561 2113 erat
2587 2060 2851 2117 adventus
2878 2063 2960 2118 sui
2998 2078 3226 2120 munere
3256 2074 3642 2134 praestaturus;
3682 2081 3837 2135 qua-

2223 2163 2377 2211 tenus
2389 2171 2509 2212 cum
2521 2158 2825 2215 Christiano
2836 2159 3031 2230 populo
3044 2160 3358 2231 gauderent,
3370 2161 3459 2232 qui
3478 2161 3547 2216 de
3557 2160 3676 2231 ejus
3696 2170 3835 2216 erat

2221 2246 2351 2319 [ed.,
2369 2246 2543 2319 erant]
2558 2248 2923 2306 incarnatione
2949 2251 3222 2306 lmtaturus
3244 2252 3374 2325 [ed.,
3397 2250 3671 2323 laetaturi].
3696 2251 3835 2323 Ipsa

2220 2347 2302 2393 est
2322 2339 2464 2394 enim
2492 2358 2613 2412 gens
2640 2340 2874 2411 Domini,
2899 2357 3020 2412 qua:
3043 2342 3110 2399 de
3130 2345 3371 2415 gentium
3394 2352 3476 2399 est
3497 2344 3837 2401 diversitate

2218 2430 2465 2498 collecta,
2499 2440 2558 2487 ut
2586 2443 2729 2489 esset
2756 2448 2889 2505 grex
2923 2449 3096 2505 unus,
3123 2445 3178 2491 et
3208 2443 3398 2506 pastor
3421 2450 3578 2492 unus.
3611 2436 3832 2507 Sequi-

2218 2522 2520 2578 turbarum
2568 2539 2749 2581 rerum
2783 2526 3135 2583 suavissimus
3188 2527 3418 2595 fructus,
3469 2537 3526 2583 ut
3572 2529 3832 2584 laudetur

2221 2613 2477 2670 Dominus
2506 2630 2624 2669 cum
2668 2616 2968 2673 haereditate
2997 2632 3115 2673 sua.
3171 2618 3467 2689 Utrumque
3496 2619 3644 2675 enim
3680 2634 3833 2677 eos»

2213 2705 2455 2776 junctum
2486 2716 2589 2776 est,
2619 2710 2742 2779 quia
2776 2709 2829 2765 in
2860 2711 3129 2781 praeconio
3160 2711 3369 2767 Domini
3420 2713 3500 2768 sui
3533 2712 3707 2770 ﬁdelis
3732 2715 3830 2769 fas

2217 2798 2390 2853 mulus
2421 2797 2550 2871 [ed.,
2574 2798 2825 2872 populus]
2852 2802 2969 2857 sine
2992 2801 3331 2860 dubitatione
3360 2804 3629 2870 laudatur,
3665 2806 3828 2863 sicut

2214 2888 2268 2943 in
2310 2892 2592 2960 superiore
2631 2891 2841 2961 psalmo
2865 2892 3071 2949 dictum
3122 2904 3207 2951 est
3240 2911 3255 2949 :
3288 2895 3600 2951 Laudamini
3624 2900 3683 2951 in
3711 2917 3829 2953 no-

2213 2979 2348 3033 ntine
2368 2990 2544 3035 sancto
2567 2984 2699 3053 ejus.
2724 2982 3064 3054 Quapropter
3087 2984 3261 3041 ﬁdelis
3284 2986 3386 3042 iste
3408 2987 3623 3057 populus
3644 2997 3825 3043 tanta

2214 3069 2487 3127 desiderio
2515 3072 2582 3127 ad
2634 3086 2982 3147 conSpectum
3031 3075 3249 3133 Domini
3298 3077 3599 3143 festinabat,
3644 3088 3826 3134 tanta

2212 3178 2273 3220 se
2301 3163 2623 3221 Christianae
2648 3169 2789 3237 plebi
2815 3168 3079 3228 charitate
3110 3171 3414 3239 miscebat,
3449 3183 3506 3228 ut
3553 3171 3709 3228 nefas
3740 3175 3824 3229 sit

514 3264 768 3319 narrari?
806 3262 907 3318 Ubi
950 3261 1144 3318 merito
1171 3261 1457 3318 dicendum
1483 3269 1604 3319 est:
1632 3259 1748 3316 Non
1777 3262 1905 3316 mihi
1931 3263 1975 3318 si
2007 3263 2107 3318 lin-
2136 3255 2183 3317 C
2215 3267 2405 3327 putare
2434 3273 2559 3315 cum
2608 3261 2804 3327 spiritu
2859 3277 2966 3319 non
3012 3263 3181 3321 fuisse
3224 3274 3604 3335 conspectum,
3646 3281 3823 3334 quem

520 3370 639 3428 gum
667 3362 887 3411 centum
926 3354 1069 3422 sint,
1100 3368 1302 3424 oraque
1326 3360 1563 3421 centum,
1592 3353 1765 3410 ferrea
1790 3369 1915 3409 vox.
1939 3354 2107 3410 Addi-

513 3448 593 3504 dit
622 3436 808 3513 etiam,
837 3445 1047 3500 auditas
1098 3445 1251 3517 faciet
1290 3461 1464 3499 omnes
1514 3445 1691 3499 laudes
1739 3446 1870 3515 ejus.
1906 3445 1973 3499 Et
2018 3445 2105 3501 hic

513 3551 730 3610 quoque
769 3534 1197 3594 subaudiendum
1242 3543 1347 3600 est,
1390 3535 1526 3605 quis,
1561 3544 1618 3591 ut
1659 3534 1896 3606 perfecta
1948 3536 2103 3593 nobis

508 3629 681 3701 possit
707 3636 957 3686 constare
994 3629 1279 3685 sententia.
1334 3627 1565 3684 Pulchra
1613 3638 1794 3684 autem
1842 3629 2101 3687 varietate

510 3724 711 3780 dictum
739 3733 864 3780 est:
893 3724 1008 3794 quis
1055 3723 1258 3777 auditas
1304 3722 1458 3792 faciet
1501 3738 1675 3778 omnes
1723 3723 1902 3778 laudes
1950 3725 2103 3795 ejus?

506 3816 604 3872 Illa
633 3816 777 3873 enim
807 3826 1027 3886 possunt
1066 3814 1260 3884 audiri,
1293 3830 1413 3885 quas
1443 3815 1738 3884 probantur
1766 3816 1969 3879 etdici.
2005 3817 2102 3873 llic

505 3908 721 3981 quoque
765 3910 955 3966 modus
1006 3909 1141 3967 inter
1184 3909 1429 3981 preprias
1470 3909 1772 3968 locutiones
1819 3910 2099 3969 habendus

503 4012 607 4058 881.

592 4099 732 4156 i'ers.
764 4099 818 4155 5.
853 4097 998 4152 Beati
1019 4098 1106 4169 qui
1130 4097 1424 4153 custodiunt
1444 4084 1710 4166 judicium
1730 4105 1779 4151 et
1799 4096 1997 4167 faciunt
2013 4096 2097 4175 jur-

500 4191 697 4246 stitiam
714 4192 768 4245 in
784 4191 924 4245 omni
954 4198 1197 4259 tempore.
1226 4188 1516 4260 Postquam
1545 4188 1762 4259 negavit
1784 4188 1967 4244 laudes
1985 4188 2094 4244 Do-

498 4279 635 4336 mini
692 4292 852 4349 posse
898 4278 1308 4349 comprehendi,
1347 4279 1672 4335 sententiam
1718 4278 1852 4333 dicit
1899 4293 2003 4348 qua
2035 4294 2095 4334 se

500 4371 814 4429 consoletur
861 4385 1029 4442 genus
1081 4372 1406 4440 humanum,
1450 4379 1510 4426 ut
1557 4386 1679 4426 cum
1728 4370 1821 4426 illa
1865 4378 2095 4440 nequeat

498 4464 750 4535 implere,
780 4462 884 4520 hoc
900 4463 1091 4519 saltem
1118 4463 1375 4519 custodire
1403 4463 1643 4519 festinet.
1666 4463 1935 4517 Custodire
1949 4464 2091 4518 enim

489 4556 755 4627 judicium
782 4568 899 4624 est,
928 4554 1022 4626 qui
1052 4555 1191 4610 inter
1217 4554 1352 4611 alios
1392 4565 1540 4612 recte
1564 4555 1804 4625 iudicat;
1835 4556 2090 4618 iustitiam

2213 3357 2355 3403 tanta
2386 3350 2557 3418 gratia
2606 3353 2983 3423 cognoscimus
3036 3355 3353 3425 expetitum,
3398 3355 3541 3411 sicut
3589 3357 3710 3427 ipse
3759 3358 3822 3413 in

2214 3439 2503 3510 Evangelio
2548 3442 2680 3497 dicit
2722 3461 2735 3496 :
2778 3444 3040 3498 Abraham
3090 3446 3401 3500 desiderauit
3442 3445 3618 3502 videre
3669 3450 3821 3503 diem

2206 3547 2412 3601 meum;
2440 3534 2567 3589 vidit
2590 3543 2640 3589 et
2660 3536 2863 3607 gavisus
2884 3546 2959 3592 est
2987 3537 3165 3607 (Joan.
3193 3553 3284 3594 vrn
3303 3582 3321 3609 ,
3353 3538 3474 3609 56).

2283 3622 2437 3680 Vers.
2471 3624 2526 3680 0.
2556 3623 2889 3682 Peccavimus
2937 3644 3053 3683 cum
3081 3630 3313 3699 patribus
3362 3633 3584 3698 nostris;
3614 3633 3816 3703 injuste

2203 3716 2422 3786 egimus,
2453 3717 2776 3788 iniquitatem
2805 3722 3040 3790 fecimus.
3068 3721 3227 3779 Venit
3258 3723 3324 3777 ad
3348 3726 3647 3780 secundam
3681 3742 3816 3781 uar-

2204 3810 2494 3876 rationem,
2525 3811 2615 3867 ubi
2643 3813 2934 3882 praedictus
2963 3814 3191 3885 populus
3217 3815 3407 3871 humili
3429 3817 3814 3875 satisfactione

2205 3903 2594 3970 prosternitur;
2640 3912 2697 3959 ut
2745 3904 2837 3959 illa
2870 3904 2924 3960 in
2976 3905 3241 3978 principio
3287 3906 3482 3977 psalmi
3523 3908 3810 3964 declarata

2202 3992 2448 4049 videatur
2475 4009 2601 4050 esse
2627 3995 2921 4052 confessio.
2955 3997 3097 4053 Dicit
3123 3999 3291 4065 enim,
3325 4015 3556 4067 peccasse
3581 4012 3645 4054 se
3667 4015 3806 4054 cum

2199 4084 2453 4152 patribus,
2483 4086 2737 4156 quoniam
2767 4086 2820 4143 in
2850 4103 3036 4145 eorum
3067 4098 3224 4145 erant
3250 4090 3452 4145 lumbis
3477 4101 3536 4147 et
3584 4090 3811 4161 origine

2198 4178 2498 4233 constituti.
2550 4178 2685 4236 Nam
2715 4195 2837 4237 cum
2866 4181 3028 4238 fuerit
3080 4194 3288 4254 tempus
3321 4186 3477 4255 longe
3531 4184 3802 4252 divisum,

2200 4269 2416 4336 quando
2447 4268 2501 4324 in
2529 4268 2764 4341 AEgypto
2794 4279 2973 4341 patres
3001 4287 3186 4328 eorum
3212 4273 3470 4330 miracula
3501 4274 3644 4331 facta
3671 4291 3806 4332 car-

2196 4361 2388 4417 naliter
2417 4372 2769 4433 acceperunt,
2814 4378 2936 4419 cum
2967 4365 3111 4420 nulla
3161 4366 3389 4420 Domino
3421 4368 3803 4424 satisfactione

2196 4452 2617 4521 responderent;
2652 4463 2709 4510 et
2739 4463 2870 4510 mtas
2911 4455 3013 4511 ista
3044 4457 3270 4513 multum
3320 4458 3592 4529 posterior
3620 4471 3799 4527 esset,

2195 4563 2353 4617 quam
2402 4548 2685 4616 prmseutis
2714 4549 2905 4619 psalmi
2953 4552 3124 4606 series
3170 4559 3509 4620 cantaretur,
3562 4553 3798 4611 dubium

494 4658 678 4708 autem
708 4652 868 4722 facit,
896 4650 988 4721 qui
1018 4648 1357 4719 aequabiliter
1376 4649 1505 4719 agit.
1533 4649 1658 4704 Sive
1685 4647 1775 4702 ille
1809 4646 1981 4702 beatos
2010 4647 2091 4703 di-
2121 4641 2169 4699 υ
2197 4660 2301 4699 non
2329 4654 2412 4700 est
2458 4645 2546 4700 illa
2573 4659 2668 4701 eos
2697 4655 2914 4715 peccata
2942 4662 3182 4716 gemere,
3231 4664 3351 4718 quas
3392 4663 3464 4704 ex
3499 4659 3793 4718 parentum

492 4745 589 4813 cit,
615 4743 705 4814 qui
723 4742 986 4813 judicium
1005 4740 1060 4796 in
1098 4740 1203 4796 fide
1229 4742 1560 4807 custodiunt;
1584 4738 1845 4811 justitiam
1874 4753 2003 4794 vero
2032 4739 2087 4794 in

494 4851 659 4907 opere
688 4837 1080 4892 demonstrant.
1138 4833 1243 4891 Sed
1291 4834 1412 4889 vide
1455 4833 1705 4902 quoniam
1753 4831 1981 4901 addidit,
2033 4835 2086 4887 in

494 4931 635 4984 omni
664 4938 911 4999 tempore,
945 4928 1084 4983 sicut
1111 4928 1163 4982 in
1198 4926 1489 4997 Evangelia
1515 4927 1686 4982 dicit:
1719 4925 1822 4991 Qui
1852 4942 2081 4994 perseve-

492 5023 680 5076 raverit
709 5039 869 5092 usque
913 5023 968 5076 in
1016 5022 1192 5090 finem,
1237 5020 1317 5073 hic
1344 5021 1514 5073 salvus
1550 5019 1645 5074 erit
1687 5018 1901 5089 (Matth.
1935 5034 2082 5085 xxw,

492 5110 607 5180 15).
657 5110 848 5165 Merito
876 5127 1002 5182 ergo
1030 5112 1117 5167 isti
1146 5110 1282 5165 tales
1317 5110 1450 5164 beati
1489 5109 1616 5164 dicti
1646 5116 1793 5175 sunt,
1822 5110 1912 5179 qui
1944 5124 2083 5178 prae-

491 5209 648 5271 cepta
677 5200 892 5256 Domini
917 5216 1047 5272 pura
1078 5212 1259 5259 mente
1282 5200 1613 5257 custodiunt.
1641 5199 1766 5256 llmc
1786 5201 1939 5255 tertia
1961 5215 2086 5271 spe-

489 5291 604 5347 cies
630 5289 961 5347 deﬁuitionis
990 5304 1235 5363 est,quae
1257 5291 1444 5347 Grzece
1474 5299 1682 5361 pectes,
1708 5290 1894 5346 Latine
1921 5292 2089 5360 quali.

490 5379 655 5436 lativa
680 5380 899 5449 dicitur,
919 5397 1039 5452 quae
1070 5381 1297 5438 dicendo
1322 5382 1447 5452 quid
1471 5382 1630 5452 quale
1658 5382 1749 5448 sit,
1774 5380 1823 5436 id
1853 5383 1977 5453 quid
2012 5384 2081 5438 sit

482 5475 740 5532 ostendit.

562 5568 715 5624 Vera.
754 5566 808 5620 4.
854 5564 1109 5621 Memento
1156 5565 1339 5631 nostri,
1383 5563 1621 5630 Domine,
1674 5563 1729 5617 in
1766 5562 2081 5633 beneplaeito

483 5662 667 5734 populi
696 5661 805 5727 tui;
836 5660 985 5715 visita
1013 5676 1103 5714 nos
1125 5659 1178 5712 in
1202 5659 1420 5713 salutari
1459 5667 1565 5711 tuo.
1596 5656 1764 5713 Orant
1791 5657 1994 5721 devoti,
2022 5665 2079 5710 ut

485 5756 627 5811 inter
650 5769 745 5811 eos
770 5751 1004 5809 debeant
1033 5751 1315 5815 aestimari,
1347 5751 1437 5819 qui
1471 5750 1698 5805 Domino
1741 5748 1882 5804 ﬁdeli
1914 5763 2077 5817 opere

483 5847 820 5913 placuerunt.
880 5845 1142 5904 Novimus
1194 5844 1339 5898 enim
1401 5840 1749 5898 lsraeliticum
1823 5842 2077 5913 populum

2195 4753 2415 4794 suorum
2446 4737 2815 4807 probabantur
2838 4740 3075 4809 nequitia
3101 4740 3388 4796 sustinere.
3416 4740 3531 4798 Hoc
3561 4740 3798 4798 heresis

2197 4828 2478 4898 Pelagiana
2506 4843 2613 4883 non
2636 4829 2856 4899 accipit,
2878 4828 3007 4884 dum
3034 4839 3182 4900 putat
3209 4830 3477 4901 originale
3502 4844 3799 4902 peccatum

2192 4922 2257 4975 ad
2292 4924 2495 4992 prolem
2526 4922 2657 4979 Adae
2687 4924 2995 4981 nullatenus
3027 4927 3309 4994 pervenire
3340 4927 3604 4996 potuisse.
3651 4926 3793 4984 Cum

2192 5015 2487 5081 majoribus
2513 5016 2657 5070 enim
2684 5016 2797 5071 suis
2821 5027 3064 5086 peccant,
3100 5018 3190 5087 qui
3218 5032 3278 5073 se
3301 5034 3397 5086 per
3422 5019 3659 5089 gratiam
3690 5018 3791 5074 Do-

2193 5108 2321 5161 mini
2354 5109 2425 5163 ab
2453 5122 2642 5163 eorum
2697 5109 2894 5165 delicto
2946 5124 3056 5165 non
3104 5119 3379 5181 separant.
3429 5112 3586 5179 Quod
3623 5112 3791 5168 Pater

2190 5200 2521 5269 Augustinus
2540 5200 2951 5272 diligentissima
2983 5203 3243 5258 librorum
3270 5204 3641 5274 disputatione
3662 5219 3785 5261 cou~

2188 5290 2313 5344 vicit
2344 5291 2487 5359 (Lib.
2514 5307 2529 5346 ι
2555 5304 2735 5347 contra
2772 5291 3087 5364 lulianum).
3137 5294 3289 5350 Nunc
3330 5304 3512 5352 autem
3564 5296 3785 5367 quando

2187 5383 2415 5438 Domino
2443 5385 2715 5453 aSpirante
2764 5400 2918 5441 meus
2947 5397 3273 5454 compuncta
3303 5387 3555 5458 resipuit,
3584 5387 3785 5443 merito

2183 5489 2213 5528 a
2243 5489 2304 5529 se
2333 5483 2551 5543 peccata
2575 5485 2855 5545 parentum
2887 5476 3105 5531 volebat
3127 5477 3383 5547 abstergi,
3416 5477 3506 5548 qui
3533 5477 3604 5532 ab
3630 5478 3780 5546 ipso-

2184 5583 2302 5622 rum
2332 5576 2571 5637 coeperat
2598 5567 3016 5639 ohligatiouibus
3060 5569 3354 5640 segregari.
3389 5569 3459 5623 Et
3507 5577 3566 5624 ut
3596 5568 3778 5640 puris-

2180 5662 2333 5717 simas
2348 5660 2699 5716 confessionis
2717 5661 2941 5715 ﬁrmitas
2959 5670 3266 5731 appareret,
3295 5663 3410 5717 haec
3424 5659 3616 5717 eadem
3637 5662 3773 5716 trina

2182 5751 2469 5809 iteratione
2492 5752 2794 5808 conﬁrmat.
2829 5753 2942 5809 Hoc
2967 5762 3053 5808 est
3079 5752 3222 5808 enim
3260 5751 3599 5808 Pacuvianus
3625 5753 3774 5824 quod

2184 5846 2373 5916 injuste
2401 5844 2633 5916 egimus;
2662 5843 2766 5900 hoc
2812 5852 2897 5901 est
2926 5844 3115 5913 injuste
3142 5844 3359 5915 egimus,
3404 5844 3548 5915 quod
3579 5840 3751 5916 iniqui,
