2045 3173
179 180 230 210 ῖςι

660 178 842 210 EXPOSITIO
860 179 893 208 IN
912 177 1137 208 PSALTENUII.
1157 177 1253 207 PS-AL.
1274 171 1329 206 CV.

1757 177 1813 207 758

178 243 258 265 talest
267 235 386 272 latinus.
399 235 488 267 Tuto
507 235 580 268 enim
596 235 780 271 unusquisque
790 235 905 263 celerius
917 234 967 262 ab-
981 235 1006 265 Δ
1018 233 1147 269 jussionis
1161 238 1212 266 est.
1227 238 1257 261 ut
1274 240 1369 269 parere
1382 232 1555 270 pravaleant,
1579 241 1638 268 quas
1651 233 1744 262 audire
1756 243 1811 274 non

179 283 304 316 solvitur,
331 286 432 317 quanto
452 289 467 309 a
494 281 640 316 semetipso
664 281 794 309 vivaciter
815 280 967 308 damnatur.

178 330 245 363 Qua
259 329 345 365 ﬁgura
369 329 469 357 dicitur
482 327 588 359 seltesis
598 330 756 360 onomaton,
773 327 799 354 id
821 331 865 354 est
879 327 969 354 multi-

179 375 245 403 tudo
267 375 405 402 nominum
429 374 634 409 conjunctorum
655 372 768 400 diversis
784 372 875 400 verbis
890 379 969 400 unam

179 428 238 449 rem
261 419 482 455 significantium.
498 419 547 448 Est
570 423 600 447 et
613 419 668 446 alia
688 418 766 446 nobis
784 418 811 445 in
835 417 886 445 hoc
910 418 970 445 loco

179 466 280 494 tradita
300 465 434 501 expositio
448 474 457 493 :
472 465 533 501 quia
546 472 608 493 cum
622 463 771 500 majoribus
795 463 852 492 suis
865 468 969 499 peccat,

177 512 225 547 qui
238 511 336 539 delicta
349 511 447 539 similia
459 518 512 538 non
521 510 600 546 361
615 509 743 542 declinat,
758 509 807 537 sed
817 509 912 537 eadem
929 508 970 536 fa-

176 558 216 585 cit
227 564 289 592 qua
303 557 408 592 priores
422 564 487 585 suos
502 556 598 584 fecisse
613 555 769 590 cognoscit;
785 555 822 582 ita
838 559 927 582 tamen
941 558 970 583 ut

175 612 194 630 a
216 604 331 638 posteris
344 608 436 634 reatus
449 602 586 637 originalis
600 602 713 637 peccati,
728 601 781 630 nisi
796 609 844 637 per
855 601 969 636 gratiam

176 648 286 676 Domini
298 655 351 676 non
367 648 453 683 possit
466 647 583 676 excludi.

215 693 294 721 Vera.
308 694 335 721 7.
350 693 441 721 Patres
455 693 536 721 nostri
556 693 584 721 in
599 693 715 730 Egypto
726 701 777 721 non
791 694 969 722 intellexerunt

334 743 393 772 tua,
416 743 442 767 st
461 746 512 766 non
526 740 632 774 {uastat
654 747 775 769 memores
797 739 969 768 multitudinis

174 784 359 812 miseriwrdic
374 789 435 818 tua,
456 790 482 813 st
500 785 664 812 irritaverant
684 785 848 814 ascendentes
871 786 898 813 in
911 785 968 813 Rit-

174 830 253 858 brunt
264 838 345 857 mare.
360 830 418 858 Duo
429 834 493 858 sunt
502 838 562 865 qua:
575 830 706 858 beneﬁcia
720 830 818 859 donata
832 839 969 859 common-

173 876 254 911 ὄπι,
279 876 435 905 intellectus
457 880 486 905 et
508 876 657 910 memoria;
678 877 749 912 quod
773 881 918 913 utrumque
940 877 966 905 in

1021 285 1163 307 noverunt.
1178 280 1311 307 Siculum
1327 286 1400 307 mare
1412 287 1465 307 non
1481 287 1529 316 pro
1542 280 1714 309 universitate
1728 280 1810 309 debe~

1020 333 1079 354 mus
1094 326 1229 361 accipere,
1242 326 1290 354 sed
1302 330 1403 354 tantum
1415 331 1543 362 quantum
1554 327 1607 355 illis
1621 327 1673 356 iter
1683 329 1808 363 aperiret.

1020 371 1086 405 Nam
1116 372 1175 406 plus
1198 372 1261 400 inde
1287 372 1444 400 miraculum
1466 373 1517 400 iuit
1543 378 1573 400 ut
1596 373 1674 402 undae
1701 374 1810 409 liquida:

1019 416 1118 445 excisis
1134 416 1264 444 lateribus
1284 417 1480 451 constitissent,
1505 425 1555 446 nec
1569 417 1666 446 ﬂuenta
1681 419 1810 453 ﬂuerent,

1020 462 1067 489 sed
1082 462 1214 489 montium
1231 461 1344 497 quadam
1360 463 1486 490 ﬁrmitate
1509 463 1697 491 consisterent.
1714 463 1808 498 Sequi-

1019 511 1072 539 tur,
1089 512 1112 534 et
1123 507 1228 535 deduxit
1240 515 1284 535 eos
1297 508 1325 535 in
1338 508 1410 544 aquis
1421 507 1508 536 multis
1518 508 1583 536 sicut
1597 509 1625 536 in
1639 509 1747 537 deserto.
1760 508 1809 537 Dc-

1018 557 1113 580 sertum
1127 557 1168 580 est
1182 553 1298 581 maxime
1313 553 1383 588 quod
1398 560 1526 588 aquarum
1546 553 1720 582 inundatione
1730 554 1808 583 dese-

1020 598 1098 630 ritur.
1122 604 1151 626 ut
1170 599 1272 627 nullum
1287 599 1324 626 ibi
1337 599 1436 626 animal
1456 599 1542 635 possit
1555 598 1676 627 habitare
1690 599 1808 634 periculo

1019 644 1149 672 siccitatis
1157 645 1285 680 ingenito.
1294 645 1390 674 Educti
1403 650 1466 673 sunt
1478 652 1543 681 ergo
1554 645 1658 674 Hebraei
1670 654 1718 682 per
1730 647 1808 682 abys-

1019 698 1079 719 sum
1094 696 1219 727 tanquam
1234 699 1282 726 per
1299 692 1358 720 loca
1370 692 1488 726 deserta,
1506 700 1565 727 qua:
1575 693 1656 720 nimia
1667 694 1808 722 sterilitate

1018 737 1155 766 siccantur
1168 746 1176 766 :
1191 738 1337 766 ostendens
1346 738 1472 773 quoniam
1484 740 1523 767 sie
1532 739 1605 767 aruit
1617 740 1661 767 illa
1672 740 1712 766 via
1724 739 1808 767 liuen-

1020 787 1119 817 torum,
1136 788 1165 811 ut
1186 791 1271 819 usque
1295 781 1328 811 ad
1350 784 1402 811 iter
1418 784 1547 819 potuisset
1559 785 1701 820 pervenire
1718 785 1808 820 pulve-

1019 837 1106 858 reum.

1058 875 1133 902 Vera.
1148 875 1193 903 10.
1209 874 1244 902 Et
1258 875 1374 902 liberauit
1393 883 1436 903 eos
1457 875 1490 903 de
1512 883 1590 903 manu
1613 875 1764 907 odientium,
1783 880 1811 902 et

172 921 288 956 perﬁdis
301 921 385 950 fuisse
394 922 552 957 denegatur.
564 921 627 949 Non
640 923 831 957 intellexerunt,
842 924 969 958 pulcher.
983 915 1007 945 Β
1021 920 1126 948 redemit
1147 929 1189 948 eos
1203 921 1235 949 de
1256 928 1335 948 manu
1355 921 1529 948 inimicorum.
1545 920 1672 955 Quamvis
1693 924 1766 948 esset
1779 924 1809 959 et

171 966 247 994 sima
256 966 391 994 locutione
401 967 534 1002 signatu
542 972 597 995 est.
605 967 738 996 Videbunt
747 969 819 997 enim
831 969 966 1003 praestari;

171 1012 226 1040 sed
236 1019 289 1047 qua
301 1019 382 1041 causa
395 1012 482 1046 ﬁeret,
498 1021 552 1041 non
569 1014 603 1042 ab
616 1014 656 1042 eis
670 1015 834 1049 probabatur
847 1016 967 1050 agnosci.

171 1056 244 1084 Nam
255 1056 349 1085 decem
360 1058 444 1092 plagis
453 1060 572 1092 percussi
580 1062 643 1086 sunt
653 1058 785 1095 Egyptii,
797 1064 824 1087 ut
835 1059 968 1095 Decalogo

172 1102 269 1131 futuro
295 1103 471 1131 Hebraeorum
495 1112 562 1139 gens
582 1104 681 1132 devota
708 1106 834 1134 serviret.
859 1106 968 1134 Dimissi

171 1151 242 1176 sunt
260 1155 276 1175 a
301 1147 450 1182 Pharaone,
478 1153 508 1177 ut
529 1153 560 1178 et
584 1150 622 1177 illi
636 1150 821 1185 relinquerent
833 1151 967 1180 diabolum

171 1200 239 1220 eum
251 1193 392 1223 ministris.
407 1193 461 1222 Sed
476 1193 515 1222 illi
527 1194 673 1223 carnaliter
685 1202 745 1231 qua:
762 1199 838 1230 gesta
851 1200 914 1224 sunt
928 1197 967 1224 in-

172 1242 302 1272 tuentes,
326 1238 473 1274 spiritualis
498 1239 594 1274 gratim
615 1239 726 1268 minime
739 1241 850 1276 pmmia
868 1242 967 1275 quaesi-

172 1290 286 1313 verunt.
310 1285 373 1313 Non
395 1286 501 1321 [uerunt
523 1292 613 1315 autem
640 1296 763 1316 memores
787 1288 968 1317 misericordia

172 1332 295 1366 Domini,
308 1332 417 1367 quando
429 1333 553 1361 videntes
567 1333 715 1362 Pharaonis
729 1334 877 1363 exercitum
889 1341 970 1364 ante-

172 1383 257 1411 quam
281 1384 355 1405 mare
373 1377 493 1405 Rubrum
513 1378 691 1413 divideretur,
704 1379 848 1408 credebant
861 1387 891 1409 se
902 1389 968 1409 eva-

172 1421 259 1449 dendi
273 1421 394 1450 subsidia
418 1423 582 1458 perdidisse;
604 1429 634 1452 et
646 1429 740 1453 contra
762 1425 871 1460 Moysen
885 1427 967 1455 locuti

170 1471 240 1495 sunt
263 1468 365 1495 melius
392 1468 445 1496 sibi
473 1468 557 1498 fuisse
582 1469 651 1498 duro
674 1470 814 1505 subjacere
841 1472 967 1506 servitio,

171 1519 255 1547 quam
270 1516 325 1540 tota
340 1520 407 1548 gens
420 1514 510 1549 perire
526 1514 658 1548 potuisset
674 1515 701 1542 in
716 1523 819 1543 eremo.
831 1516 894 1544 Post
909 1518 968 1546 hanc

172 1565 345 1593 consequens
360 1559 424 1593 fuit,
440 1564 469 1587 ut
489 1560 622 1589 irritarent
638 1561 780 1589 Dominum
804 1563 967 1590 ascendentes

1020 966 1072 995 hoc
1084 967 1255 1001 beneﬁcium,
1270 967 1294 995 si
1308 975 1356 996 eos
1370 967 1404 995 de
1420 971 1552 1002 potestate
1563 967 1650 995 aliens
1663 967 1807 1002 liberaret,

1019 1018 1108 1041 tamen
1124 1014 1200 1041 auxit
1212 1014 1332 1041 muneris
1345 1013 1520 1048 quantitatem
1535 1013 1660 1047 dicendo,
1683 1013 1716 1041 de
1729 1020 1809 1041 manu

1017 1058 1176 1092 odientinm;
1198 1058 1294 1093 quibus
1317 1058 1408 1095 utique
1439 1066 1549 1093 parcere
1578 1066 1632 1086 non
1665 1062 1807 1094 poterant,

1017 1111 1084 1138 quos
1095 1103 1248 1132 immaniter
1258 1103 1432 1139 imprtebant.
1444 1104 1594 1132 llorrebaut
1607 1104 1687 1139 plane
1697 1108 1808 1140 propter

1018 1157 1085 1184 quos
1097 1153 1124 1176 et
1138 1153 1225 1177 tantas
1239 1150 1331 1185 plagas
1344 1154 1528 1184 susceperant,
1543 1154 1571 1178 et
1585 1157 1676 1178 rerum
1698 1157 1810 1178 suarum

1017 1195 1165 1226 amissione
1180 1195 1362 1230 privabantur.
1380 1195 1540 1231 lntelligitur
1553 1196 1635 1223 etiam
1649 1195 1683 1224 de
1695 1196 1806 1230 conspi-

1018 1246 1077 1270 rata
1091 1242 1242 1269 dzcmouum
1263 1241 1388 1275 cohorte,
1417 1249 1476 1276 quae
1492 1241 1638 1269 humanum
1660 1249 1745 1277 genus
1759 1241 1809 1269 sti-

1018 1287 1092 1315 mulo
1103 1293 1270 1323 peccatorum
1283 1292 1311 1315 ct
1323 1287 1379 1315 odit
1389 1292 1415 1314 et
1432 1287 1558 1321 percutit.
1573 1286 1711 1322 Sequitur,
1726 1291 1750 1314 et
1761 1295 1807 1314 re-

1018 1333 1094 1360 demit
1107 1341 1150 1360 eos
1176 1333 1208 1360 de
1222 1341 1301 1361 manu
1327 1333 1498 1360 inimicorlm.
1515 1332 1571 1361 lloc
1593 1332 1616 1360 si
1640 1332 1673 1360 ad
1690 1332 1806 1361 litteram

1017 1379 1085 1407 velis
1107 1379 1241 1414 accipere,
1255 1387 1307 1407 non
1329 1379 1437 1408 videtur
1460 1387 1539 1415 posse
1553 1387 1716 1414 congruere;
1731 1386 1807 1412 nam,

1018 1428 1048 1452 ut
1062 1424 1191 1453 liberaret
1207 1424 1345 1458 Hebra‘os,
1370 1425 1471 1452 nullum
1486 1425 1618 1461 Egyptiis
1632 1425 1747 1460 pretium
1759 1425 1807 1454 de-

1018 1470 1068 1502 dit,
1079 1471 1176 1506 quibus
1190 1470 1274 1504 magis
1288 1478 1335 1506 pro
1346 1478 1393 1498 sua
1408 1473 1576 1499 contumacia
1590 1471 1725 1506 plagarum
1738 1471 1807 1499 dura

1017 1517 1173 1552 geminavit.
1189 1516 1241 1544 Sed
1258 1516 1309 1544 hoc
1328 1516 1476 1551 prophetia
1490 1516 1586 1551 spiritu
1595 1516 1696 1544 dictum
1711 1516 1806 1544 creda-

1019 1569 1080 1590 mus
1105 1562 1139 1590 de
1163 1561 1329 1597 temporibus
1352 1561 1523 1595 Christianis,
1549 1561 1655 1596 quando
1678 1561 1807 1590 Dominus

173 1603 204 1630 in
215 1602 331 1631 Rubrum
341 1612 422 1637 mare,
437 1605 544 1639 quando
555 1613 609 1633 non
619 1605 793 1634 crediderunt
807 1614 886 1642 pesse
897 1607 965 1641 ﬁeri,
980 1600 1003 1632 C
1020 1607 1142 1635 Salvator
1157 1611 1310 1642 peccatores
1333 1607 1463 1635 obnoxios
1482 1606 1602 1642 pretioso
1617 1607 1745 1642 sanguine
1757 1614 1807 1635 suo

173 1650 247 1685 quod
268 1651 328 1686 ejus
347 1651 493 1679 audiebant
519 1652 742 1687 omnipotentiam
771 1654 901 1689 polliceri.
927 1654 965 1683 lta

174 1693 276 1722 factum
291 1699 346 1728 est,
370 1700 401 1723 ut
426 1703 477 1724 nec
502 1696 684 1732 intelligerent
704 1698 830 1726 virtutem
848 1698 965 1733 Domini,

174 1746 228 1767 nec
248 1740 306 1775 ejus
329 1740 460 1769 beneﬁcia
482 1741 580 1769 devota
603 1747 694 1771 mente
716 1743 873 1772 retinerent.
893 1744 966 1773 Bene

174 1789 266 1813 autem
279 1786 393 1819 positum
403 1791 455 1819 est,
469 1787 641 1821 irritaverant,
651 1789 726 1823 quasi
741 1797 788 1824 per
802 1797 833 1818 se
845 1790 964 1825 quietum

175 1834 257 1865 atque
283 1831 433 1865 placatum,
462 1832 595 1861 infensum
620 1838 648 1861 et
676 1834 833 1862 iracundum
857 1836 965 1864 sibimet

174 1875 366 1904 reddiderunt.
373 1878 543 1905 Ascendentes
558 1883 648 1906 autem
669 1880 703 1907 in
709 1879 826 1907 Rubrum
835 1889 913 1914 mare,
924 1881 966 1909 di-

173 1927 248 1948 ctum
270 1926 374 1949 constat
387 1921 521 1957 pasitione
539 1927 670 1950 terrarum
687 1914 694 1950 Ξ
711 1924 839 1959 quoniam
858 1925 964 1954 cunctis

174 1965 331 2001 regionibus
356 1967 488 2003 Egyptus
512 1967 667 2003 perhibetur
692 1968 831 2003 humilior,
846 1974 875 1998 et
900 1970 964 2000 inde

174 2009 344 2038 discedentes
357 2010 414 2038 loca
428 2017 518 2046 petere
529 2011 580 2039 visi
594 2016 657 2040 sunt
669 2012 775 2040 altiora.

214 2055 289 2084 Vera.
317 2056 344 2084 8.
370 2056 404 2083 Et
419 2057 532 2084 liberavit
543 2065 586 2085 eos
606 2063 708 2093 propter
722 2067 814 2087 nomen
824 2068 910 2094 suum,
935 2067 963 2089 ut

174 2106 262 2128 notam
275 2103 369 2137 faceret
390 2103 530 2137 potentiam
551 2112 636 2131 suam.
653 2104 780 2138 Dicendo,
795 2111 897 2141 propter
917 2115 962 2134 no-

173 2154 230 2174 men
245 2156 331 2180 suum,
345 2148 488 2183 designare
501 2149 568 2176 mihi
593 2149 699 2177 videtur
713 2150 854 2178 Dominum
868 2152 960 2180 Salva-

173 2199 270 2227 torem,
285 2195 360 2229 cujus
372 2195 500 2223 vocabulo
511 2196 637 2232 convenit
648 2196 752 2225 salvare
765 2198 958 2232 periclitantes.

173 2240 245 2267 Deus
258 2241 331 2268 enim
355 2242 462 2276 quando
478 2241 574 2269 liberat
588 2248 757 2278 peccatores,
774 2251 828 2271 non
852 2249 960 2280 propter

1017 1659 1033 1679 a
1048 1651 1146 1679 diaboli
1161 1652 1273 1680 redemit
1286 1651 1408 1687 imperio.

1056 1696 1131 1724 Vcrs.
1148 1697 1191 1725 Η.
1209 1697 1242 1724 Et
1256 1698 1355 1731 operuit
1370 1705 1437 1732 aqua
1450 1696 1600 1725 tributantes
1620 1705 1663 1725 eos
1674 1705 1683 1725 :
1696 1705 1762 1725 unus
1774 1704 1806 1725 es

1016 1742 1054 1769 eis
1074 1750 1126 1768 non
1147 1742 1279 1769 remansit.
1303 1742 1358 1770 lloe
1372 1741 1480 1777 quidem
1490 1741 1524 1770 ad
1539 1742 1653 1770 litteram
1668 1741 1726 1770 sine
1737 1749 1805 1770 con-

1017 1786 1146 1814 troversia
1164 1786 1270 1814 videtur
1285 1787 1407 1822 intelligi,
1436 1787 1500 1822 quia
1520 1791 1583 1814 nota
1603 1792 1645 1815 est
1668 1788 1693 1814 in
1709 1786 1805 1815 Exodo

1017 1836 1225 1860 commemorata
1241 1833 1397 1868 descriptio.
1413 1832 1512 1860 Verum
1526 1841 1592 1860 unus
1606 1841 1638 1861 ru
1656 1833 1693 1861 eis
1706 1840 1756 1860 non
1765 1841 1810 1861 rc-

1016 1879 1121 1913 mansit,
1135 1886 1188 1907 non
1200 1879 1232 1906 ad
1245 1879 1395 1907 universam
1407 1878 1591 1915 Egyptiorum
1604 1884 1709 1914 gentem
1721 1879 1806 1914 respi-

1015 1925 1064 1958 cit,
1080 1924 1128 1952 sed
1142 1929 1243 1952 tantum
1260 1924 1293 1952 ad
1319 1925 1518 1959 insequentium
1535 1925 1731 1953 multitudinem
1746 1929 1807 1953 ten-

1014 1969 1065 2001 dit,
1082 1975 1143 2004 qua:
1158 1968 1195 1996 ibi
1209 1976 1294 2004 usque
1307 1969 1340 1995 ad
1360 1969 1502 1996 minimum
1516 1968 1645 2004 probatur
1658 1969 1803 1996 exstincta.

1015 2014 1208 2041 Remanscrant
1217 2014 1287 2040 enim
1297 2013 1313 2040 d
1325 2012 1480 2048 ~Egyptiis,
1488 2014 1532 2048 qui
1542 2013 1696 2040 laatareutur
1706 2012 1731 2040 in
1743 2020 1807 2048 μοι

1014 2058 1128 2086 fectione
1152 2065 1257 2090 eorum.
1284 2059 1353 2085 sicut
1379 2059 1405 2085 iu
1430 2058 1532 2093 psalmo
1558 2059 1695 2093 superiore
1714 2058 1803 2086 dixit:

1013 2102 1112 2131 luctata
1119 2106 1157 2130 est
1174 2101 1303 2138 {Egyptus
1317 2102 1344 2129 in
1357 2102 1514 2138 profectione
1528 2111 1630 2137 eorum;
1645 2102 1693 2131 sed
1704 2102 1743 2131 illi
1753 2103 1804 2131 sci-

1015 2150 1078 2177 licet
1092 2149 1136 2185 qui
1152 2150 1178 2177 in
1192 2156 1255 2177 casu
1268 2148 1348 2176 simili
1365 2156 1417 2175 non
1431 2148 1551 2176 luerunt.

1054 2195 1130 2224 Vera.
1148 2194 1190 2222 i2.
1209 2195 1242 2222 Et
1259 2195 1420 2223 crediderunt
1440 2195 1467 2222 in
1479 2195 1561 2223 verbis
1569 2196 1635 2232 ejus,
1647 2199 1671 2221 et
1682 2199 1804 2222 cantave-

1012 2246 1072 2268 runt
1088 2241 1177 2268 laudes
1191 2241 1256 2276 ejus.
1270 2240 1333 2268 Post
1346 2241 1502 2270 miraculum
1515 2241 1568 2269 tale
1582 2240 1705 2273 dicendo,
1719 2240 1809 2267 credi—7

171 2285 268 2313 merita
282 2293 374 2313 eorum
398 2291 516 2322 praestat,
537 2287 584 2315 sed
600 2293 708 2324 propter
723 2290 838 2317 nominis
857 2291 899 2318 sui
913 2298 960 2326 po-

1016 2288 1117 2320 rtarunt,
1141 2286 1265 2314 duritiam
1280 2286 1370 2314 cardis
1391 2287 1568 2321 demonstrat,
1587 2286 1658 2322 quod
1672 2294 1724 2314 non
1739 2290 1808 2315 ante»

172 2330 282 2358 tentiam
295 2331 546 2365 demonstrandam;
562 2337 591 2360 ut
604 2333 662 2368 pius
673 2334 812 2362 evidenter
821 2341 959 2370 appareat,

171 2376 194 2403 si
210 2376 349 2405 immeritis
360 2377 489 2406 beneﬁcia
506 2378 579 2414 larga
591 2380 730 2407 concedat.
746 2380 822 2413 Quod
838 2382 910 2408 enim
920 2381 961 2409 di-

171 2421 219 2456 cit,
235 2427 322 2449 notam
343 2422 403 2457 fecit
418 2424 558 2458 potentiam
571 2433 656 2459 suout,
673 2432 726 2452 non
742 2426 893 2453 carnalibus
907 2426 960 2453 uti-

171 2476 224 2504 que
234 2468 328 2501 oeulis,
343 2468 391 2496 sed
401 2469 532 2504 spirituali
544 2470 706 2505 cogitatione
716 2470 876 2499 videntibus.
892 2472 959 2499 Nam

170 2514 193 2541 si
208 2513 332 2541 omnibus
342 2520 429 2541 notam
440 2515 551 2549 fecisset,
565 2521 733 2550 nequaquam
748 2515 832 2543 durus
846 2516 959 2552 populus

169 2560 204 2588 de
219 2560 406 2588 incredulitate
420 2565 569 2595 peccasset.

209 2605 284 2634 Vers.
300 2605 326 2633 9.
344 2604 378 2633 Et
392 2606 531 2640 increpavit
545 2614 615 2633 mare
628 2605 753 2640 Rubrum,
767 2611 792 2634 et
805 2607 960 2635 exsiccatum

166 2653 225 2682 est;
236 2653 260 2677 et
275 2649 380 2676 deduxit
395 2656 438 2676 eos
448 2649 474 2676 in
487 2648 560 2684 aquis
573 2648 660 2676 multis
677 2650 742 2677 sicut
755 2650 781 2677 in
793 2650 903 2677 deserto.
916 2650 960 2678 ln-

168 2695 352 2730 crepationem
367 2694 472 2722 vocavit
484 2694 618 2722 occultum
631 2693 783 2723 Divinitatis
797 2696 937 2730 imperium
949 2703 958 2723 :

168 2741 232 2776 quia
253 2748 329 2769 mare
342 2741 369 2769 in
385 2740 478 2769 Exodo
502 2748 571 2769 voce
586 2740 693 2768 Domini
715 2749 846 2776 nusquam
861 2741 959 2777 legitur

167 2788 344 2824 increpatum.
360 2787 423 2824 Agit
433 2788 506 2816 enim
520 2787 566 2815 ille
580 2787 693 2816 occultis
707 2787 823 2816 motibus
832 2787 958 2816 universa

167 2840 227 2869 qua:
241 2833 374 2869 pmipit,
393 2837 421 2861 et
434 2833 511 2868 quasi
525 2833 559 2862 ad
582 2832 721 2861 audientes
744 2832 873 2867 loquitur,
896 2840 957 2869 quas

166 2886 278 2908 sensum
296 2887 349 2909 non
364 2879 463 2908 habent
485 2879 652 2908 attributum.
666 2879 751 2908 Tanta
774 2879 847 2907 cnim
869 2878 955 2909 virtus

1015 2337 1140 2360 eventum
1152 2333 1202 2363 rei,
1216 2332 1263 2360 sed
1279 2336 1339 2366 post
1353 2331 1477 2359 cll‘ectum
1489 2331 1680 2359 miraculorum
1690 2330 1805 2359 credere

1014 2379 1174 2407 maluerunt.
1191 2378 1257 2405 Nam
1278 2378 1328 2405 etsi
1350 2378 1447 2404 bonum
1464 2378 1502 2404 sit
1520 2377 1584 2404 visis
1598 2377 1677 2403 rebus
1694 2377 1799 2411 acquie-

1013 2433 1101 2461 scere,
1127 2426 1213 2453 multo
1237 2425 1333 2452 melius
1358 2423 1488 2459 promissa
1513 2423 1668 2456 credidisse,
1685 2423 1753 2450 sicut
1774 2424 1801 2450 in

1014 2470 1158 2505 Evangelio
1170 2469 1282 2497 Thoma:
1293 2469 1357 2497 dicit
1370 2478 1375 2495 :
1393 2469 1459 2501 Quia
1473 2468 1556 2494 vidisti
1568 2467 1698 2494 credidisti
1712 2475 1721 2494 :
1736 2467 1802 2494 beati

1012 2517 1056 2550 qui
1069 2524 1119 2543 non
1134 2515 1251 2543 viderunt
1264 2519 1289 2542 st
1298 2514 1461 2545 crediderunt
1475 2513 1567 2547 (Joan.
1582 2521 1626 2546 xx,
1643 2513 1701 2548 29).
1725 2512 1800 2547 Quod

1013 2569 1076 2589 vero
1090 2569 1106 2589 a
1116 2561 1202 2594 ldidit,
1217 2565 1241 2589 st
1254 2564 1418 2588 cantaverunt
1431 2559 1520 2585 laudes
1534 2559 1599 2593 ejus,
1622 2558 1750 2593 hymnum
1766 2558 1801 2584 si-

1011 2606 1120 2641 gniﬁcat
1140 2606 1225 2634 Exodi
1248 2605 1294 2640 qui
1316 2606 1355 2632 ait
1371 2613 1378 2631 :
1394 2604 1529 2631 Cantemus
1548 2603 1670 2636 Domino,
1694 2603 1801 2639 gloriose

1012 2652 1080 2679 enim
1102 2650 1285 2684 Itonorificatus
1305 2652 1340 2677 est
1354 2648 1453 2685 (Exod.
1475 2656 1520 2682 xv,
1537 2649 1574 2685 l),
1589 2653 1616 2676 et
1627 2654 1724 2676 extera
1741 2655 1800 2682 qua:

1012 2698 1140 2726 Hebruus
1163 2696 1276 2733 populus
1298 2699 1407 2732 peracto
1431 2696 1562 2724 miraculo
1585 2703 1680 2731 magna
1707 2694 1800 2722 exsul-

1012 2743 1115 2772 tatione
1129 2742 1261 2776 cantavit,
1277 2742 1347 2770 sicut
1362 2741 1388 2770 in
1403 2742 1471 2770 tituli
1481 2742 1649 2778 expositione
1662 2745 1799 2768 narratum

1009 2793 1063 2817 est.

1046 2834 1123 2863 Vers.
1138 2834 1182 2862 15.
1194 2832 1252 2861 Cito
1266 2833 1393 2868 fecerunt,
1411 2837 1436 2861 et
1455 2833 1525 2861 obliti
1538 2836 1596 2861 sunt
1608 2839 1712 2868 operum
1724 2831 1799 2867 ejus;

1009 2888 1061 2908 non
1088 2879 1263 2908 sustinuerunt
1289 2878 1432 2907 consilium.
1447 2881 1516 2916 ejus.
1537 2877 1672 2907 Venitad
1693 2876 1818 2906 tertiam-.-
