4062 6344
484 307 590 364 759

1697 305 1766 360 Μ.
1812 300 2094 361 AURELII
2129 298 2530 358 CASSIGDORI
2552 292 2556 296 λ

3647 297 3764 355 τω

486 421 868 478 narrationem.
901 417 1016 476 Cito
1043 395 1298 484 fecerunt;
1325 429 1387 473 ac
1407 415 1453 471 si
1480 415 1710 483 diceret,
1744 431 1952 472 summa
1979 429 2068 471 oe-
2095 417 2148 474 Λ
2172 413 2293 483 quia
2327 427 2537 470 terrena
2569 420 2884 485 sapuerunt,
2932 418 2992 469 ut
3019 412 3134 486 ipsa
3175 425 3354 484 pana:
3377 411 3614 485 qualitas
3637 427 3764 474 see-

485 511 701 570 leritate
729 513 916 568 mutati
943 519 1100 575 sunt,
1130 518 1191 564 ut
1217 508 1310 580 qui
1334 507 1522 564 laudes
1554 509 1779 563 Domino
1809 507 1881 564 dc
1904 507 2070 562 colla-

493 604 568 660 tis
598 602 934 660 mirabilibus
961 600 1244 666 canebant,
1279 599 1438 669 paulo
1469 606 1589 669 post
1613 607 1799 654 contra
1828 614 1950 653 eum
1974 612 2071 652 ne-

489 694 678 750 fandas
701 691 1150 748 murmurationes
1175 697 1530 747 assumerent.
1560 688 1688 746 Non
1724 689 2072 744 sustinuerunt

489 785 764 840 consilium
789 787 920 850 eius,
951 783 1166 853 quando
1212 783 1363 851 prius
1414 789 1784 853 conceperant
1812 780 2071 851 desperao

489 876 712 938 tionem,
759 889 917 944 quam
968 874 1086 944 ejus
1135 883 1317 943 parata
1373 874 1633 930 beneﬁcia
1676 874 2070 944 provenissent.

492 963 750 1019 Dominus
780 965 947 1028 enim,
979 963 1076 1032 qui
1099 978 1192 1018 eos
1224 963 1548 1018 liberaverat
1578 963 1775 1018 talibus
1807 963 2074 1031 tantisque
2123 999 2129 1007 ν

493 1057 792 1122 miraculis,
843 1056 1042 1110 nullam
1075 1071 1169 1112 eos
1199 1056 1508 1110 victualium
1537 1072 1717 1112 rerum
1746 1071 1939 1126 passus
1963 1055 2075 1111 luc-

493 1159 578 1204 rat
613 1148 890 1218 penuriam
917 1149 1202 1203 sustinere.
1231 1149 1341 1203 Sed
1365 1148 1442 1204 illi
1491 1148 1919 1218 anticipaverunt
1946 1163 2077 1202 con-

493 1242 676 1297 silium
726 1256 1054 1310 supernum,
1107 1241 1199 1310 qui
1251 1242 1367 1310 ejus
1422 1241 1714 1297 noluerunt
1762 1248 2076 1310 exspectare

494 1331 844 1401 dispositum;
897 1345 1049 1387 more
1100 1329 1402 1401 fragilitatis
1451 1331 1730 1396 humanae,
1781 1345 1900 1400 quae
1950 1330 2075 1385 dum

491 1425 593 1481 sibi
617 1425 777 1480 nimia
801 1424 1148 1481 festinatione
1171 1423 1453 1493 providere
1475 1431 1648 1494 putat,
1673 1423 1885 1482 incaute
1907 1424 2080 1494 dispo-

491 1515 744 1570 sitionem
779 1515 1085 1571 Divinitatis
1109 1514 1384 1584 anticipat.

565 1605 718 1661 Vers.
745 1607 832 1661 14.
862 1606 926 1660 Et
943 1607 1304 1676 concupierunt
1323 1607 1757 1677 coneupiscentias
1777 1606 1831 1660 in
1853 1607 2073 1672 deserto,

490 1706 537 1750 et
569 1705 888 1752 tentaverunt
916 1694 1082 1752 Deum
1116 1697 1169 1751 in
1214 1697 1464 1752 siccitate.
1497 1697 1609 1753 Hoc
1632 1707 1750 1753 erat
1783 1697 1923 1767 quod
1951 1713 2079 1752 con-

2173 505 2342 561 lerata
2371 507 2508 561 laeta
2545 513 2786 562 testetur.

2248 595 2403 653 Vers.
2458 598 2544 652 18.
2574 597 2650 652 Et
2689 598 2881 652 exarsit
2922 598 3057 668 ignis
3102 598 3156 652 in
3182 613 3450 670 synagoga
3489 607 3767 666 mmet

2173 686 2389 756 ﬂamma
2425 687 2700 742 combussit
2726 697 3039 758 peccatores.
3066 689 3182 744 Hoc
3221 689 3418 744 factum
3469 698 3558 746 est
3603 703 3766 760 supra

2133 849 2150 857 ί
2183 777 2446 833 ducentos
2471 778 2862 848 quinquaginta
2893 779 3186 848 complices
3213 780 3420 836 Dathan
3448 789 3505 836 et
3533 781 3764 850 Abiron,

2176 869 2267 938 qui
2290 884 2476 924 eorum
2507 869 2795 926 infeliciter
2822 880 2947 926 vota
2988 871 3160 926 secuti
3211 880 3357 937 sunt,
3390 882 3448 926 ut
3489 871 3766 927 thuribula

2177 965 2362 1017 tenere
2392 970 2800 1032 praesumerent,
2852 963 2995 1032 quod
3023 962 3167 1020 idem
3195 963 3557 1020 Numerorum
3587 971 3767 1020 textus

2179 1054 2446 1122 eloquitur
2477 1053 2669 1124 (Nam.
2702 1071 2811 1122 xvt,
2853 1055 2970 1125 53).
3021 1055 3302 1126 Synagoga
3345 1069 3477 1111 vero
3521 1057 3615 1112 hic
3661 1073 3768 1112 nou

2181 1145 2440 1212 templum
2489 1145 2774 1216 signiﬁcat,
2833 1146 2926 1201 sed
2977 1147 3378 1214 adunationem,
3411 1163 3574 1217 quam
3609 1163 3768 1216 peru-

2181 1246 2318 1292 stam
2357 1237 2545 1292 divino
2569 1236 2784 1293 constat
2807 1238 3077 1306 incendio,
3105 1248 3164 1291 ut
3195 1238 3282 1305 qui
3313 1238 3366 1291 in
3400 1237 3610 1293 incensi
3635 1253 3768 1308 pm

2181 1329 2486 1399 sumptione
2506 1335 2880 1400 peccaverant,
2904 1329 3111 1384 caelesti
3141 1329 3353 1383 ﬂamma
3375 1339 3761 1385 cremarentur.

2182 1417 2306 1475 Ideo
2335 1419 2479 1474 enim
2509 1419 2746 1486 addidit,
2792 1437 2990 1486 eorum,
3023 1429 3083 1474 ut
3107 1435 3224 1474 eam
3252 1436 3282 1475 a
3332 1423 3532 1491 populo
3564 1422 3761 1478 Domini

2180 1515 2482 1578 separatam
2513 1509 2678 1566 fuisse
2704 1510 2956 1568 sentires.
3003 1509 3250 1566 Flamma
3277 1526 3408 1568 vero
3433 1513 3582 1568 dicta
3609 1523 3694 1568 est
3738 1529 3768 1571 a

2179 1599 2393 1669 ﬂagello
2417 1615 2692 1656 comarum
2715 1617 2954 1658 suarum.

2254 1691 2410 1746 Vers.
2443 1691 2529 1748 i9.
2565 1691 2640 1746 Et
2673 1693 2902 1762 fecerunt
2926 1694 3150 1748 vitulum
3169 1695 3224 1748 in
3251 1693 3427 1749 Horeb
3453 1693 3638 1766 [mss.,
3667 1694 3768 1750 σος

489 1788 672 1842 silium
717 1790 836 1857 ejus
865 1789 1084 1844 minime
1120 1789 1512 1854 sustinuerunt,
1562 1799 1620 1843 ut
1650 1789 1703 1843 in
1734 1789 1950 1844 deserto
1975 1803 2068 1843 co-
2105 1795 2152 1855 Β
2178 1781 2320 1854 reb].
2354 1791 2401 1836 et
2423 1785 2768 1838 adoraocrunt
2805 1785 3062 1853 sculptile.
3093 1786 3206 1841 Hoc
3230 1801 3445 1857 quoque
3478 1790 3770 1846 notissima

488 1880 810 1935 mestionem
862 1880 962 1935 sub
989 1878 1283 1934 difﬁdentia
1335 1887 1601 1949 peterent,
1657 1885 1714 1935 et
1741 1893 1932 1949 aquam
1971 1878 2072 1934 sibi

491 1971 608 2026 dari
657 1971 758 2027 sub
789 1973 1304 2027 murmurationibus
1335 1973 1717 2040 postulassent.
1755 1973 1916 2044 362
1945 1968 2074 2038 Quae

490 2066 656 2133 ﬁgura
681 2064 879 2121 dicitur
906 2067 1214 2130 cacozelon,
1246 2065 1300 2121 id
1324 2075 1406 2121 est
1435 2066 1572 2121 mala
1603 2065 1895 2133 aﬁectatio,
1940 2081 2074 2134 quo-

491 2157 594 2212 ties
625 2157 894 2228 ingenium
921 2157 1124 2228 judicio
1153 2164 1321 2222 caret,
1349 2167 1406 2214 et
1433 2173 1530 2228 spe
1558 2157 1682 2212 boni
1712 2156 1914 2212 fallitur
1941 2173 2075 2226 pra:-

488 2249 708 2316 cipitata
756 2249 1035 2306 velocitas.
1069 2248 1448 2316 Concupieruut
1481 2257 1662 2304 autem
1707 2248 2072 2318 concupiscen-

489 2341 607 2394 tias.
634 2336 814 2396 Genus
848 2341 951 2396 hoc
980 2340 1267 2397 locutionis
1301 2343 1354 2396 in
1389 2340 1683 2410 Scripturis
1730 2343 1929 2396 sanctis
1959 2355 2074 2396 om-

493 2433 620 2488 nino
645 2432 1036 2489 creberrimum
1076 2443 1198 2499 est;
1249 2441 1310 2488 ut
1351 2443 1453 2500 est,
1487 2433 1756 2488 Desiderio
1785 2433 2075 2489 desideravi

489 2527 803 2583 manducare
829 2528 1087 2584 uobiscum
1112 2530 1306 2599 pascha
1329 2529 1482 2599 (Luc.
1515 2545 1648 2596 xxtt,
1682 2527 1803 2600 15);
1835 2537 1889 2584 et
1922 2529 2074 2596 illud,

493 2617 595 2684 Qui
615 2618 938 2675 maledixerit
959 2623 1096 2691 patri
1117 2619 1194 2675 vel
1219 2621 1392 2686 matri,
1425 2631 1585 2675 morte
1607 2622 1854 2676 morietur
1877 2621 2072 2692 (Exod.

489 2723 600 2776 xu,
627 2709 747 2780 i7);
770 2711 904 2780 sive,
925 2711 1195 2785 Castigans
1219 2714 1484 2785 castigavit
1513 2730 1592 2768 me
1617 2711 1870 2768 Dominus
1901 2713 2070 2786 (Paul.

489 2817 652 2870 cxvn,
697 2805 810 2874 l8),
841 2815 896 2862 et
945 2807 1030 2863 bis
1056 2808 1270 2864 similia.
1300 2809 1542 2864 Ostendit
1571 2811 1712 2866 enim
1744 2810 2074 2868 nimietatem

488 2896 742 2954 desiderii
775 2900 968 2970 positio
1005 2902 1271 2970 geminata
1304 2901 1605 2956 verborum.

561 2990 714 3045 Vers.
750 2991 840 3048 15.
866 2990 936 3048 Et
960 2993 1102 3048 dedit
1133 2994 1205 3048 eis
1236 2995 1504 3062 petitiones
1534 2993 1687 3064 [mss.
1716 2997 1803 3059 Α..
1843 2995 1926 3059 13.,
1949 2997 2078 3066 peti-

490 3080 700 3152 tionem]
735 3083 1002 3151 ipsorum;
1047 3093 1094 3138 et
1122 3086 1260 3138 misit
1296 3086 1614 3139 saturitatem
1657 3086 1709 3138 in
1757 3087 1960 3140 animos
1995 3104 2076 3140 eo-

2176 1874 2415 1928 historia:
2445 1876 2753 1931 narratione
2773 1875 3100 1941 declaratur,
3127 1876 3354 1948 quando
3374 1878 3546 1949 Moysi
3573 1878 3766 1934 absen-

2177 1967 2304 2022 tiam
2349 1967 2520 2023 Judaei
2552 1969 2772 2025 minime
2799 1969 3115 2037 tolerantes,
3167 1972 3481 2043 prodigiosa
3526 1985 3690 2027 sensu
3719 1975 3768 2030 in

2175 2059 2354 2115 lioreb
2382 2067 2564 2115 monte
2587 2060 2812 2126 deserti,
2843 2060 3001 2116 deum
3023 2063 3350 2118 metallicum
3377 2063 3606 2119 sibimet
3632 2063 3762 2120 effe-

2175 2161 2386 2208 cerunt.
2425 2152 2531 2209 Sed
2562 2165 2767 2225 quanto
2798 2154 2929 2224 ipsis
2964 2153 3227 2224 iumentis
3254 2155 3561 2212 deteriores
3587 2163 3765 2224 erant,

2175 2245 2264 2314 qui
2295 2259 2395 2300 nec
2425 2246 2605 2299 vivum
2637 2259 2803 2315 pecus
2825 2245 3165 2300 aestimabant
3198 2238 3486 2302 irridendis
3515 2248 3768 2303 devotio-

2176 2337 2333 2390 nibus
2353 2335 2678 2390 adorandum
2696 2337 2712 2390 ι
2736 2335 2912 2391 Horeb
2938 2352 3068 2394 vero
3089 2339 3474 2407 interpretatur
3489 2337 3762 2407 Calvaria,

2177 2428 2265 2482 ubi
2314 2439 2500 2497 postea
2533 2429 2823 2485 Dominum
2853 2430 3030 2485 crucis
3060 2431 3299 2501 pstibulo
3342 2447 3514 2489 carne
3554 2445 3763 2492 constat

2177 2520 2441 2586 occisum;
2473 2529 2532 2574 ut
2561 2520 2616 2575 in
2645 2520 2762 2590 ipso
2787 2520 3087 2592 eodemque
3129 2524 3346 2580 nomine
3393 2523 3509 2594 jam
3560 2533 3690 2581 tunc
3713 2536 3765 2584 et

2177 2612 2231 2665 in
2261 2611 2362 2666 illo
2383 2612 2599 2668 deserto
2646 2613 2825 2669 lloreb
2875 2613 3138 2669 culturam
3191 2615 3400 2670 Domini
3433 2616 3622 2686 perﬁdi
3669 2633 3764 2673 ne-

2178 2700 2338 2756 fanda
2383 2704 2810 2773 prmsumptione
2855 2705 3144 2770 violarent,
3196 2721 3428 2775 quorum
3479 2711 3764 2778 posteritas

2177 2802 2298 2848 erat
2326 2793 2379 2848 in
2429 2794 2693 2850 Calvariat
2740 2797 2862 2851 loco
2907 2796 3230 2852 crucil‘rxura
3281 2798 3568 2853 Dominum
3605 2798 3759 2854 Chri-

2179 2895 2343 2940 stum.
2395 2885 2530 2941 Illud
2585 2902 2801 2957 quoque
2853 2889 3063 2943 aestimo
3122 2889 3566 2944 considerandum
3612 2891 3754 2960 quod

2179 2981 2332 3045 dixit,
2349 2983 2694 3036 adoraoerttnt
2721 2981 2978 3053 sculptile,
2999 2985 3120 3054 quia
3139 2984 3192 3038 in
3225 2983 3414 3039 Exodo
3441 2986 3657 3054 legimus
3677 2987 3755 3041 vi-

2183 3075 2348 3128 tulutn
2396 3075 2726 3130 conﬂatilem
2783 3077 2996 3130 collatis
3041 3079 3373 3132 ornamentis
3423 3087 3762 3134 monstruoso

491 3187 625 3225 rum.
654 3170 994 3242 Temporalia
1027 3183 1288 3242 petentes,
1338 3174 1531 3230 merito
1573 3189 1766 3230 carnea
1814 3177 2070 3230 beneﬁcia

2178 3166 2406 3235 quodam
2441 3167 2638 3221 indicio
2666 3167 2829 3222 fuisse
2875 3167 3181 3222 formatum.
3216 3171 3321 3223 Sed
3364 3169 3502 3224 duas
3550 3185 3640 3226 res
3683 3173 3761 3227 his

491 3270 862 3329 susceperunt.
910 3263 1126 3319 Duobus
1165 3264 1308 3318 enim
1359 3264 1534 3319 modis
1581 3264 1810 3318 dicimus
1839 3267 2072 3321 animam

495 3361 618 3403 esse
644 3352 912 3418 satiatam,
949 3365 1069 3407 cum
1099 3355 1240 3408 escis
1267 3355 1634 3422 corporalibus
1663 3370 1759 3424 pro
1785 3357 1962 3410 carnis
1991 3357 2074 3410 in-

493 3439 746 3497 ﬁrmitate
771 3443 1031 3509 reﬁcitur,
1062 3453 1256 3502 etcum
1280 3447 1545 3516 Spirituali
1563 3449 1898 3516 iucunditate
1923 3467 2071 3506 com-

494 3532 689 3600 pletur.
720 3533 825 3588 Sed
857 3534 946 3589 hic
974 3535 1170 3590 animos
1199 3553 1372 3592 eorum
1403 3538 1652 3594 carnibus
1686 3549 1920 3610 potuque
1949 3541 2076 3596 dicit

492 3633 614 3676 esse
641 3621 948 3691 saginatas,
997 3632 1056 3678 ut
1086 3625 1199 3693 ipsa
1238 3626 1486 3681 voluntas
1531 3643 1653 3697 qua:
1699 3629 2076 3698 desperatione

493 3723 827 3783 peccaverat.
859 3718 1020 3772 rebus
1041 3719 1436 3786 etnergentibus
1469 3721 1790 3776 vinceretur.

564 3800 719 3857 Vers.
753 3803 837 3858 16.
875 3804 939 3857 Et
977 3806 1304 3860 irritaverant
1335 3806 1546 3878 Moysen
1575 3810 1628 3861 in
1657 3811 1869 3876 castris,
1903 3822 1949 3864 et
1973 3813 2074 3865 Aa-

493 3907 587 3946 ron
626 3903 858 3947 sanctunt
891 3894 1118 3950 Domini.
1160 3895 1504 3952 Saturitatem
1532 3903 1738 3955 ventris
1781 3912 1962 3958 secuta
1990 3919 2077 3958 se-

493 3983 626 4062 ditio
667 3994 770 4053 est,
802 4003 921 4058 quae
953 3988 1272 4061 plerumque
1293 4005 1480 4046 causas
1508 3993 1724 4057 excitat,
1770 3995 1909 4049 unde
1936 3997 2076 4064 peri-

493 4075 608 4130 ‘cula
628 4079 929 4146 perniciosa
959 4082 1297 4151 proveniant.
1331 4081 1534 4138 Irritart
1565 4085 1795 4155 aliquem
1824 4086 2072 4154 dicimus,

492 4164 564 4219 ad
589 4165 916 4224 iracundiam
952 4173 1228 4238 provocari
1255 4181 1347 4227 aut
1378 4174 1681 4229 actionibus
1709 4176 1936 4230 aliorum
1979 4177 2076 4231 im-

494 4255 703 4324 probis,
733 4268 824 4314 aut
850 4262 1026 4316 verbis
1068 4265 1402 4332 asperrimis.
1435 4265 1570 4320 Illud
1603 4267 1746 4322 enim
1786 4268 2074 4339 signiﬁcat,

493 4351 710 4419 quando
740 4352 942 4407 Datltan
971 4364 1025 4409 et
1053 4357 1252 4410 Abiron
1286 4358 1543 4413 honorem
1569 4359 1670 4414 sibi
1712 4368 1899 4415 contra
1927 4361 2046 4432 Moy
2065 4388 2079 4402 -

492 4457 589 4498 seu
631 4452 684 4498 et
717 4446 894 4500 Aaron
937 4447 1184 4502 excitatis
1230 4451 1663 4505 contentionibus
1710 4456 2074 4508 assomebant.

2178 3259 2347 3312 dictas
2373 3259 2630 3314 debemus
2659 3259 2972 3328 advertere,
3004 3269 3063 3314 ut
3089 3261 3311 3317 vitulum
3343 3263 3690 3319 adoraverint
3717 3268 3764 3321 in

2177 3348 2416 3416 deserto,
2463 3357 2521 3405 et
2569 3360 2754 3420 postea
2784 3352 3050 3418 seuiptilia
3081 3353 3362 3407 simulacra
3393 3355 3447 3409 in
3475 3356 3764 3424 'repromis.

2177 3440 2344 3494 sionis
2373 3450 2514 3495 terra
2559 3441 2856 3508 coluerint;
2888 3442 3031 3512 quod
3076 3443 3131 3498 in
3173 3441 3632 3516 subsequentibus
3658 3446 3765 3517 ipsa

2177 3531 2420 3586 dicturus
2445 3541 2548 3588 est.

2253 3623 2406 3678 Vers.
2439 3623 2526 3678 20.
2565 3624 2630 3677 Et
2660 3636 2982 3680 mutaverunt
3012 3628 3232 3698 gloriam
3257 3645 3401 3683 suam
3431 3630 3486 3684 in
3525 3631 3766 3686 similia:~

2178 3712 2350 3766 dinem
2379 3713 2526 3767 uituli
2575 3707 2939 3770 manducantis
2986 3717 3179 3794 fenum.
3217 3717 3401 3773 Gloria
3427 3733 3619 3776 eorum
3675 3722 3764 3780 fuit

2179 3805 2402 3858 adorata
2428 3805 2717 3872 Divinitas,
2766 3822 2925 3877 quam
2974 3807 3171 3864 infelici
3199 3811 3624 3868 commutatione
3647 3828 3758 3881 per-

2177 3897 2394 3962 dentes,
2425 3909 2594 3966 usque
2620 3897 2686 3950 ad
2719 3897 2823 3952 hoc
2855 3900 3137 3965 pervenire
3159 3909 3493 3967 meruerunt,
3527 3912 3583 3956 ut
3604 3903 3752 3958 dese-

2179 3995 2361 4041 rentes
2385 3985 2509 4042 caeli
2549 3993 2814 4058 terraeque
2839 3988 3176 4055 Creatorem,
3203 3989 3364 4044 deum
3394 3992 3497 4047 sibi
3532 3993 3761 4049 lacerent

2179 4073 2587 4131 similitudinem
2609 4079 2754 4131 vituli
2783 4079 2902 4147 fena
2928 4080 3255 4134 comedetttis.
3289 4082 3334 4135 0
3357 4081 3623 4138 nefarium
3645 4099 3761 4140 sce-

2181 4167 2264 4220 lus
2295 4167 2374 4222 sic
2399 4168 2640 4237 potuisse
2670 4169 2870 4238 decipi,
2911 4170 3002 4240 qui
3036 4179 3181 4224 tanta
3233 4173 3615 4228 miraculorum
3656 4176 3762 4230 tue-

2183 4269 2304 4312 rant
2345 4259 2553 4315 visione
2596 4261 2880 4315 cumulati!
2916 4262 3084 4329 Quale
3129 4263 3273 4318 enim
3325 4265 3592 4334 piaculum
3645 4267 3760 4334 fuit,

2183 4361 2385 4406 mutum
2411 4351 2610 4407 animal
2637 4353 2750 4408 Deo
2779 4355 2952 4410 simile
2983 4357 3235 4423 credere,
3259 4358 3398 4427 quod
3423 4360 3762 4432 sacrilegium

2185 4447 2372 4501 luisset
2410 4447 2496 4502 vel
2545 4446 2852 4503 hominibus
2881 4452 3229 4519 comparare?
3277 4451 3382 4506 Sed
3437 4453 3543 4508 hoc
3593 4464 3762 4510 totum

492 4531 648 4610 .Unde
673 4551 860 4592 eorum
890 4551 1046 4608 pmna
1076 4541 1437 4610 prosequitur,
1468 4541 1799 4597 irritat-erunt
1826 4543 1968 4598 enim
2001 4545 2079 4597 vi-
2109 4547 2158 4604 Ι)
2184 4537 2517 4606 impatientia
2565 4537 2691 4593 fecit
2713 4539 3105 4595 levissimorum
3136 4542 3434 4607 hominum,
3476 4559 3598 4613 quae
3622 4559 3759 4600 sent-

493 4643 584 4684 ros
614 4637 829 4684 sanctos
871 4629 935 4683 ad
971 4630 1245 4685 interitum
1281 4647 1435 4686 suum
1468 4650 1480 4686 :
1511 4635 1632 4703 quia
1683 4649 1776 4703 per
1817 4634 2075 4688 invidiam

493 4717 875 4788 loquebantur,
921 4721 1063 4790 quod
1113 4720 1339 4775 Domino
1377 4721 1715 4790 displicuisse
1745 4725 2073 4793 agnoscitur.

493 4807 650 4875 Quod
670 4824 903 4880 congrue
926 4811 1065 4866 inter
1085 4811 1267 4866 laudes
1290 4811 1502 4867 Domini
1529 4815 1741 4883 ponitur
1765 4855 1780 4881 ,
1809 4817 1931 4886 quia
1953 4829 2081 4870 suos

466 4899 726 4957 'famulos
753 4901 1054 4959 vindicasse
1075 4904 1400 4960 declaratur.
1447 4967 1449 4970 ,

568 4990 724 5048 Vers.
767 4997 854 5050 17.
887 4999 1080 5067 Aperta
1107 5007 1180 5052 est
1209 5007 1345 5052 terra
1375 5007 1422 5052 et
1463 4999 1727 5071 deglutiot't
1757 4999 1988 5070 Datltan,
2033 5014 2081 5058 et

494 5084 694 5155 operuit
720 5100 873 5154 super
903 5091 1344 5160 congregationem
1365 5089 1578 5144 Abiron.
1606 5091 1748 5158 Haec,
1773 5100 1830 5146 ut
1857 5103 2079 5149 testatur

496 5173 852 5232 Numerorum
911 5177 1046 5234 iiber
1095 5178 1246 5249 (Cap.
1300 5195 1414 5248 xvi,
1465 5181 1556 5247 3|,
1587 5180 1706 5252 Μ),
1760 5196 1920 5250 supra
1954 5183 2076 5239 illos

499 5263 792 5335 contigisse
823 5265 1164 5322 manifestum
1191 5279 1273 5325 est
1295 5271 1384 5340 qui
1414 5273 1638 5343 gratiam
1670 5287 1957 5342 supernam
1984 5278 2078 5329 Aa-

496 5370 600 5412 ron
645 5364 702 5413 et
744 5356 910 5428 Moysi
940 5359 1190 5415 collatam
1243 5364 1526 5419 venenosis
1557 5365 1774 5420 invidia:
1821 5366 2072 5423 dentibus

495 5448 842 5518 appetebant,
875 5455 937 5504 ut
959 5449 1060 5506 sibi
1105 5449 1368 5509 honorem
1415 5458 1804 5511 contumaciter
1833 5472 2079 5512 assume-

496 5545 640 5605 rent,
681 5553 840 5606 quem
889 5540 1212 5610 supradictis
1236 5555 1600 5613 cognoverant
1647 5547 2075 5603 misericordiam

493 5625 708 5682 Domini
756 5630 1075 5686 contulisse.
1104 5633 1310 5699 Quibus
1340 5635 1534 5692 similis
1581 5638 1756 5692 exitus
1808 5643 2076 5707 provenit,

497 5717 621 5787 quia
641 5732 801 5776 causa
824 5732 927 5774 una
950 5717 1256 5778 schismatis
1283 5720 1416 5787 fuit;
1444 5722 1682 5794 deglutiti
1711 5737 1834 5782 sunt
1855 5743 1886 5782 a
1911 5737 2077 5801 terra,

2185 4644 2278 4696 per
2307 4627 2452 4684 ducit
2477 4627 2544 4682 ad
2581 4628 2766 4699 culpas
2795 4639 2850 4685 et
2881 4631 3175 4702 praecipitat
3201 4631 3268 4686 ad
3298 4634 3530 4687 ruinam.
3561 4633 3700 4689 Nam
3724 4635 3762 4689 si

2169 4726 2399 4772 causam
2429 4719 2508 4774 rei
2530 4717 2630 4773 sub
2663 4720 2887 4774 veritate
2906 4719 3184 4786 d'iscutias,
3215 4721 3420 4776 nullum
3456 4723 3670 4779 crimen
3692 4737 3766 4780 est

2185 4811 2327 4877 quod
2359 4825 2466 4873 non
2514 4811 2847 4880 impatientia
2892 4823 3064 4868 matre
3109 4824 3381 4870 nascatur.
3412 4815 3618 4872 Contra
3668 4819 3766 4873 hoc

2188 4899 2318 4955 illud
2340 4915 2467 4956 vere
2495 4901 2792 4956 remedium
2815 4911 2916 4971 est,
2953 4902 3085 4957 illud
3112 4903 3273 4957 ﬁxum
3305 4905 3766 4979 indubitatumque

2187 4992 2491 5063 pratsidium
2523 5009 2536 5047 :
2572 4991 2888 5062 Exspectata
2931 4997 3214 5063 exspectavi
3245 4995 3548 5064 Dominum,
3599 5009 3654 5053 et
3694 5017 3764 5054 re-

2186 5084 2350 5154 spexit
2373 5099 2452 5137 me
2479 5083 2651 5154 (Psal.
2687 5102 2879 5152 xxxrx,
2900 5085 2981 5158 (Ξ).

2261 5176 2414 5233 Vers.
2461 5177 2551 5232 21.
2588 5179 2746 5232 Obliti
2786 5189 2904 5232 sunt
2933 5180 3115 5247 Deum,
3163 5185 3254 5249 qui
3289 5184 3500 5237 saluauit
3531 5201 3644 5254 eos,
3687 5203 3764 5257 qut

2186 5269 2303 5338 fecit
2352 5271 2613 5339 magnalia
2671 5269 2723 5322 in
2770 5269 3022 5342 Egypto,
3065 5273 3324 5327 mirabilia
3363 5275 3414 5328 in
3441 5284 3578 5330 terra
3612 5278 3765 5333 Citam

2187 5357 2313 5430 [ms.
2341 5358 2405 5414 G.
2442 5368 2495 5414 et
2521 5360 2632 5424 ed.,
2665 5357 2975 5431 Chaunum],
3006 5363 3254 5417 terribilia
3295 5365 3348 5417 in
3395 5367 3527 5419 mari
3571 5367 3765 5424 Rubro.

2183 5447 2368 5518 Magna
2399 5449 2596 5504 crescit
2635 5464 2800 5520 super
2853 5451 3071 5507 .ludznos
3113 5452 3398 5510 oblivionis
3445 5455 3680 5524 invidia;
3716 5468 3764 5513 ut

2180 5539 2323 5606 quod
2359 5539 2678 5595 beneﬁcium
2709 5543 2762 5596 in
2791 5552 2970 5599 mente
3000 5543 3203 5599 habere
3225 5544 3550 5613 potuissent,
3574 5549 3764 5617 quibus

2183 5631 2428 5688 liberatio
2455 5649 2552 5689 sua
2600 5635 2654 5692 in
2704 5636 2964 5693 memoria
3007 5651 3324 5710 permanere
3347 5653 3454 5695 nou
3481 5641 3670 5696 valuit.
3705 5642 3762 5697 Et

2183 5740 2252 5785 ne
2277 5735 2554 5798 putaretur
2592 5739 2834 5800 parvum,
2866 5731 3010 5802 quod
3043 5731 3111 5786 ab
3156 5731 3338 5787 animo
3367 5731 3652 5790 videbatur
3676 5753 3737 5789 ex
