4062 6344
163 368 273 423 761

1137 359 1507 419 EXPOSITIO
1544 358 1609 416 IN
1648 355 2110 416 PSALTERIUM.
2154 359 2348 417 PSAL.
2389 361 2501 417 CV.

3362 361 3469 418 7C2

170 487 409 549 ciosum,
434 480 592 546 dicit,
622 476 919 550 magnalia;
948 490 1070 547 qum
1095 475 1199 533 etsi
1229 491 1327 547 pro
1355 476 1639 533 beneficiis
1660 475 1773 531 col-
1801 474 1855 541 Α
1877 482 2232 543 occupantur,
2256 473 2361 530 alia
2388 473 2647 531 exaudire
2667 488 2775 530 non
2805 483 3049 547 possunt.
3083 473 3152 531 Et
3173 482 3299 531 nota
3325 476 3469 545 quod

171 578 300 633 tatis
320 590 353 630 a
382 572 592 645 perlido
617 571 801 627 animo
819 569 1059 626 retinere
1081 583 1186 625 non
1213 576 1481 638 poterant,
1509 578 1660 624 certe
1687 567 1777 623 vel

172 685 282 743 pro
310 670 428 738 ipsa
453 679 635 723 rerum
665 662 1035 734 magnitudine
1062 660 1304 716 recolere
1352 660 1475 732 lius.
1504 657 1546 711 (ἱ
1581 666 1629 711 et
1664 657 1773 722 ed.,

171 759 373 832 recoli}
388 757 712 815 debuerunt.
730 753 953 811 Addidit
969 753 1155 818 etiam,
1178 750 1461 818 mirabilia,
1487 764 1607 820 quae
1630 748 1776 803 nullo

171 852 344 908 unde
373 840 781 914 excusabiliter,
812 844 1059 916 quamvis
1089 842 1373 898 mutabiles
1397 842 1467 897 de
1491 842 1606 896 suis
1625 855 1776 896 men-

173 947 335 1002 tibus
352 942 651 1001 excludere
677 939 1020 996 debuissent.
1049 935 1131 992 Ad
1178 943 1511 1005 postremum
1537 932 1778 988 cumula—

175 1038 257 1091 vit
284 1046 344 1090 et
368 1033 643 1098 terribilia,
674 1045 797 1099 qua
834 1028 1013 1084 solent
1038 1026 1288 1082 humanis
1316 1024 1512 1080 animis
1540 1022 1778 1079 vivacius

177 1129 439 1193 insidere,
478 1138 711 1196 quorum
751 1123 881 1179 dum
937 1134 1102 1191 pavor
1148 1118 1462 1185 revolvitur,
1513 1116 1777 1172 memoria

178 1235 295 1276 non
318 1219 553 1275 deletur.
587 1215 698 1273 Sed
733 1215 910 1286 qualis
936 1213 1026 1269 hic
1051 1222 1261 1282 stupor,
1289 1210 1467 1280 qualis
1494 1221 1777 1265 accusatur

180 1310 423 1366 amentia
444 1346 460 1374 ,
492 1316 551 1363 ut
593 1307 737 1363 inter
764 1316 909 1360 tanta
962 1302 1228 1374 magnalia
1262 1301 1540 1357 declinare
1570 1302 1776 1370 potuis-

180 1410 334 1467 sent,
365 1414 485 1470 qute
505 1413 537 1453 a
564 1406 716 1453 tanto
736 1396 1105 1466 operabautur
1130 1403 1372 1449 auctore.
1398 1393 1466 1448 Et
1493 1391 1780 1448 considera

178 1508 350 1564 quam
398 1493 598 1548 multas
642 1505 735 1548 res
780 1490 1117 1560 singulorum
1163 1489 1447 1544 verborum
1477 1487 1781 1555 adiectione

179 1584 508 1641 cumulavit.
550 1582 684 1651 Quae
732 1582 900 1653 figura
937 1580 1136 1637 dicitur
1166 1581 1408 1644 auxesis,
1438 1579 1492 1634 id
1529 1589 1615 1635 est
1649 1594 1781 1648 aug-

182 1684 435 1731 mentum
488 1673 741 1746 paulatim
782 1672 853 1727 ad
902 1671 1182 1742 superiora
1227 1670 1621 1726 conscendens.
1665 1669 1781 1725 lloc

182 1769 309 1825 sive
355 1768 412 1824 in
463 1767 736 1835 laudibus,
783 1766 900 1822 sive
939 1765 996 1822 in
1035 1764 1520 1835 vituperationibus
1555 1764 1779 1819 omnino

183 1860 536 1931 praevalidum
556 1867 663 1917 est.

214 2004 219 2009 ,
259 1954 416 2008 Vere.
458 1952 553 2007 2:2.
595 1950 667 2005 Et
692 1950 824 2006 dixit
855 1959 912 2004 ut
940 1948 1253 2021 disperderet
1282 1963 1406 2004 eos:
1431 1950 1477 2002 si
1501 1964 1604 2003 non
1630 1947 1784 2019 Moy-

183 2061 263 2099 ses
305 2044 494 2099 electus
540 2045 656 2115 ejus
683 2042 897 2097 stetisset
922 2041 979 2095 in
1023 2041 1376 2109 confractione
1402 2042 1457 2094 in
1506 2050 1780 2111 conspectu

185 2137 323 2205 ejus,
366 2141 425 2187 ut
469 2142 714 2188 everteret
753 2134 886 2187 iram
914 2135 1048 2204 ejus,
1083 2147 1147 2187 ne
1174 2131 1493 2200 disperderet
1521 2146 1625 2186 eos.
1658 2131 1782 2187 Iltec

183 2226 373 2280 omnia
420 2225 594 2281 Exodi
620 2233 802 2280 textus
847 2233 1087 2292 enarrat,
1140 2223 1355 2291 quando
1410 2224 1669 2279 Dominus
1712 2223 1779 2279 ad

183 2318 419 2387 Moysen
446 2317 655 2372 locutus
688 2324 795 2382 est,
825 2324 885 2371 ut
913 2324 1020 2371 tam
1048 2316 1250 2371 acriter
1273 2325 1585 2385 peccantem
1614 2330 1780 2385 popu-

185 2413 303 2467 ltnn
332 2414 413 2468 ira
435 2427 529 2469 sua
558 2426 884 2469 consumere
912 2412 1282 2482 permisisset;
1327 2412 1420 2468 sed
1455 2413 1543 2467 ille
1564 2416 1615 2468 in
1654 2429 1780 2468 ron-

188 2506 463 2575 (rusticae,
496 2505 550 2561 id
576 2518 662 2561 est
690 2506 742 2561 in
774 2505 1073 2576 perditione
1104 2505 1194 2559 illa
1225 2518 1385 2575 quam
1418 2508 1648 2575 populus
1670 2521 1785 2562 mc-

186 2595 411 2650 rebatur
436 2595 715 2667 excipere,
743 2586 895 2652 stetit
921 2604 1106 2650 contra
1147 2594 1435 2650 Dominutn
1461 2597 1648 2651 dicens
1674 2614 1689 2653 :
1720 2597 1783 2653 Si

187 2692 409 2747 dimittis
433 2691 540 2746 illis
569 2701 829 2762 peccatum
848 2733 864 2759 ,
896 2690 1125 2755 dimitte;
1152 2688 1233 2742 sin
1261 2699 1452 2757 autem,
1474 2691 1585 2744 dele
1616 2706 1693 2744 me
1719 2691 1785 2746 de

187 2783 323 2838 libro
353 2792 438 2838 tuo
467 2781 666 2854 (Exod.
699 2798 871 2849 xxxii,
899 2782 991 2851 51,
1024 2780 1138 2853 5‘2).
1170 2782 1217 2837 0
1237 2789 1481 2837 sanctum
1513 2781 1707 2849 virum,
1726 2790 1781 2837 et

187 2876 338 2931 omni
362 2875 528 2932 laude
557 2875 953 2944 dignissimum,
994 2872 1211 2943 quando
1252 2886 1283 2927 a
1335 2880 1520 2927 monte
1555 2871 1684 2928 Sina
1715 2871 1782 2927 ad

188 2976 373 3022 castra
400 2966 699 3030 descendit,
733 2975 786 3021 et
812 2975 938 3020 ante
981 2963 1330 3019 simulacrum
1354 2962 1489 3017 vidit
1530 2963 1782 3032 populum

186 3057 428 3113 nefanda
458 3057 863 3128 gesticulatione
889 3056 1233 3126 gaudentem,
1261 3063 1565 3110 commotus
1592 3054 1783 3109 adver-

187 3165 289 3204 sus
318 3162 418 3203 eos
448 3148 659 3202 tabulas
679 3147 857 3217 fregit,
885 3155 942 3201 et
966 3147 1142 3216 gladio
1161 3147 1479 3201 alterutrum
1507 3145 1666 3215 jussit
1699 3145 1781 3199 itt-

190 3241 401 3307 terfici;
434 3240 529 3297 sed
558 3241 647 3296 ttbi
687 3240 1009 3296 universalis
1033 3240 1311 3294 calamitas
1356 3238 1693 3301 imminebat,
1725 3253 1785 3294 se
1814 3224 1858 3286 C

189 3334 379 3403 potius
426 3342 677 3403 precatur
701 3332 995 3401 exstingui,
1036 3346 1103 3385 ne
1132 3340 1407 3401 pateretur
1446 3340 1662 3401 gentem
1694 3344 1788 3400 ge.

191 3425 455 3480 neraliter
483 3424 644 3495 363
695 3424 939 3479 interire.
973 3423 1271 3493 Utrumque
1304 3423 1471 3492 piunt,
1499 3433 1786 3493 utrumque

192 3517 530 3585 gloriosum;
567 3530 625 3570 ut
676 3518 871 3572 merito
925 3516 1238 3585 loqueretur
1284 3530 1406 3570 cum
1447 3515 1628 3570 divina
1678 3516 1790 3570 cle-

191 3608 420 3672 mentia,
470 3608 563 3678 qui
612 3607 730 3679 ejus
757 3609 946 3664 dilexit
992 3609 1168 3663 facere
1198 3609 1513 3664 constituta.
1538 3608 1705 3663 Simul
1732 3618 1790 3664 et

191 3700 286 3755 illa
319 3700 492 3754 virtus
517 3699 843 3763 ostenditur,
873 3704 995 3768 quia
1042 3699 1291 3767 precibus
1314 3708 1622 3753 sanctorum
1647 3713 1790 3769 θωνα

191 3805 390 3863 pcenas
410 3791 609 3846 debitae
649 3792 839 3845 mortis
868 3790 1181 3855 evadimus;
1231 3805 1337 3845 non
1363 3790 1488 3860 quia
1516 3790 1655 3845 valet
1686 3791 1787 3844 ali-

191 3884 319 3955 quis
350 3883 563 3939 Domini
595 3892 803 3939 mutare
829 3882 1112 3952 disposita,
1144 3883 1257 3948 sed,
1310 3884 1382 3938 ita
1431 3893 1489 3938 ut
1516 3886 1786 3939 eveniunt.

192 3981 266 4035 ab
290 3994 359 4031 co
387 3977 600 4033 noverit
625 3991 748 4033 esse
776 3978 1042 4046 praescita.

272 4073 427 4128 Vera.
450 4071 542 4126 23.
576 4070 642 4124 Et
668 4085 762 4142 pro
791 4069 953 4123 nihilo
992 4068 1275 4123 habuerunt
1304 4077 1493 4123 terram
1517 4068 1786 4122 desidera-

193 4167 394 4229 bilem;
424 4181 524 4217 non
552 4163 876 4218 crediderunt
897 4164 951 4216 in
979 4165 1128 4217 verba
1158 4163 1291 4233 ejus.
1338 4162 1497 4216 Venit
1520 4164 1585 4216 ad
1627 4178 1791 4232 quar-

193 4268 309 4314 tam
342 4257 725 4321 narrationem,
754 4256 807 4310 in
830 4271 931 4325 qua
962 4255 1177 4311 Judteos
1203 4270 1301 4311 nec
1326 4257 1532 4311 futuras
1557 4256 1790 4325 promis-

194 4353 382 4406 s‘ones
409 4348 461 4402 itt
488 4347 668 4401 animo
694 4346 824 4401 dicit
851 4347 1126 4413 habuisse,
1170 4362 1269 4401 nec
1301 4358 1575 4400 transacta
1625 4346 1790 4401 mira-

195 4444 342 4500 cula.
414 4443 541 4498 Ideo
595 4442 738 4497 enim
792 4440 931 4494 nulla
990 4440 1342 4509 videbantur,
1400 4439 1523 4509 quia
1578 4454 1791 4508 semper

194 4535 494 4591 carnaliter
542 4543 599 4589 et
625 4532 739 4588 visa
765 4540 821 4587 ct
847 4533 1028 4586 audita
1073 4532 1405 4601 cogitabant.
1454 4530 1790 4585 Desiderium

1884 568 1988 622 hoc
2017 569 2242 623 verbum
2282 569 2649 625 cxauditionis
2692 570 2969 625 communi
3009 585 3106 625 usu
3134 569 3471 640 supplicibus

1881 668 2115 728 tantum,
2147 677 2252 716 non
2278 662 2648 731 superioribus
2678 663 2999 733 applicatur.
3026 661 3202 728 Unde,
3226 663 3350 731 quia
3380 660 3471 716 bic

1880 750 2014 807 dicit
2058 767 2166 806 non
2205 753 2519 808 exauditam
2549 753 2859 818 Dominum,
2887 761 3104 808 constat
3155 753 3295 807 inter
3341 766 3472 821 pro-

1883 845 2029 913 prias
2048 844 2384 901 elocutiones
2400 845 2693 916 Scriptura:
2715 845 2908 900 divina:
2939 845 3329 899 rationabiliter
3349 858 3472 899 esse

1880 935 2249 992 referendum.
2277 936 2516 1001 Addidit,
2546 938 2599 990 in
2624 937 2959 991 tabernaculis
2986 937 3115 1001 suis,
3144 945 3202 991 ut
3232 950 3339 991 non
3370 935 3469 990 ltoe

1882 1028 2279 1095 laborantibus,
2306 1028 2399 1085 sed
2431 1030 2622 1084 otiosis
2650 1030 2965 1100 contingere
2989 1028 3289 1083 videretur.
3302 1026 3467 1097 Major

1880 1119 2026 1173 enim
2049 1120 2295 1175 criminis
2322 1123 2524 1177 crescit
2551 1120 2772 1189 invidia,
2822 1136 2945 1177 cum
2976 1136 3312 1177 murmurare
3340 1134 3470 1175 con-

1882 1210 2001 1281 tigit
2028 1214 2239 1268 otiosis.

1956 1305 2114 1359 Vet-s.
2170 1306 2263 1362 25.
2322 1306 2390 1361 Et
2432 1307 2644 1362 elevavit
2688 1324 2896 1362 manum
2927 1324 3073 1363 suam
3103 1292 3258 1378 super
3284 1320 3390 1374 eos,
3416 1314 3466 1358 ut

1881 1408 2234 1470 prosterneret
2289 1415 2375 1453 eos
2401 1400 2457 1454 in
2481 1400 2701 1455 deserto.

1954 1490 2110 1545 Vers.
2135 1490 2227 1546 26.
2254 1488 2321 1544 Et
2344 1498 2397 1545 ut
2419 1492 2661 1564 dejiceret
2677 1509 2852 1547 semen
2870 1509 3045 1547 eorum
3072 1493 3126 1548 in
3155 1492 3465 1560 nationibus,

1883 1589 1931 1635 et
1953 1580 2268 1652 dispergeret
2298 1598 2383 1636 eos
2421 1583 2474 1635 in
2520 1583 2834 1653 regionibus.
2890 1583 2985 1637 llic
3010 1584 3214 1652 justitia
3260 1583 3470 1638 Domini

1883 1673 2250 1743 praemittitur,
2313 1683 2372 1729 ut
2420 1684 2603 1730 secuta
2659 1677 2829 1745 pietas
2878 1678 3083 1745 majore
3125 1670 3289 1747 gloria
3350 1693 3469 1733 sen-

1886 1766 2071 1819 tiatur.
2106 1764 2246 1820 Dicit
2274 1766 2417 1821 enim
2448 1768 2815 1823 insnrrexisse
2864 1768 3073 1822 Domini
3130 1777 3469 1837 potestatem,

1809 1848 1858 1908 B
1887 1865 1945 1911 ut
1973 1857 2025 1910 in
2052 1857 2437 1914 excedentibus
2485 1859 2801 1927 vindicaret,
2834 1875 3024 1931 eosque
3053 1862 3106 1915 in
3126 1861 3324 1915 deserto
3355 1878 3468 1926 pro-

1880 1957 2147 2017 sterneret,
2207 1948 2298 2018 qui
2365 1959 2632 2020 praecepta
2664 1951 2875 2005 Domini
2920 1951 3109 2008 audire
3162 1951 3469 2010 noluerunt.

1881 2039 2085 2096 Deinde
2115 2050 2175 2096 ut
2193 2056 2362 2095 semen
2387 2057 2587 2107 eorum,
2624 2042 2675 2096 id
2707 2053 2790 2097 est
2811 2043 3047 2114 reliquos
3081 2058 3268 2099 eorum
3301 2044 3468 2098 ltutni~

1882 2130 2043 2188 liatos
2073 2133 2213 2187 inter
2262 2134 2509 2189 nationes
2542 2131 2818 2202 redderet,
2871 2137 2961 2206 qui
3004 2136 3208 2207 pridem
3255 2138 3469 2205 gloriosi

1882 2223 2093 2278 cunctis
2119 2225 2373 2294 gentibus
2392 2227 2739 2281 exstiterunt.
2770 2226 2852 2282 Ad
2886 2237 3215 2298 postremum
3244 2227 3469 2283 inclina-

1883 2328 1966 2373 tos
1993 2327 2156 2387 atque
2176 2321 2461 2389 despectos
2485 2334 2579 2389 per
2599 2322 2832 2389 regiones
2863 2322 3195 2392 dispergeret,
3225 2337 3293 2375 nc
3319 2322 3468 2391 quid.

1881 2421 2042 2479 quam
2074 2407 2302 2463 ulterius
2327 2410 2396 2465 de
2425 2423 2520 2464 sua
2553 2412 2969 2481 congregatione
2990 2420 3399 2481 pra-sumerent.

1958 2500 2109 2556 νοις.
2131 2501 2222 2556 27.
2257 2500 2325 2556 Et
2347 2504 2631 2558 consecrati
2665 2514 2783 2558 sunt
2812 2502 3145 2578 Beelpltegor,
3177 2515 3225 2559 et
3249 2506 3467 2559 mandtu

1882 2601 2123 2646 caverunt
2146 2592 2406 2662 sacriﬁcia
2434 2604 2774 2648 mortuorum.

1958 2701 2112 2758 Vcrs.
2136 2703 2228 2759 28.
2258 2700 2323 2756 Et
2345 2703 2671 2759 irritareruttt
2700 2721 2813 2759 eum
2828 2706 2880 2759 in
2902 2706 3088 2761 studiis
3108 2707 3236 2773 sitis,
3268 2717 3316 2760 et
3336 2709 3470 2761 mul-

1884 2795 2119 2866 tiplicata
2137 2805 2211 2849 est
2236 2797 2288 2849 in
2309 2796 2384 2850 eis
2412 2796 2588 2852 ruina.
2640 2796 2699 2852 In
2741 2797 2828 2853 bis
2865 2799 3108 2854 versibus
3128 2809 3183 2854 ct
3217 2813 3469 2857 excessus

1892 2897 2085 2968 major,
2115 2905 2171 2953 et
2199 2898 2572 2953 vehementior
2594 2900 2668 2953 ira
2691 2901 3062 2969 subiungitur;
3087 2907 3143 2952 ut
3174 2915 3275 2952 non
3300 2902 3473 2954 solum

1890 2987 1956 3041 ad
1984 2995 2191 3057 tempus
2220 2987 2571 3054 sacrificasse,
2618 2989 2711 3043 sed
2748 2988 2909 3043 etiam
2934 2976 2941 2981 ’
2963 2989 3059 3057 ipsi
3090 3002 3301 3058 quoque
3329 2988 3474 3042 idolo

1889 3081 2128 3150 gentium
2158 3078 2470 3152 Beelpltegor
2517 3081 2799 3135 consecrati
2838 3095 2959 3136 esse
3012 3080 3341 3134 viderentur.
3386 3078 3476 3135 Sic

1892 3171 2033 3225 enim
2058 3172 2109 3224 in
2140 3171 2378 3225 culturas
2407 3171 2709 3226 daemonum
2759 3172 3000 3240 ritusque
3039 3170 3385 3236 transierant,
3420 3176 3476 3224 ut

1889 3265 2000 3337 jam
2030 3279 2136 3318 non
2163 3264 2395 3332 Domini,
2415 3264 2509 3319 seti
2540 3264 2843 3319 daemonum
2874 3264 3018 3319 servi
3042 3276 3160 3317 esse
3182 3261 3473 3331 probaren-

1895 3362 2000 3407 tur.
2028 3355 2391 3410 Pulcherrime
2418 3364 2594 3431 autem
2618 3356 2819 3411 dietum
2842 3364 2945 3420 est,
2971 3353 3225 3421 sacriﬁcia
3251 3360 3476 3405 mortuo-

1893 3440 2030 3508 rumi,
2064 3447 2183 3515 quia
2209 3446 2477 3503 defunctis
2509 3448 2819 3503 hominibus
2853 3447 3089 3517 impendi
3118 3445 3330 3501 cultura
3360 3444 3472 3515 ipsa

1896 3540 2255 3608 probabatur,
2304 3554 2439 3610 quos
2471 3541 2740 3611 gentilitas
2791 3540 3127 3594 immortales
3181 3537 3313 3592 deos
3355 3548 3477 3591 esse

1890 3630 2187 3702 judicabat.
2220 3631 2325 3688 Sed
2372 3635 2593 3688 intende
2646 3633 2878 3689 sollicite
2903 3637 3044 3704 quod
3079 3631 3473 3701 multiplicatam

1894 3722 2102 3775 ruinam
2124 3737 2287 3792 supra
2314 3738 2409 3778 eos
2438 3724 2567 3778 dicit
2603 3724 2796 3794 quibus
2837 3732 2953 3778 erat
2990 3723 3159 3777 sancti
3198 3722 3279 3776 sui
3302 3722 3477 3791 preci-

1893 3812 1993 3867 bus
2018 3812 2338 3882 parciturus.
2366 3814 2495 3868 Illud
2531 3817 2673 3869 enim
2705 3815 2846 3883 quod
2881 3813 3195 3876 debebatur,
3220 3812 3478 3882 multipli-

1892 3914 2071 3961 catum
2104 3907 2238 3960 dixit
2259 3908 2401 3961 mole
2429 3910 2632 3974 peccati
2665 3916 2764 3971 ;ut
2793 3907 2962 3975 major
3006 3907 3157 3959 ﬁeret
3190 3904 3474 3960 clementia

1892 3993 2084 4065 quibus
2106 3994 2443 4049 numerosior
2466 3996 2804 4049 relaxabatur
2832 3994 3056 4048 oll'ensa.

1964 4084 2120 4139 Vers.
2150 4083 2243 4139 29.
2276 4083 2425 4138 Stetit
2459 4083 2613 4155 [mss.
2648 4086 2736 4151 A.,
2773 4084 2855 4151 8.,
2890 4094 2933 4137 et
2965 4078 3118 4152 stetit]
3155 4080 3392 4147 Phinees,
3419 4090 3466 4135 et

1884 4174 2140 4241 exoravit,
2172 4184 2218 4227 et
2239 4175 2447 4228 cessavit
2474 4174 2753 4244 quassatio.

1966 4265 2124 4321 Vcrs.
2148 4265 2236 4320 50.
2272 4263 2340 4318 Et
2361 4272 2651 4335 reputalum
2699 4275 2771 4319 est
2801 4263 2880 4318 illi
2908 4264 2975 4316 ad
3008 4263 3289 4333 justitiam,
3316 4263 3369 4317 in
3393 4278 3477 4335 ge-

1892 4357 2203 4409 nerationem
2227 4363 2273 4409 et
2297 4356 2668 4424 generationem
2698 4370 2853 4425 usque
2896 4355 2948 4408 in
2977 4355 3246 4409 swculum.
3291 4353 3469 4419 Stetit,

1892 4447 2115 4504 verbum
2140 4447 2315 4517 ipsum
2344 4446 2667 4502 soliditatem
2696 4446 2891 4501 mentis
2922 4445 3194 4500 ostendit:
3221 4453 3280 4499 ut
3308 4446 3360 4499 in
3384 4442 3477 4499 illa

1892 4538 2133 4609 generali
2161 4536 2560 4605 perturbatione
2607 4537 2756 4591 solus
2806 4551 2966 4591 ausus
2998 4536 3155 4590 fuerit
3199 4533 3476 4589 conlideno

193 4631 467 4698 siquidem
490 4630 769 4699 corporale
792 4627 900 4682 cito
928 4626 1199 4680 fastiditur
1224 4634 1521 4694 acceptum.
1563 4624 1669 4680 Sed
1698 4623 1794 4678 ad-
1820 4607 1873 4667 D
1897 4607 2024 4686 liam
2054 4628 2397 4699 deprecantis
2419 4644 2719 4682 assumere.
2753 4626 2883 4680 Nam
2907 4641 3027 4679 cum
3058 4625 3266 4693 legatur
3284 4622 3475 4692 (Num.

194 4734 348 4781 verte
392 4737 554 4793 quam
601 4737 789 4792 magna
846 4731 982 4774 terra
1050 4718 1475 4788 intelligentibns
1515 4717 1700 4782 fuerit,
1733 4727 1792 4772 ut

195 4814 554 4871 desiderabilis
583 4829 703 4868 esse
719 4813 1015 4875 diceretur;
1044 4810 1148 4864 illis
1176 4817 1353 4865 tamen
1380 4810 1524 4863 nulla
1545 4810 1655 4863 visa
1684 4819 1787 4877 est,

196 4906 322 4975 quia
356 4904 491 4957 niltil
524 4901 577 4955 in
617 4916 680 4957 ea
709 4901 989 4970 spirituale
1021 4906 1326 4954 senserunt.
1379 4898 1658 4970 Sequitur,
1687 4914 1790 4953 non

196 4997 526 5051 crediderunt
556 4995 609 5048 in
638 4995 783 5047 verba
810 4996 939 5062 ejus.
973 4994 1161 5046 Filium
1193 4991 1480 5059 signiﬁtmt,
1511 4982 1597 5047 cui
1632 4993 1788 5062 plebs

197 5090 586 5149 nefandissitna
642 5104 747 5140 non
802 5086 1072 5139 credebat.
1116 5086 1243 5139 Sive
1292 5086 1395 5141 hoc
1434 5086 1499 5139 ad
1547 5087 1782 5140 litteram

195 5189 558 5251 congruenter
578 5188 812 5249 aptatur,
844 5180 966 5248 quia
990 5178 1110 5232 ideo
1127 5189 1619 5244 tnurnturaveruut,
1645 5179 1788 5248 quod

196 5275 320 5344 ejus
374 5272 821 5341 promissisuibus
885 5271 1107 5324 tnininte
1176 5271 1402 5325 credere
1446 5272 1781 5330 maluerunt.

198 5366 366 5421 Multa
396 5367 537 5421 enim
569 5364 637 5420 de
680 5378 741 5419 se
777 5378 965 5419 eorum
999 5361 1217 5433 perfidia
1249 5362 1375 5417 facit
1411 5363 1655 5432 intelligi,
1692 5364 1786 5419 sed

199 5461 402 5528 ubique
432 5467 615 5515 reatus
639 5468 742 5515 est.

277 5550 430 5605 Vers.
453 5550 545 5605 24.
580 5548 647 5602 Et
676 5558 1118 5603 murnturaveruttt
1155 5548 1208 5602 in
1255 5545 1597 5604 tabernaculis
1638 5549 1788 5615 suis;

204 5658 303 5695 non
330 5643 668 5695 exaudierunt
700 5656 871 5695 uocem
899 5639 1127 5693 Domini.
1168 5639 1301 5694 Dum
1328 5639 1790 5695 tnttrmurationcs

206 5744 481 5803 exercent,
511 5751 681 5788 vocem
712 5735 917 5788 Domini
965 5735 1265 5789 nullatenus
1307 5733 1599 5787 audierunt.
1644 5734 1789 5788 Istud

198 5826 347 5882 'enitn
380 5826 487 5885 illis
510 5829 825 5900 plerumque
857 5828 1139 5897 contingit,
1172 5826 1262 5896 qui
1294 5825 1551 5898 dumaliis
1577 5827 1794 5884 vocibus

1896 4737 2025 4786 xxv,
2068 4722 2124 4785 7,
2156 4720 2213 4789 8)
2269 4719 2377 4773 telo
2441 4719 2778 4772 transfixisse
2829 4717 3071 4771 Judarum
3125 4716 3214 4784 qui
3270 4713 3480 4768 mulieri

1880 4810 2226 4868 ‘Madianitidi
2252 4819 2439 4864 contra
2484 4811 2706 4863 vetitum
2757 4809 2966 4862 Domini
3008 4807 3362 4872 miscebatur,
3388 4814 3479 4858 ta-

1896 4919 2020 4960 men
2047 4903 2298 4972 quoniam
2344 4900 2448 4956 hoc
2485 4903 2601 4958 zelo
2648 4902 2833 4957 divino
2881 4900 3069 4955 fecisse
3117 4900 3476 4969 cognoscitur,

1896 4997 2072 5053 oratio
2101 4995 2269 5067 magis
2290 4995 2432 5052 dicta
2460 5006 2541 5051 est
2569 5010 2727 5066 quam
2766 4993 3028 5063 Operatio.
3055 4992 3306 5062 Quisquis
3333 4992 3477 5046 enim

1896 5088 2053 5143 bonis
2079 5087 2288 5143 actibus
2315 5097 2625 5156 occupatur,
2648 5093 2856 5140 exorat.
2910 5083 3076 5151 Cujus
3128 5081 3473 5137 homicidium

1896 5196 2003 5235 non
2032 5180 2265 5245 borruit,
2287 5179 2540 5249 quoniam
2586 5177 2837 5232 adulterii
2871 5176 3135 5230 maculam
3162 5174 3473 5229 vindicavit.

1894 5272 1951 5327 ln
1985 5281 2187 5327 tantum
2239 5273 2381 5327 enim
2427 5281 2548 5341 post
2597 5271 2825 5324 effusum
2870 5271 3185 5341 sanguinem
3217 5270 3474 5325 innocens

1889 5363 2008 5429 fuit,
2038 5374 2093 5417 ut
2121 5363 2287 5432 ipsius
2316 5378 2530 5433 quoque
2555 5360 2752 5431 jndicis
2783 5363 3039 5416 meruerit
3066 5377 3198 5416 voce
3240 5361 3467 5417 laudari.

1884 5448 1895 5453 ’
1959 5455 2113 5510 Vers.
2147 5456 2234 5510 3i.
2269 5453 2335 5507 Et
2375 5454 2700 5506 irritaverant
2748 5468 2866 5505 eum
2912 5452 2981 5505 ad
3023 5467 3182 5522 aquas
3220 5451 3478 5505 contradi-

1885 5550 2090 5613 cttonis,
2120 5558 2167 5601 et
2197 5556 2405 5600 vexatus
2440 5556 2513 5600 est
2538 5545 2593 5599 Μ
2598 5563 2743 5616 ayses
2770 5557 2980 5615 propter
2997 5562 3100 5609 eos,
3127 5547 3247 5615 quia
3273 5561 3480 5600 exacer-

1880 5634 2129 5696 baveranl
2158 5639 2395 5704 spiritum
2422 5638 2550 5706 ejus.
2587 5637 2652 5689 Et
2682 5637 2915 5691 distinxit
2955 5639 3007 5690 in
3034 5634 3181 5690 labiis
3208 5625 3337 5691 suis.
3372 5634 3479 5688 Ve-

1882 5734 1969 5787 ‘nit
1995 5734 2057 5783 ad
2084 5729 2319 5800 quintam
2346 5727 2728 5795 narrationem,
2754 5727 2843 5782 ubi
2861 5727 2949 5781 illa
2973 5725 3205 5781 refertur
3225 5722 3475 5791 oﬂ’ensio,

1892 5823 2107 5890 quando
2137 5831 2247 5888 post
2280 5828 2354 5875 tot
2380 5830 2596 5876 ostensa
2625 5818 2882 5875 miracula
2910 5817 3012 5873 sub
3042 5814 3286 5876 nefandis
3327 5827 3476 5871 muro
