4032 6340
518 354 625 412 ’165

1744 346 1813 402 M.
1854 342 2129 402 AURELII
2164 337 2563 401 CASSIODORI

3680 330 3795 388 τα.

527 465 916 525 mutationibus
938 477 1073 535 aqua
1109 460 1418 534 petebatur,
1440 472 1561 531 quas
1581 460 1661 515 sic
1682 456 1920 513 noscitur
1942 469 2105 525 expe-
2130 455 2189 517 Α.
2209 468 2314 508 non
2344 456 2628 523 parcerent
2651 461 2750 521 pro
2775 446 2971 520 quibus
2996 444 3347 517 piiparentes
3362 442 3527 502 etiam
3556 442 3801 503 interﬁcis

528 560 649 622 tita,
690 565 751 613 ut
778 554 1117 611 contradictio
1156 550 1325 621 magis
1348 549 1622 605 videretur
1659 562 1781 603 esse
1807 560 1966 617 quam
2010 559 2107 613 po-

523 646 758 704 stulatio.
790 644 866 699 lbi
902 642 1045 698 enim
1084 640 1315 711 Moyses,
1353 639 1494 694 sicut
1521 638 1576 692 in
1607 636 1744 691 libro
1776 635 1968 705 legitur
1992 632 2107 688 Nu-

524 753 793 797 merorum
822 736 968 807 (Cap.
999 751 1086 803 xx,
1123 734 1242 803 ill),
1267 733 1431 788 nimia
1462 732 1668 790 Iudaici
1698 731 1877 801 populi
1905 730 2106 799 impor-

526 833 752 889 tunitate
780 841 1093 894 succensus,
1127 826 1437 882 dilﬁdenter
1460 824 1739 895 excrepuit
1757 823 1942 879 dicens
1965 838 1980 877 :
2003 822 2110 875 Au-

526 924 631 978 dite
668 936 767 989 me,
800 918 1014 974 rebelles
1041 929 1089 974 et
1115 917 1375 972 increduli
1395 932 1416 971 :
1443 933 1567 971 num
1590 916 1653 969 de
1679 924 1828 985 petra
1849 913 1946 966 hac
1968 911 2110 966 vobis

530 1027 721 1082 aquam
742 1011 1022 1082 poterimus
1051 1009 1276 1080 ejicere?
1302 1008 1421 1075 Quo
1460 1020 1709 1063 sermone
1749 1015 1803 1062 et
1831 1005 1947 1075 ipse
1971 1016 2115 1074 quo-

528 1117 636 1173 que
675 1101 941 1172 peccavit,
968 1099 1059 1170 qui
1109 1099 1219 1170 jam
1251 1099 1417 1154 tantis
1453 1096 1729 1153 miraculis
1768 1093 2111 1165 prazacceptis

530 1208 638 1248 non
692 1190 923 1248 credidit
980 1189 1265 1245 Dominum
1325 1204 1447 1260 quae
1490 1188 1620 1245 fecit
1666 1200 1788 1244 esse
1823 1185 2110 1240 iacturum.

526 1282 682 1351 Quod
709 1268 913 1337 dictum
941 1281 1091 1335 labiis
1119 1281 1226 1335 suis
1255 1296 1284 1335 a
1335 1281 1517 1351 priore
1551 1277 1855 1336 constantia
1892 1275 2111 1330 omnino

532 1375 771 1431 distinxit
798 1383 958 1443 atque
984 1376 1276 1444 separavit,
1302 1374 1519 1443 quando
1542 1370 1683 1427 istud
1704 1368 2116 1440 ambiguelocu-

529 1476 618 1520 tus
684 1473 808 1531 est,
865 1462 993 1519 dum
1069 1463 1164 1518 illa
1230 1463 1530 1519 certissima
1602 1461 1709 1517 ﬁde
1754 1460 2110 1531 promisisset.

531 1554 687 1623 Quod
718 1554 1003 1610 locutionis
1035 1567 1206 1622 genus
1253 1553 1547 1623 Scriptum
1591 1551 1786 1608 divina
1836 1548 2114 1620 proprium

533 1657 658 1700 esse
679 1642 931 1710 dicimus,
959 1641 1173 1713 quando
1201 1641 1305 1698 hoc
1333 1658 1433 1699 nec
1462 1642 1656 1698 litteras
1682 1641 1991 1705 saeculares,
2014 1653 2132 1696 nec-

532 1733 836 1793 communis
886 1748 1014 1790 usus
1065 1743 1303 1790 exercet.
1319 1730 1427 1789 Hic
1450 1742 1627 1789 autem
1658 1733 1891 1804 Moyses,
1916 1732 2117 1788 sancti-

2207 560 2315 601 IIOII
2343 552 2610 600 recusant.

2280 635 2443 691 Vera.
2457 636 2547 692 56.
2581 634 2727 699 Quos
2747 629 3158 700 sacriﬁcaverunt
3176 630 3497 701 sculptilibus
3514 627 3801 689 ειισιιια..

2277 725 2428 781 Vera.
2460 724 2551 781 57.
2577 722 2649 778 Ει
2673 723 2939 793 inmrfecta
2964 729 3041 779 est
3070 732 3210 777 terra
3233 720 3290 775 in
3336 721 3712 794 sanguinibus,
3735 733 3803 778 et‘

2205 817 2551 872 contaminata
2575 824 2652 869 est
2693 815 2747 868 in
2776 814 3014 886 operibus
3044 828 3218 868 eorum
3236 827 3260 875 ;
3304 813 3619 883 etforttieati
3665 821 3782 867 sunt

2207 909 2262 964 in
2305 906 2741 964 obseruationibus
2787 907 2916 961 satis.
2944 905 3135 962 Adhuc
3176 904 3233 961 in
3262 905 3376 975 ipsa
3401 906 3597 962 auxeai
3622 904 3679 960 in
3707 906 3805 962 his:

2208 998 2429 1053 duobus
2460 996 2710 1052 versibus
2757 1003 3096 1065 perseverat;
3137 994 3280 1066 quod
3325 994 3552 1053 schema
3586 994 3791 1057 'Graee

2211 1092 2411 1148 dicitur
2457 1091 2678 1159 climax,
2723 1089 2916 1146 Latine
2956 1088 3238 1160 gradatio,
3269 1090 3405 1160 quia
3443 1103 3547 1159 per
3592 1090 3801 1161 gradus

2213 1183 2501 1254 quosdam,
2534 1182 2649 1237 sive
2674 1182 2727 1236 in
2752 1180 2931 1248 laude,
2952 1181 3071 1238 sive
3098 1181 3153 1237 in
3178 1181 3577 1252 vituperatione
3599 1197 3801 1242 sensus

2213 1284 2401 1332 noster
2426 1274 2704 1341 ascendit;
2732 1289 2895 1343 quam
2919 1273 3394 1345 proximquidem
3412 1275 3675 1343 diximus,
3694 1279 3795 1335 sed

2215 1380 2324 1423 non
2344 1365 2495 1438 piget
2515 1365 2827 1436 frequenter
2854 1372 3103 1434 repetere
3133 1364 3279 1435 quod
3333 1366 3629 1423 auctoritas
3671 1368 3799 1438 ipsa

2213 1458 2558 1528 cognoscitur
2576 1458 2792 1512 iterare.
2821 1456 3023 1526 thuia
3049 1455 3261 1512 dixerat
3288 1458 3519 1528 ﬁliam
3539 1460 3789 1527 ﬁlium

2213 1566 2311 1621 que
2335 1549 2642 1622 sanguinein
2674 1550 2871 1618 fusum,
2896 1548 3070 1605 adhuc
3097 1550 3296 1605 crescit
3344 1550 3571 1616 invidia,
3619 1552 3788 1610 adhuc

2214 1640 2518 1711 grandescit
2547 1640 2745 1707 scelus,
2772 1640 2993 1711 quando
3018 1640 3108 1696 illa
3138 1641 3471 1697 monimenta
3510 1642 3793 1701 charitatis

2219 1730 2503 1789 horrendis
2529 1730 2869 1802 sculptilibus
2894 1732 3189 1788 sacriﬁcate
3212 1741 3606 1790 memorantur.
3628 1733 3793 1790 Inter-

542 1833 655 1881 tate
676 1832 912 1894 servata,
940 1823 1042 1879 hac
1067 1832 1273 1879 tantum
1298 1824 1493 1879 meruit
1522 1823 1724 1879 ultione
1764 1822 2004 1894 percelli,
2045 1836 2113 1879 ne
2141 1812 2189 1876 Β
2214 1823 2397 1895 fectant
2426 1823 2585 1894 igitur
2611 1830 2798 1877 terram
2837 1822 3086 1879 crudeles
3127 1822 3374 1879 homines
3416 1823 3684 1882 debemus
3708 1842 3791 1883 ae-

537 1916 597 1973 in
627 1923 825 1973 terram
856 1913 1105 1971 introiret
1130 1914 1525 1983 promissionis,
1547 1912 1637 1984 qui
1658 1913 1727 1970 de
1751 1913 1977 1969 Domino
2006 1927 2118 1968 ma-

539 2024 643 2080 gna
671 2007 991 2079 promittere
1017 2022 1123 2063 non
1159 2011 1521 2078 praesumpsit.
1570 2007 1703 2064 Nam
1757 2016 1881 2079 post
1912 2008 2118 2064 obitum

541 2099 662 2166 ejus
683 2113 806 2155 cum
834 2098 901 2154 ad
926 2097 1109 2155 Jesum
1146 2097 1291 2153 Nave
1321 2098 1627 2167 loqueretur
1658 2097 1911 2154 Dominus
1940 2097 2116 2154 dixit:

536 2184 842 2258 Confortare
862 2188 1039 2259 igitur,
1071 2197 1118 2242 et
1142 2196 1249 2243 esto
1264 2187 1499 2244 robustus
1517 2188 1684 2251 valde,
1712 2194 1769 2241 ut
1789 2189 2048 2243 custodias
2070 2198 2121 2244 et

540 2275 704 2347 facias
732 2294 933 2333 omnem
961 2277 1121 2350 legem
1146 2295 1301 2344 quam
1323 2276 1563 2350 praecepit
1593 2278 1684 2334 tibi
1708 2276 1917 2349 Moyses
1949 2294 2122 2336 servus

540 2386 686 2427 meus
711 2370 853 2441 (los.
894 2385 937 2438 ι,
963 2370 1040 2443 7).
1075 2371 1314 2428 Dicenda
1338 2372 1480 2428 enim
1505 2386 1680 2427 servus
1708 2386 1867 2437 meus,
1897 2372 2122 2442 gratiam

535 2461 596 2520 in
623 2476 693 2520 eo
717 2464 983 2520 mansisse
1001 2477 1114 2519 sua:
1141 2464 1355 2535 pietatis
1380 2464 1633 2522 ostendit.

609 2551 764 2608 Vera.
797 2552 886 2609 52.
929 2551 1053 2607 Non
1068 2554 1496 2622 disperdiderunt
1530 2565 1704 2626 gentes
1744 2572 1874 2627 quas
1917 2557 2122 2612 dixerat

538 2640 696 2717 [mss.
722 2645 813 2710 A.,
839 2644 923 2711 B.,
963 2644 1115 2717 dixit]
1146 2643 1399 2701 Dominus
1429 2647 1554 2701 illis.

611 2732 767 2790 Vers.
796 2733 887 2791 55.
926 2732 996 2788 Et
1026 2736 1285 2790 commixti
1307 2745 1424 2790 sunt
1451 2736 1581 2792 inter
1600 2747 1795 2809 gentes,
1843 2747 1891 2794 et
1930 2739 2124 2793 didice-

537 2833 659 2881 runt
688 2842 844 2897 opera
872 2841 1047 2882 eorum
1063 2842 1084 2892 ,°
1125 2833 1175 2881 et
1198 2827 1481 2881 servierunt
1504 2828 1822 2900 sculptilibus
1847 2845 2042 2896 eorum,
2072 2836 2122 2883 et

538 2917 733 2991 factum
771 2927 843 2974 est
876 2918 984 2972 illis
1027 2918 1089 2972 its
1110 2917 1432 2973 scandalum.
1463 2916 1738 2991 Tanquam
1769 2935 1953 2992 parum
1986 2919 2121 2994 [ed.,

539 3010 793 3083 parvum]
821 3009 1009 3066 luisset
1049 3009 1191 3082 quod
1219 3019 1536 3082 peccaverat
1579 3012 1634 3066 in
1657 3012 1871 3068 deserto
1897 3011 2122 3084 populus

540 3098 922 3168 Hebraeorum,
956 3099 1036 3155 sic
1081 3108 1363 3170 postquam
1404 3108 1575 3156 terras
1617 3103 1985 3172 promissionis
2032 3103 2120 3157 in-

2218 1915 2421 1985 cipere,
2447 1913 2539 1983 qui
2567 1927 2631 1969 se
2654 1913 2824 1984 magis
2872 1913 3054 1986 iniqua
3084 1913 3370 1971 devotione
3416 1916 3748 1972 trucidarunt
3772 1920 3803 1983 ;‘

2219 2002 2589 2061 interﬁciendo
2613 2004 2757 2059 enim
2802 2002 2945 2059 ﬁlios
2983 2017 3132 2072 suos,
3180 2015 3288 2060 tam
3332 2006 3545 2062 nefario
3595 2008 3805 2063 scelere~

2224 2106 2477 2168 parentes
2500 2096 2674 2167 potius
2722 2096 3042 2152 videbantur
3082 2098 3371 2167 exstingui.
3399 2097 3633 2169 Tropica
3658 2098 3789 2155 enim

2222 2187 2488 2244 locutione
2508 2186 2742 2257 positum
2777 2195 2862 2243 est
2888 2186 3213 2259 interfectam
3252 2196 3467 2255 terram,
3514 2187 3651 2249 dum
3694 2197 3795 2245 tero

2222 2278 2339 2334 reni
2368 2278 2616 2334 homines
2640 2277 2886 2335 dicantur
2921 2278 3078 2333 malis
3119 2278 3423 2340 actionibus
3468 2279 3793 2349 interrupti.

2223 2370 2487 2442 Exposuit
2521 2369 2668 2427 enim
2720 2369 3173 2440 quemadmodum
3216 2370 3545 2443 iaterleetans
3594 2370 3787 2428 dixerit

2222 2470 2411 2515 terram
2433 2475 2553 2517 cum
2591 2460 2832 2517 carnales
2858 2469 2915 2518 et
2957 2461 3273 2532 insipientes
3308 2463 3551 2533 pessima
3600 2463 3793 2520 fuerint

2222 2555 2435 2610 actione
2463 2553 2718 2611 demersi.
2754 2552 2885 2609 Nam
2917 2552 2996 2609 illi
3042 2554 3281 2624 fornicati
3309 2553 3570 2611 videntur
3611 2554 3669 2611 in
3698 2554 3795 2610 Do-

2226 2644 2393 2710 mino,
2425 2644 2517 2716 qui
2542 2658 2602 2700 se
2625 2642 2940 2700 adulterinis
2963 2644 3430 2715 superstitionibus
3469 2643 3791 2715 polluerunt.

2297 2735 2451 2793 Vers.
2481 2733 2574 2791 58.
2606 2734 2673 2791 Et
2694 2736 2857 2792 iratus
2902 2744 2978 2791 est
3014 2735 3189 2791 animo
3216 2735 3469 2793 Dominus
3502 2737 3560 2793 ia
3604 2736 3805 2807 copula

2221 2842 2337 2893 suo,
2363 2835 2410 2881 et
2437 2826 2759 2882 abominatus
2779 2834 2854 2882 est
2882 2826 3235 2882 hmeditatem
3257 2842 3429 2882 mat.

2294 2917 2453 2975 Vera.
2474 2916 2566 2973 59.
2597 2916 2667 2972 Et
2691 2916 2907 2973 tradidit
2925 2933 3011 2973 eos
3040 2918 3096 2972 in
3119 2933 3303 2973 manus
3328 2918 3545 2978 assiliunt
3555 2958 3577 2986 ,
3611 2927 3663 2975 st
3691 2919 3796 2975 da-

2219 3009 2404 3065 minati
2429 3016 2551 3065 sunt
2572 3024 2754 3065 eorum
2777 3009 2863 3079 qui
2891 3010 3110 3065 oderunt
3135 3024 3240 3067 eos.

2292 3105 2448 3162 Vera.
2490 3104 2585 3161 40.
2628 3103 2698 3159 Et
2734 3104 3105 3161 tribulaserunt
3140 3120 3228 3162 eos
3492 3121 3710 3173 eorum,
3750 3117 3813 3163 et

541 3188 727 3257 travit,
750 3188 949 3246 oblitus
971 3189 1187 3245 Domini
1214 3189 1605 3260 mandatorum,
1646 3207 1767 3248 cum
1793 3193 1905 3248 illis
1927 3208 1987 3249 se
2007 3210 2120 3249 ma-
2146 3178 2192 3242 Ο
2220 3198 2475 3253 humiliati
2499 3206 2618 3252 sunt
2636 3195 2728 3252 sub
2756 3196 2986 3252 manibus
3005 3211 3202 3252 eorum.
3227 3194 3342 3253 Hoc
3363 3210 3579 3267 quoque

541 3280 625 3351 gis
651 3281 896 3352 gentibus
929 3280 1087 3336 vetita
1125 3279 1388 3338 societate
1416 3281 1715 3352 conjunxit,
1746 3298 1880 3354 quas
1908 3292 2122 3355 propter

541 3368 806 3427 idolorum
835 3370 1073 3426 culturas
1097 3370 1177 3426 eis
1204 3370 1376 3427 fuerat
1403 3371 1588 3428 delere
1616 3383 1944 3444 praeceptum
1970 3391 1984 3429 :
2012 3375 2113 3430 ad-

544 3461 737 3519 dentes
764 3462 965 3518 malum
994 3461 1287 3518 sceleribus
1312 3464 1448 3532 suis,
1496 3472 1553 3520 ut
1581 3479 1642 3521 se
1684 3480 1871 3522 eorum
1914 3482 2125 3539 quoque

545 3552 923 3625 superstitione
953 3553 1296 3625 polluerent;
1326 3558 1568 3626 factaque
1590 3555 1695 3612 illis
1719 3568 1795 3614 est
1821 3557 2126 3614 scandalum

545 3645 683 3719 [ed.,
712 3648 765 3703 in
806 3644 1127 3722 scandalum]
1153 3648 1589 3721 repromissionis
1609 3658 1772 3720 terra,
1806 3667 1926 3725 qua:
1956 3653 2129 3710 fuerat

547 3734 603 3794 in
650 3752 900 3811 magnum
930 3738 1241 3810 praemium,
1272 3738 1500 3796 Domino
1531 3741 1814 3814 largiente,
1847 3756 2125 3800 concessa:

546 3824 828 3885 Iliserrimi
856 3827 1153 3894 hominum,
1184 3830 1276 3897 qui
1302 3829 1399 3885 Dei
1431 3844 1625 3887 munus
1674 3830 1725 3886 in
1760 3841 1979 3903 peccata
2008 3849 2129 3891 ver-

547 3926 764 3985 terunt,
794 3926 853 3973 ut
882 3917 1023 3988 quod
1052 3917 1143 3975 ille
1170 3918 1462 3977 donaverat
1487 3920 1553 3974 ad
1582 3921 1829 3991 gratiam,
1861 3922 2129 3980 exceden-

549 4011 692 4068 tibus
722 4012 873 4068 ﬁeret
897 4011 963 4066 ad
991 4012 1221 4070 ruinam.
1262 4011 1353 4069 Sic
1373 4028 1656 4069 monemur
1682 4023 1829 4071 recte
1857 4016 1931 4071 uti
1960 4016 2128 4072 bene-

550 4103 690 4162 ﬁciis
706 4102 885 4160 divina
911 4104 1157 4175 largitate
1168 4104 1445 4161 concessis
1469 4121 1486 4161 :
1516 4120 1584 4161 ne
1616 4108 1784 4177 magis
1809 4108 1933 4164 inde
1949 4123 2134 4178 perea-

550 4211 693 4262 mus,
720 4197 863 4253 unde
890 4196 1149 4253 sublevati
1173 4197 1342 4254 fuisse
1368 4198 1765 4267 cognoscimur.
1809 4200 2128 4256 Scandalum

554 4285 802 4342 Graecum
866 4301 1062 4342 nomen
1118 4297 1237 4354 est,
1290 4287 1599 4359 signiﬁcans
1656 4290 1954 4359 sinistrum,
1991 4291 2133 4360 quod

553 4383 765 4434 mentes
794 4394 980 4435 eorum
1009 4379 1064 4434 in
1091 4379 1279 4434 laevam
1311 4390 1516 4451 partem
1558 4396 1808 4451 perversa
1837 4382 2136 4440 imitatione

554 4470 795 4526 deduxit.

2227 3287 2493 3344 locutione
2514 3285 2715 3342 dictum
2741 3292 2858 3352 est;
2881 3285 3005 3356 quia
3038 3285 3370 3357 perturbatio
3396 3284 3570 3343 animi
3612 3287 3815 3344 cadere-

2228 3391 2338 3434 non
2366 3376 2623 3449 probatur
2649 3376 2705 3432 in
2749 3376 3053 3445 Dominum,
3085 3377 3181 3434 sed
3209 3377 3465 3434 vindicta:
3504 3377 3628 3448 ejus
3662 3380 3803 3435 etei.

2226 3474 2338 3524 tata
2386 3466 2649 3538 potentia,
2700 3465 2931 3522 humana
2973 3467 3360 3525 consuetudine
3399 3467 3479 3524 ira
3516 3467 3800 3525 vocitatur.

2224 3556 2334 3616 Sed
2364 3558 2491 3630 quid
2519 3558 2645 3615 fecit
2663 3558 2833 3615 iratus
2857 3560 2880 3615 τ
2906 3560 3144 3616 Aversus
3166 3568 3250 3616 est
3274 3560 3341 3618 ab
3371 3559 3494 3629 illis,
3520 3563 3671 3631 quod
3696 3577 3805 3618 nta-

2227 3649 2400 3707 lorum
2429 3650 2668 3707 omnium
2696 3658 2907 3705 constat
2934 3658 3258 3706 extremum.
3302 3649 3395 3707 Sic
3430 3652 3653 3720 quando
3681 3651 3805 3708 illud

2229 3740 2371 3813 quod
2401 3742 2643 3797 continet
2666 3739 3001 3809 subducitur,
3030 3754 3251 3799 necesse
3285 3749 3370 3799 est
3391 3751 3449 3797 ut
3473 3755 3665 3800 earum
3691 3760 3807 3814 qua

2227 3836 2569 3892 continentur
2600 3848 2780 3890 rerum
2810 3834 2963 3889 ruina
2990 3833 3232 3903 protinus
3263 3844 3646 3906 consequatur.
3678 3836 3807 3890 Tra-

2229 3926 2328 3984 diti
2372 3936 2496 3982 sunt
2544 3926 2688 3982 enim
2738 3926 3029 3997 opprobrio
3082 3925 3394 3995 servitutis,
3453 3928 3547 3998 qui
3583 3929 3799 3998 gloriar.

2230 4017 2549 4081 videbantur
2570 4018 2623 4074 in
2647 4016 2824 4074 idolis.
2848 4017 3121 4089 Sequitur,
3142 4027 3191 4073 et
3216 4018 3467 4073 deminuti
3487 4028 3608 4075 sunt
3630 4034 3827 4073 coruin-

2230 4112 2360 4185 [ms.
2383 4111 2450 4169 G.
2476 4119 2532 4167 et
2551 4111 2661 4178 ed.,
2690 4107 2783 4181 eis]
2811 4112 2897 4180 qui
2924 4112 3139 4165 oderunt
3176 4126 3285 4166 eos.
3333 4110 3592 4179 Quamvis
3638 4110 3809 4166 omnis

2232 4204 2539 4261 dominatus
2578 4202 2790 4274 gentilis
2823 4202 3068 4258 videatur
3088 4216 3212 4257 esse
3243 4202 3686 4267 molestissimus,
3717 4201 3810 4257 ad-

2241 4293 2398 4364 didit,
2425 4295 2516 4366 qui
2543 4295 2760 4349 oderuttt
2786 4309 2907 4360 eos,
2932 4303 2991 4349 ut
3016 4294 3231 4363 gravius
3264 4300 3404 4350 esset
3428 4307 3551 4349 cum
3585 4293 3811 4348 serviret

2235 4385 2471 4444 infenso.
2495 4384 2668 4441 Nullis
2699 4384 2844 4441 enim
2874 4384 3153 4454 obsequiis
3177 4382 3305 4439 talis
3323 4382 3587 4441 Dominus
3618 4384 3811 4453 placari

2240 4483 2454 4547 potest;
2484 4488 2608 4530 nam
2633 4474 2724 4544 qui
2751 4487 2965 4543 semper
2986 4473 3121 4541 odit,
3151 4486 3367 4544 semper
3393 4472 3561 4527 iratus
3585 4464 3693 4529 est.
3718 4473 3814 4527 De-

629 4558 796 4632 365.
825 4558 981 4616 Vers.
1013 4559 1104 4617 54.
1138 4559 1205 4616 Et
1225 4559 1614 4618 immolaverunt
1656 4560 1795 4630 ﬁlios
1824 4578 1961 4631 suos,
1996 4572 2045 4619 et
2072 4565 2136 4635 βο
2164 4553 2215 4614 Ι)
2242 4568 2404 4637 nique
2424 4566 2544 4623 vide
2565 4566 2692 4633 quid
2712 4564 2971 4633 sequitur,
3012 4573 3059 4621 et
3096 4563 3464 4619 tribulaverunt
3503 4578 3595 4619 eos
3630 4562 3815 4617 inimici

556 4653 656 4710 lias
682 4670 803 4708 suas
832 4654 1116 4709 daemoniis.

628 4743 783 4801 Vers.
817 4743 905 4801 55.
938 4744 1008 4800 Ει
1032 4744 1322 4815 effuderunt
1335 4747 1633 4816 sanguinem
1650 4746 1986 4813 innocentem,
2017 4765 2140 4805 san-

557 4838 762 4909 guinem
789 4838 1015 4907 ﬁliorum
1039 4853 1249 4892 suorum
1275 4847 1325 4890 et
1353 4836 1603 4905 ﬁliarum.
1632 4838 1885 4905 Quamvis
1914 4840 1968 4893 in
1994 4839 2141 4896 Scri-

558 4931 731 5003 pturis
759 4929 955 4986 divinis
983 4929 1213 4984 ell‘usum
1237 4929 1551 4997 sanguinem
1597 4929 1885 4985 humanum
1933 4932 2002 4986 ab
2030 4931 2139 4988 He-

561 5019 724 5075 braeis
752 5020 841 5089 qui
864 5021 917 5075 in
946 5029 1145 5076 terram
1177 5017 1609 5089 repromissionis
1647 5020 1869 5089 ingressi
1904 5030 2050 5089 sunt,
2084 5022 2139 5078 in

560 5107 840 5165 sacriﬁciis
867 5109 1173 5165 daemonum
1218 5123 1325 5163 non
1380 5108 1618 5177 legatur,
1673 5120 1849 5165 tamen
1885 5111 1953 5167 ab
1980 5120 2141 5171 aetate

560 5202 808 5272 sequenti
851 5202 952 5257 hoc
983 5203 1092 5258 ﬁeri
1124 5202 1364 5274 potuisse
1392 5216 1497 5255 non
1540 5200 1762 5256 dubium
1792 5210 1896 5268 est,
1927 5205 2140 5275 quando

552 5300 610 5348 et
643 5306 884 5361 praesens
926 5291 1197 5362 Scriptura
1227 5290 1387 5347 index
1437 5290 1692 5360 probatur
1724 5306 1844 5348 esse
1873 5294 2135 5351 veritatis.

553 5383 626 5441 Et
664 5384 866 5453 inspice
892 5382 1340 5454 quemadmodum
1373 5382 1551 5439 veraci
1599 5383 1867 5440 relatione
1911 5402 2140 5455 peccan-

563 5478 698 5534 tium
728 5485 1081 5546 exaggeratur
1109 5474 1381 5543 iniquitas.
1412 5474 1592 5530 Primo
1618 5475 1763 5529 enim
1785 5476 1921 5531 dixit
1945 5492 1958 5531 :
1987 5475 2143 5545 E/Tu-

567 5569 756 5625 derunt
781 5571 1083 5639 sanguinem
1121 5568 1475 5633 innocentem;
1505 5575 1559 5621 et
1597 5582 1665 5622 ne
1708 5577 2025 5638 putarentur
2052 5584 2147 5624 ex-

564 5662 763 5726 tranei,
791 5661 1018 5728 addidit,
1048 5660 1278 5729 ﬁliorum
1303 5673 1515 5712 suorum
1544 5668 1594 5711 et
1636 5660 1888 5728 ﬁliarum,
1916 5676 2143 5730 quorum

569 5751 715 5811 salus
739 5752 791 5809 in
817 5753 1045 5809 humana
1065 5748 1478 5806 conversatione
1498 5748 1806 5805 dulcissima
1837 5757 1938 5812 est.
1961 5758 2017 5805 ut
2042 5749 2146 5806 illis

2242 4673 2445 4725 eorum,
2483 4666 2530 4711 et
2565 4654 2821 4710 Itumiliati
2871 4664 2990 4710 sunt
3033 4655 3128 4710 sub
3166 4655 3401 4711 manibus
3429 4670 3629 4711 eorum.
3678 4653 3815 4710 Talis

2243 4763 2371 4820 ergo
2397 4747 2705 4802 vicissitudo
2726 4746 3004 4816 recipitur,
3037 4758 3093 4802 ut
3119 4747 3207 4817 qui
3229 4747 3430 4801 amanti
3460 4746 3695 4802 Domino
3714 4760 3817 4801 ser-

2243 4842 2361 4897 vire
2389 4840 2696 4907 noluerunt,
2719 4839 3032 4895 odientibus
3054 4838 3281 4895 inimicis
3303 4838 3449 4909 justo
3460 4838 3675 4909 judicio
3702 4852 3819 4911 prec

2243 4936 2498 5000 harentur
2517 4950 2639 4991 esse
2659 4935 2906 5004 subjecti.

2313 5028 2470 5085 Vers.
2501 5028 2597 5083 ﬂ.
2628 5027 2780 5097 Stepe
2812 5027 3038 5082 liberavit
3070 5043 3174 5082 eos.
3212 5025 3327 5095 Ipsi
3349 5033 3523 5081 autem
3552 5022 3819 5079 exaret-bo

2240 5127 2416 5173 uerunt
2434 5133 2552 5173 eum
2571 5116 2629 5171 in
2650 5117 2867 5172 consilio
2886 5132 3001 5186 suo;
3028 5126 3076 5171 et
3109 5116 3367 5173 humiliati
3387 5122 3509 5171 sunt
3551 5114 3609 5169 in
3645 5111 3823 5183 inimu-

2242 5207 2432 5263 tatibus
2452 5207 2577 5263 suis.

2317 5295 2470 5352 Vers.
2510 5295 2603 5351 42.
2647 5295 2716 5351 Et
2753 5298 2974 5370 respexit
3013 5314 3097 5353 eos
3124 5315 3243 5354 cum
3282 5296 3689 5363 tribularentur,
3718 5310 3841 5350 cunt.

2246 5384 2516 5439 exaudiret
2549 5386 2832 5441 orationem
2858 5402 3055 5441 eorum.
3090 5386 3296 5457 Duplici
3324 5386 3485 5441 modo
3506 5386 3597 5442 hic
3623 5384 3825 5441 iniseri-

2236 5474 2428 5539 cordia
2460 5475 2763 5531 Divinitatis
2795 5476 2928 5549 [ed.,
2954 5474 3189 5549 Domini]
3215 5476 3523 5548 exponitur.
3562 5472 3825 5533 Przmisit

2247 5564 2531 5633 beneﬁcia,
2562 5574 2623 5621 et
2648 5565 2879 5622 humana
2907 5582 3015 5623 non
3044 5567 3280 5624 cessavit
3317 5567 3613 5640 iniquitas;
3656 5565 3825 5624 intulit

2248 5657 2560 5725 vindictam,
2591 5667 2643 5714 et
2672 5658 2885 5715 afﬂictis
2912 5658 3103 5715 iterum
3130 5657 3346 5731 dignata
3374 5668 3459 5716 est
3496 5659 3706 5716 donare
3723 5658 3825 5713 cle-

2250 5749 2547 5818 mentiam;
2580 5757 2637 5807 ut
2662 5749 3022 5830 intelligamus
3041 5748 3214 5822 ipsum
3240 5756 3297 5807 et
3320 5749 3458 5807 bona
3479 5748 3837 5821 praemittere,
