4090 6346
371 328 469 385 165

1320 319 1689 379 exrosmo
1726 322 1793 380 IN
1833 309 2295 381 assumatur.
2341 322 2532 382 essu
2573 307 2703 379 cvi.

3525 323 3632 380 766

364 449 421 497 et
446 437 729 511 flagellatis
756 437 932 494 denuo
976 435 1280 493 subvenire.
1310 435 1425 490 lloe
1452 435 1595 490 enim
1626 435 1677 490 in
1711 436 1793 490 his
1826 450 1945 492 ver-
1978 439 2027 496 Α
2057 435 2137 489 bis
2169 435 2434 491 similibus
2455 444 2508 490 et
2527 432 2816 489 virtutibus
2843 431 3136 492 indicatur.

364 531 514 586 sibus
541 528 769 598 reperis,
801 527 847 581 si
877 526 1164 596 diligenter
1195 525 1447 579 intendis.

436 620 596 676 Vers.
617 618 708 675 45.
741 617 806 671 Et
830 633 1021 672 memor
1047 615 1144 686 fuit
1178 614 1464 669 testamenti
1495 615 1596 681 sui,
1645 624 1690 669 et
1719 613 1952 684 paenituit

363 731 478 770 eum
498 713 780 767 secundum
801 710 1178 764 multitudinem
1197 707 1560 762 misericordia:
1579 723 1708 760 ante.
1723 707 1950 760 Causam

364 807 496 864 dicit
523 819 690 876 quare
718 804 877 860 fuerit
909 801 1237 857 lsraeliticus
1283 798 1531 869 populus,
1585 812 1707 852 cum
1756 797 1952 866 saepius

366 907 640 973 peccaret,
670 899 920 963 auditus;
964 909 1063 950 nec
1091 908 1259 961 usque
1290 893 1356 947 ad
1398 891 1753 962 perditionem
1796 889 1952 943 debi-

366 1001 478 1048 tam
509 990 720 1046 Domini
751 988 1098 1046 miseratione
1142 985 1488 1056 pervenerit;
1523 990 1741 1052 propter
1775 980 1956 1035 Testa-

366 1093 592 1141 mentum
620 1082 823 1138 scilicet
842 1094 1036 1136 novum
1057 1077 1200 1149 quod
1225 1083 1310 1133 est
1334 1085 1616 1142 aeternum,
1633 1075 1719 1130 ubi
1743 1073 1954 1128 Domini

369 1176 630 1234 adventus
665 1173 856 1237 elusit,
901 1173 991 1242 qui
1039 1173 1182 1229 nulla
1240 1169 1587 1229 successione
1637 1167 1955 1223 mutabitur.

369 1267 492 1338 Ipse
521 1267 664 1324 enim
695 1266 994 1336 promissus
1025 1272 1110 1320 est
1137 1263 1395 1332 Abrahae,
1425 1261 1553 1334 quia
1579 1260 1648 1317 de
1687 1259 1805 1330 ejus
1841 1267 1958 1314 erat

366 1358 578 1415 semine
608 1357 942 1419 nasciturus;
973 1353 1076 1409 hoc
1101 1363 1218 1410 erat
1245 1351 1620 1409 absconditum
1649 1349 1703 1405 in
1726 1349 1960 1418 prophe—

367 1452 458 1518 tis,
481 1450 577 1507 sed
607 1449 883 1520 Evangelii
909 1458 1154 1518 tempore
1197 1446 1496 1503 revelatum
1541 1453 1648 1500 est.
1706 1442 1956 1498 Paenituit

365 1555 571 1611 autem,
601 1560 751 1601 more
778 1542 1132 1598 humanitatis
1161 1541 1413 1607 edicitur,
1455 1555 1576 1611 quae
1602 1539 1730 1593 dum
1783 1535 1960 1607 pomi-

367 1644 488 1701 tet,
518 1636 797 1692 consuevit
823 1643 1038 1689 mutare
1085 1632 1431 1702 dispositum.
1477 1628 1634 1699 Apud
1669 1627 1955 1683 Dominum

364 1727 509 1783 enim
537 1736 726 1782 cuncta
764 1725 928 1782 certis
972 1723 1148 1780 modis
1190 1722 1438 1778 ordinata
1483 1721 1823 1785 discurrunt;
1856 1731 1954 1773 nec

2129 527 2279 583 Vcrs.
2311 530 2404 584 47.
2435 527 2740 582 Benedictus
2773 525 3020 583 Dominus
3037 526 3180 584 Deus
3211 524 3381 582 Israel
3399 525 3641 582 assecuta

2053 628 2100 673 et
2130 635 2289 689 usque
2311 621 2362 674 in
2384 621 2650 684 saxulum;
2667 629 2716 672 et
2739 619 2870 672 dicet
2895 620 3058 674 onanis
3080 619 3332 691 papulas.
3365 617 3503 685 Fiat,
3525 618 3640 686 ﬁat.

2055 710 2182 766 Hmc
2235 721 2319 766 est
2369 711 2484 766 laus
2535 727 2693 780 quam
2729 712 3005 782 superiore
3072 725 3232 766 versu
3284 719 3640 782 congregatus

2054 802 2256 870 Optavit
2287 802 2510 871 populus
2540 801 2655 874 [ms.
2702 800 2769 857 G.
2811 811 2858 856 et
2907 802 3016 869 ed.,
3061 812 3410 872 congregatos
3441 804 3643 870 optavit

2056 898 2303 972 populos]
2331 913 2640 970 personare.
2673 901 2784 956 lloc
2806 899 2972 956 etiam
2996 914 3136 953 nunc
3166 908 3350 954 sancta
3372 899 3510 954 canit
3540 898 3642 954 Ec-

2056 995 2241 1061 clesia,
2272 1010 2392 1066 quae
2413 1011 2474 1052 se
2495 995 2563 1051 de
2594 1003 2742 1050 tanto
2779 996 2923 1051 bono
2955 994 3206 1064 praesenti
3233 1004 3474 1062 tempore
3513 1007 3644 1047 con-

2055 1085 2282 1140 solatur.
2307 1085 2413 1141 Sed
2452 1085 2554 1140 hoc
2579 1084 2710 1140 dicit
2739 1085 2806 1141 ab
2844 1085 2947 1140 isto
2982 1084 3182 1139 saeculo
3219 1099 3389 1154 usque
3419 1084 3482 1137 ad
3512 1081 3642 1138 illud

2057 1177 2652 1251 perpetuumsmculum
2681 1190 2803 1231 esse
2852 1175 3155 1231 faciendum
3177 1217 3192 1239 ,
3221 1183 3278 1230 ut
3325 1175 3640 1230 continuata

2058 1269 2173 1324 laus
2229 1283 2500 1339 nunquam
2540 1259 2734 1324 debeat
2759 1268 2963 1324 habere
3011 1267 3310 1323 fastidium.
3361 1267 3468 1324 Sed
3516 1281 3641 1323 cum

2059 1358 2343 1428 praedictos
2371 1359 2602 1430 hymnos
2630 1359 2861 1415 devotus
2883 1358 3189 1414 Judaeorum
3214 1358 3438 1428 populus
3461 1366 3641 1425 canat,

2059 1449 2180 1520 quis
2207 1459 2292 1506 est
2330 1451 2432 1506 iste
2466 1451 2601 1505 alter
2627 1450 2718 1521 qui
2763 1451 2931 1505 dicit:
2963 1449 3106 1515 Fiat,
3140 1451 3255 1520 ﬁat,
3308 1449 3513 1504 scilicet
3562 1449 3640 1520 (ut

2060 1543 2189 1596 mihi
2220 1543 2453 1614 videtur)
2483 1543 2710 1614 populus
2743 1543 2832 1599 ille
2879 1543 3121 1612 praeputii
3147 1551 3250 1609 est,
3297 1544 3388 1613 qui
3415 1557 3482 1598 eo
3506 1555 3640 1599 tem-

2061 1650 2191 1706 pore
2223 1636 2274 1691 in
2305 1635 2410 1692 ﬁde
2439 1651 2546 1692 non
2570 1643 2708 1701 erat,
2741 1635 2955 1706 quando
3004 1634 3240 1703 psalmus
3269 1633 3369 1688 iste
3403 1633 3638 1688 caneba-

2063 1737 2180 1794 tur;
2233 1730 2321 1799 qui
2375 1737 2552 1784 tamen
2604 1729 2898 1799 prephetite
2941 1728 3138 1782 virtute
3163 1727 3370 1782 futurus
3403 1725 3638 1780 introdu-

365 1820 567 1891 aliqnid
593 1834 793 1875 novum
825 1827 1011 1874 contra
1043 1816 1436 1888 prrescientiam
1459 1814 1575 1884 ejus
1600 1814 1801 1878 evenit,
1824 1813 1952 1868 dum
1986 1807 2030 1868 Β
2061 1832 2178 1875 ctus
2211 1830 2316 1888 est,
2349 1829 2404 1875 ut
2430 1835 2617 1876 amore
2665 1819 3028 1876 universitatis
3055 1819 3258 1873 diceret
3284 1836 3295 1872 :
3331 1815 3476 1881 Fiat,
3529 1818 3638 1885 ﬁat.

364 1913 545 1968 omnia
587 1927 708 1981 quas
747 1921 870 1966 sunt
911 1909 1160 1967 facienda
1209 1909 1507 1979 cognoscit.
1542 1907 1777 1965 Necesse
1807 1907 1952 1963 enim

363 2003 467 2058 fuit
493 2014 552 2058 ut
579 2003 734 2058 nobis
762 2012 948 2058 nostro
979 2016 1134 2058 more
1187 2002 1522 2072 loqueretur,
1566 2001 1658 2071 qui
1705 2010 1951 2056 naturam

361 2095 726 2161 mortalitatis,
756 2104 817 2150 ut
843 2110 943 2151 nos
974 2095 1026 2149 in
1069 2103 1333 2150 internum
1378 2094 1697 2159 vivificaret,
1743 2110 1953 2150 assum-

363 2189 489 2260 psit.
515 2188 621 2245 Sed
648 2188 934 2244 considera
963 2187 1088 2258 quia
1117 2189 1215 2242 ista
1239 2186 1553 2256 poenitentia
1586 2185 1793 2240 Domini
1824 2196 1952 2242 tunc

366 2280 486 2336 ﬁeri
517 2280 734 2345 dicitur,
759 2278 977 2350 quando
1003 2287 1060 2334 et
1103 2292 1201 2333 nos
1248 2276 1574 2347 ptenitentes
1602 2291 1723 2332 esse
1751 2291 1951 2347 cogno-

363 2373 486 2429 scit.
519 2372 664 2429 Talis
689 2372 833 2428 enim
865 2370 1020 2426 nobis
1051 2370 1145 2426 ille
1187 2369 1448 2436 efficitur,
1489 2369 1674 2439 quales
1702 2383 1800 2423 nos
1849 2368 1949 2425 sibi

361 2478 484 2520 esse
506 2464 835 2534 probaverit.
869 2461 1108 2532 Addidit,
1134 2462 1416 2518 secundum
1448 2459 1827 2514 multitudinem
1855 2461 1952 2514 nti-

360 2556 655 2615 sericordite
679 2569 808 2610 sure.
836 2553 953 2624 Ipsa
978 2562 1066 2610 est
1085 2568 1205 2624 qua:
1236 2563 1432 2608 cuncta
1460 2561 1680 2622 peccata
1710 2561 1947 2621 superat,

360 2645 478 2716 ipsa
506 2660 630 2714 quae
660 2660 830 2714 usque
859 2644 926 2699 ad
954 2654 1196 2700 nostram
1247 2659 1466 2699 carnem
1503 2643 1690 2699 venire
1735 2645 1948 2714 dignata

358 2742 466 2790 est.
503 2731 786 2787 Multitudo
813 2733 955 2788 enim
986 2733 1352 2787 misericordia:
1396 2733 1543 2802 juste
1594 2733 1807 2798 dicitur,
1854 2748 1948 2803 per

357 2841 520 2896 quam
548 2826 775 2881 mundus
805 2825 1046 2881 noscitur
1077 2841 1197 2882 esse
1227 2827 1511 2882 liberatus.

431 2916 586 2972 Vers.
618 2916 708 2972 44.
741 2915 810 2970 Et
839 2917 975 2972 dedit
1001 2932 1085 2971 eos
1104 2917 1158 2971 in
1175 2918 1568 2983 misericordias,
1599 2919 1652 2972 in
1679 2928 1948 2987 conspectu

358 3006 584 3060 omnium
611 3007 701 3074 qui
748 3023 832 3061 eos
873 3016 1132 3075 ceperant.
1180 3005 1248 3061 In
1292 3009 1676 3065 misericordias
1700 3010 1830 3066 dicit
1862 3029 1947 3066 eos

358 3099 526 3163 datos,
557 3097 683 3167 quia
731 3097 944 3153 diversa
993 3098 1383 3154 charismatum
1423 3115 1645 3155 munera
1686 3117 1944 3171 suscepe-

357 3198 499 3244 runt.
529 3189 636 3245 Alii
671 3189 818 3247 enim
843 3189 1147 3260 prophetae,
1194 3191 1285 3246 alii
1338 3193 1593 3262 apostoli,
1625 3193 1718 3249 alii
1743 3204 1945 3266 martyo
1973 3189 2018 3253 C

355 3292 466 3344 res,
489 3279 578 3335 alii
624 3280 962 3336 confessores
985 3296 1048 3336 ex
1073 3281 1188 3352 ipso
1222 3283 1422 3352 populo
1469 3283 1682 3339 Domini
1715 3286 1946 3342 misera-

356 3370 503 3427 tione
535 3372 854 3440 floruerunt,
904 3381 963 3428 ut
990 3374 1211 3429 eosdem
1243 3383 1430 3445 postea
1455 3377 1836 3433 miraculorum
1866 3380 1946 3434 in-

355 3461 487 3518 tuitu
535 3473 924 3520 venerarentur
971 3473 1184 3534 gentes,
1213 3480 1349 3536 quos
1379 3475 1506 3522 ante
1552 3467 1698 3523 velut
1731 3470 1942 3538 abjecta

353 3555 618 3624 mancipia
643 3556 1024 3626 possederunt.
1060 3557 1188 3615 Sive
1234 3558 1405 3628 magis
1453 3559 1520 3615 ad
1557 3559 1828 3617 diabolum
1858 3564 1942 3620 vel

351 3652 627 3706 ministros
656 3651 773 3722 ejus
803 3650 993 3707 referri
1024 3660 1234 3721 potest,
1264 3660 1524 3708 utcoram
1545 3655 1623 3708 eis
1655 3655 1944 3711 redderen-

355 3753 441 3799 tur
471 3745 645 3812 liberi,
678 3761 905 3816 quorum
955 3745 1221 3813 pravitate
1269 3746 1418 3816 prius
1457 3747 1780 3803 videbantur
1819 3764 1940 3805 esse

349 3834 567 3903 captivi.
600 3833 752 3890 Unde
791 3834 1082 3904 Apostolus
1128 3835 1298 3891 dicit:
1345 3835 1638 3908 Principem
1675 3840 1939 3908 potestatis

348 3929 484 3982 aeris
507 3928 684 3998 hujus,
705 3929 791 3998 qui
817 3939 1060 3998 operatur
1086 3927 1141 3982 in
1169 3929 1292 3997 filiis
1324 3929 1458 4000 [ed.,
1488 3930 1540 3985 in
1569 3930 1726 4001 ﬁlios]
1752 3931 1939 3998 inﬁde—

349 4022 506 4075 litatis
535 4020 750 4091 (Ephes.
784 4036 843 4086 It,
869 4019 925 4091 2)
955 4038 969 4087 ;
997 4029 1050 4076 et
1071 4020 1196 4075 alibi
1223 4039 1236 4074 :
1274 4019 1340 4072 Ut
1368 4022 1669 4090 resipiscam
1694 4039 1724 4074 a
1746 4023 1938 4077 diaboli

347 4114 544 4182 laqueis
573 4114 816 4183 captivati
843 4114 996 4186 [mss.
1039 4116 1131 4180 A.,
1166 4114 1250 4181 B.,
1286 4113 1372 4176 F.,
1405 4113 1563 4184 capti]
1595 4114 1658 4167 ab
1679 4115 1810 4180 ipso
1855 4131 1936 4169 se-

345 4209 570 4261 cundum
593 4207 757 4277 ipsius
782 4207 1099 4261 voluntatem
1137 4207 1155 4277 (
1180 4205 1242 4259 ΙΙ
1271 4205 1406 4259 Tim.
1439 4222 1498 4273 ll,
1525 4206 1645 4276 26).

418 4299 576 4355 Vers.
615 4302 709 4358 45.
760 4299 944 4356 Salvos
976 4301 1057 4370 fac
1087 4317 1201 4369 nos,
1244 4300 1460 4354 Domine
1489 4297 1630 4355 Deus
1659 4309 1852 4367 noster,
1886 4310 1933 4356 et

346 4411 600 4466 congrega
627 4411 720 4450 nos
749 4395 813 4449 de
841 4394 1156 4448 nationibus.

419 4486 574 4541 Vers.
619 4485 707 4541 46.
746 4484 814 4541 Ut
835 4487 1170 4555 conﬁteamur
1191 4486 1388 4541 nomini
1407 4495 1582 4540 sancto
1616 4494 1720 4553 tuo,
1751 4492 1796 4538 et
1821 4486 1933 4558 glo-

2039 1913 2147 1970 'Sic
2211 1914 2479 1984 hodieque
2533 1914 2590 1970 in
2641 1914 2888 1970 ecclesiis
2949 1911 3227 1968 orantibus
3275 1909 3640 1965 sacerdotibus

2057 2004 2413 2076 respondetur
2437 2007 2618 2073 Amen,
2652 2006 2706 2061 id
2735 2015 2839 2071 est,
2865 2003 3010 2059 Fiat.
3043 2004 3131 2060 Sic
3164 2003 3267 2073 jam
3306 2003 3407 2057 illis
3438 2013 3634 2072 tempo

2056 2096 2202 2152 ribus
2231 2095 2334 2166 ipsi
2367 2098 2762 2165 indicabantur,
2795 2097 2883 2167 qui
2915 2112 3054 2153 nunc
3086 2096 3226 2150 idem
3259 2095 3479 2150 faciunt.
3499 2092 3639 2148 Con-

2054 2191 2201 2245 venit
2239 2192 2384 2246 enim
2436 2191 2607 2261 magis
2640 2192 2754 2247 haec
2783 2191 2944 2247 verba
2995 2189 3063 2246 ad
3110 2189 3272 2243 talem
3305 2188 3638 2243 intellectum

2055 2283 2288 2349 trahi-re,
2320 2298 2479 2354 quam
2507 2283 2768 2338 librorum
2817 2281 3294 2338 determinationes
3333 2279 3636 2346 advertere,

2053 2375 2192 2430 sicut
2222 2374 2546 2446 quibusdam
2579 2375 2772 2444 placet.

2594 2483 2864 2539 Conclusio
2893 2483 3092 2553 psalmi.

2123 2575 2402 2632 Cantatum
2418 2583 2500 2632 est
2519 2575 2740 2629 Alleluia
2763 2575 3031 2641 festivum,
3049 2573 3442 2645 responderunt
3455 2573 3634 2630 omnia

2051 2667 2204 2721 titulo
2230 2683 2348 2722 suo.
2385 2667 2516 2721 Nam
2548 2668 2667 2722 licet
2695 2668 2902 2722 diversa
2934 2667 3075 2721 dicta
3108 2666 3252 2732 sint,
3282 2665 3332 2719 in
3367 2680 3526 2719 uuam
3557 2674 3635 2720 ta-

2052 2773 2175 2812 men
2202 2759 2423 2828 gratiam
2450 2767 2698 2825 tanquam
2724 2772 2883 2811 voces
2905 2758 3084 2812 canori
3109 2757 3292 2826 organi
3323 2756 3635 2811 convenisse

2055 2861 2364 2905 noscuntur.
2412 2851 2745 2918 Quapropter
2797 2865 3006 2904 summo
3051 2848 3320 2903 desiderio
3365 2845 3635 2916 supplice-

2050 2958 2192 3007 mus,
2221 2954 2276 2997 ut
2316 2958 2414 2998 nos
2446 2943 2511 2997 de
2561 2943 2898 3012 beneplacito
2927 2944 3027 2997 sibi
3069 2942 3264 3012 populo
3290 2957 3414 2996 esse
3437 2956 3631 2996 concc-

2051 3036 2164 3102 dat,
2195 3037 2285 3106 qui
2328 3036 2395 3091 de
2429 3036 2608 3105 pravis
2649 3046 2822 3104 recta,
2854 3037 2922 3092 de
2949 3037 3145 3092 amaris
3176 3036 3372 3102 dulcia,
3405 3036 3471 3091 dc
3501 3043 3635 3090 tem-

2052 3129 2323 3197 paratibus
2356 3127 2535 3182 facere
2559 3128 2836 3183 consuevit
2867 3137 3098 3194 aeterna;
3149 3135 3415 3198 quatenus
3457 3135 3511 3182 et
3539 3140 3636 3182 nos

2051 3221 2107 3277 in
2148 3220 2368 3276 Christo
2424 3221 2650 3275 Domino
2703 3221 2997 3290 gloriantes
3050 3219 3409 3274 communiter
3455 3217 3636 3273 dicere

2049 3329 2356 3369 mereamur
2387 3331 2399 3366 :
2430 3311 2738 3369 Benedictus
2764 3312 3014 3368 Dominus
3036 3313 3175 3370 Deus
3205 3311 3373 3368 Israel
3391 3329 3424 3366 α
3449 3313 3637 3368 sarculo

2047 3419 2095 3464 et
2123 3427 2282 3482 usque
2303 3410 2358 3464 in
2377 3409 2620 3464 siccatum
2639 3451 2651 3463 .
2685 3410 2993 3465 Meminisse
3015 3420 3191 3464 autem
3205 3406 3465 3463 debemus
3493 3405 3636 3476 quod

2048 3504 2135 3559 hic
2166 3504 2423 3574 psalmus,
2454 3505 2703 3574 quamvis
2733 3504 2948 3573 habeat,
2980 3503 3310 3558 Peccavimus
3338 3519 3451 3556 cum
3476 3500 3634 3573 patri-

2046 3596 2135 3649 bus
2195 3596 2407 3661 nostris,
2459 3597 2649 3668 injuste
2697 3598 2909 3670 egimus,
2943 3597 3262 3667 iniquitatem
3300 3597 3534 3664 fecimus,
3564 3593 3632 3652 ad

2045 3689 2370 3757 ptenitentes
2397 3697 2576 3744 tamen
2605 3705 2710 3744 non
2741 3690 2933 3745 debeat
2955 3689 3234 3759 applicari.
3260 3689 3516 3753 Primum,
3541 3687 3632 3742 cui

2045 3779 2290 3836 festivum
2321 3783 2546 3836 Alleluia
2565 3781 2902 3850 praemissum
2937 3791 3048 3846 est;
3081 3780 3276 3835 deinde
3299 3781 3420 3847 quia
3453 3777 3632 3848 loqui-

2044 3882 2131 3930 tur
2159 3877 2392 3946 populus
2424 3877 2796 3942 Hebraeorum,
2831 3889 2952 3928 cum
2980 3873 3203 3941 singulae
3234 3885 3477 3940 personae
3519 3885 3634 3940 pac-

2040 3967 2334 4021 nitentibus
2384 3966 2618 4030 dentur;
2687 3964 2847 4019 tertio
2897 3964 3015 4031 plus
3065 3962 3343 4016 historiam
3396 3959 3636 4022 continet

2041 4074 2201 4127 quam
2227 4057 2421 4111 delicta
2453 4057 2716 4125 deplorat.
2773 4056 2826 4109 In
2866 4053 3051 4108 multis
3099 4061 3360 4123 praeterea
3409 4051 3634 4120 psalmis

3133 2441 3160 2466 δ

2035 4151 2103 4207 de
2161 4149 2367 4221 peccati
2418 4148 2781 4203 satisfactione
2821 4131 3056 4201 breviter
3086 4144 3293 4199 invenis
3324 4143 3427 4199 dici
3458 4160 3474 4212 ;
3507 4158 3629 4199 cum

2039 4253 2217 4297 tamen
2251 4256 2355 4296 non
2383 4240 2449 4294 ad
2486 4241 2653 4308 ipsam
2685 4254 2903 4293 causam
2932 4238 3219 4291 videantur
3251 4236 3445 4306 aptari.

2336 4352 2702 4410 EXPOSITIU
2742 4353 2806 4407 IN
2844 4350 3169 4408 PSALMUM
3208 4349 3341 4410 CVI.

2714 4449 2962 4504 Alleluia.

345 4581 537 4634 riemur
564 4581 617 4633 in
646 4579 800 4634 laude
829 4590 932 4634 tua.
959 4580 1195 4650 Populus
1226 4579 1317 4634 ille
1343 4578 1428 4633 cui
1459 4580 1528 4633 ab
1565 4578 1720 4632 initio
1740 4578 1932 4648 psalmi
1961 4583 2013 4643 ι)
2111 4568 2372 4638 Quoniam
2399 4564 2640 4635 psalmus
2672 4563 2774 4618 iste
2817 4577 2938 4618 cum
2967 4561 3088 4615 aliis
3130 4559 3340 4615 duobus
3391 4559 3630 4627 superio-

343 4674 502 4729 istius
531 4674 693 4728 verba
726 4672 996 4738 dedimus,
1030 4682 1312 4743 postquam
1357 4686 1416 4728 se
1463 4672 1618 4742 copia
1647 4671 1941 4729 Dominicte

346 4765 521 4820 laudis
555 4764 817 4834 explevit,
853 4775 1000 4818 sexta
1046 4767 1355 4819 narratione
1399 4763 1608 4819 Patrem
1654 4763 1938 4819 Dominum

344 4859 667 4927 deprecatur
705 4866 765 4912 ut
818 4857 1114 4912 Ecclesiam
1147 4872 1299 4912 suam
1332 4856 1399 4911 de
1430 4859 1666 4928 gentium
1705 4873 1930 4928 congre-

345 4949 561 5020 gatione
593 4949 853 5018 perficiat.
880 4949 1012 5003 illud
1050 4963 1262 5018 quoque
1293 4947 1642 5016 snbjungens,
1671 4957 1719 5001 et
1742 4948 1933 5017 gloris-

345 5056 464 5091 mur
492 5041 544 5093 in
572 5041 726 5093 laude
766 5050 874 5103 tua,
907 5055 1012 5093 non
1065 5040 1116 5092 in
1153 5040 1382 5091 humana
1406 5037 1688 5106 jactanlia,
1740 5038 1832 5092 sed
1879 5038 1934 5093 in

345 5140 417 5190 te,
443 5131 533 5185 ubi
565 5142 647 5185 est
673 5146 863 5186 revera
897 5132 998 5183 lixa
1027 5130 1217 5200 gloria,
1245 5141 1299 5184 et
1340 5131 1459 5184 sine
1495 5130 1599 5184 ﬁne
1628 5129 1830 5184 ltetitia.
1866 5129 1935 5184 Et

343 5221 555 5276 intuere
584 5222 726 5291 quod
756 5222 841 5276 hic
869 5221 1080 5276 salvare
1107 5221 1301 5275 dicitur
1324 5220 1480 5283 Pater
1505 5237 1518 5285 ;
1550 5220 1744 5289 legitur
1771 5222 1931 5276 etiam

343 5323 400 5366 et
428 5312 622 5366 Filium
653 5313 888 5379 salvare,
933 5323 991 5368 ut
1011 5323 1094 5368 est
1124 5312 1254 5367 illud
1282 5327 1299 5366 :
1331 5310 1481 5366 Venit
1512 5311 1682 5365 Filius
1712 5312 1931 5366 hominis

341 5390 739 5476 salvum'facere
764 5407 902 5476 quod
920 5407 1142 5478 perierat
1183 5404 1338 5476 (Luc.
1372 5419 1483 5469 XIX,
1518 5404 1630 5471 10).
1672 5404 1935 5458 Prmdica-

345 5507 436 5552 tur
459 5497 622 5552 etiam
655 5500 867 5554 salvan
900 5498 1160 5568 Spiritum
1194 5505 1461 5559 sanctum,
1489 5504 1544 5549 ut
1573 5503 1654 5549 est
1693 5495 1821 5548 illud
1867 5497 1933 5550 ad

340 5590 520 5646 Titum
550 5607 561 5643 :
594 5590 778 5645 Salvos
808 5607 900 5645 nos
926 5592 1045 5660 fecit
1065 5606 1154 5661 per
1176 5588 1437 5647 lavacrum
1465 5585 1864 5655 regenerationis
1885 5597 1934 5638 et

343 5681 691 5734 renovationis
718 5681 878 5752 365
911 5681 1141 5749 Spiritus
1168 5680 1332 5736 sancti
1364 5674 1486 5750 (Tit.
1523 5693 1602 5742 ιιι,
1627 5677 1702 5747 5).
1733 5679 1823 5731 Sic
1855 5679 1933 5731 iu-

346 5769 636 5827 divisibilis
662 5772 944 5830 Trinitatis
969 5774 1246 5843 tequa'itas
1282 5781 1444 5842 atque
1484 5771 1682 5838 unitas,
1727 5778 1784 5825 ct
1811 5784 1930 5826 ver-

2047 4664 2196 4718 ribus
2226 4661 2386 4718 simili
2413 4659 2568 4713 titulo
2611 4665 2959 4726 praznotatur,
2988 4654 3274 4708 convenire
3300 4662 3548 4721 putamus
3576 4661 3631 4708 ut

2041 4768 2152 4810 nos
2177 4767 2392 4822 quoque
2424 4751 2665 4818 ipsorum
2719 4745 3014 4801 relationes
3042 4744 3141 4798 sub
3171 4757 3272 4796 una
3301 4742 3630 4811 expositione

2043 4857 2436 4905 memoremus;
2474 4848 2740 4909 quatenus
2772 4850 2968 4892 munus
3005 4835 3141 4890 tanti
3182 4835 3372 4890 secreti
3428 4834 3631 4888 facilius

2042 4935 2216 5005 possit
2245 4932 2492 5000 intelligi.
2524 4932 2577 4984 In
2612 4931 2787 4996 primo
2813 4927 3039 4983 Alleluia
3085 4926 3494 4980 commendatur
3540 4941 3631 4995 po-

2042 5028 2200 5098 pulus
2223 5025 2560 5092 Judazorum,
2595 5023 2664 5079 de
2688 5037 2795 5092 quo
2827 5021 2972 5076 nulla
2998 5019 3214 5089 querela
3244 5026 3345 5074 est.
3386 5017 3631 5074 Secundo

2040 5139 2138 5180 eos
2165 5129 2580 5186 commemorat,
2632 5117 2724 5189 qui
2756 5119 2808 5172 in
2847 5115 3036 5170 eadem
3087 5124 3248 5184 gente
3287 5114 3630 5171 creberrimis

2037 5215 2429 5271 offensionibus
2453 5219 2792 5274 erraverunt,
2816 5216 2872 5264 et
2898 5207 2964 5262 ad
2985 5207 3193 5263 Domini
3215 5206 3438 5276 gratiam
3470 5206 3629 5276 ipsius

2040 5307 2394 5362 miseratione
2453 5303 2654 5360 reversi
2698 5309 2844 5357 sunt.
2879 5301 2976 5355 Hic
3024 5311 3202 5354 autem
3264 5306 3629 5367 remouetur

2044 5399 2272 5470 populus
2295 5397 2657 5460 Christianus,
2693 5402 2750 5448 ut
2785 5392 2973 5447 laudes
3027 5389 3237 5447 Domini
3277 5404 3375 5458 pro
3421 5387 3628 5443 collatis

2042 5490 2146 5544 sibi
2179 5488 2455 5544 beneficiis
2480 5487 2677 5541 debeat
2723 5498 3033 5554 personare.
3082 5484 3169 5538 Sic
3214 5480 3342 5553 [ed.,
3376 5477 3484 5549 hic]
3511 5479 3626 5533 bre-

2041 5585 2180 5638 viter
2208 5591 2384 5653 potest
2402 5579 2650 5649 intelligi,
2672 5578 2812 5649 quod
2839 5579 2891 5631 in
2921 5590 3242 5646 unoquoque
3265 5589 3451 5630 eorum
3473 5572 3625 5628 debet

2043 5677 2266 5746 inquiri.
2303 5674 2457 5730 Unde
2487 5687 2628 5726 nunc
2675 5671 2936 5742 propheta
2993 5669 3075 5741 (ut
3111 5668 3310 5723 dictum
3353 5666 3458 5732 est)
3484 5676 3623 5716 com-

2045 5778 2222 5824 monet
2251 5767 2505 5838 populum
2523 5763 2913 5832 Christianum,
2927 5762 3019 5834 qui
3037 5757 3250 5818 Domini
3264 5753 3622 5826 redemptione
