4032 6340
499 361 594 419 ῖ67

1711 355 1781 412 Μ.
1823 353 2119 411 ΑυῐῖΕῐιῐῐ
2138 351 2557 413 ΕΑΒΞΙΟΒΟΒΙ

3664 354 3775 412 τες

501 478 730 536 salvatus
756 484 859 542 est.
912 484 971 534 ut
994 473 1300 533 conﬁtendo
1330 470 1599 543 praeterita
1620 512 1636 538 ,
1667 485 1865 527 novum
1892 477 2075 526 cantet
2102 470 2150 529 Α
2180 478 2423 526 ruerunt.
2484 469 2762 541 Signiﬁcat
2790 477 2969 525 autem
3015 467 3323 541 specialiter
3364 466 3764 541 populosgen-

501 572 737 626 Alleluia.
792 569 908 625 Vox
940 570 1038 624 ista
1062 565 1241 621 suavis
1270 573 1373 629 est,
1409 563 1498 619 hic
1518 578 1699 618 sermo
1721 562 1943 618 festivus
1972 574 2075 617 est.

500 662 838 732 Quapropter
858 669 1177 714 veneranter
1204 655 1483 711 audiamus
1512 655 1772 725 stupenda
1791 655 2074 726 magnalia,

501 770 617 826 qua:
650 752 782 810 tanti
807 752 944 808 tituli
980 750 1266 822 splendore
1291 756 1679 818 prrenotantur.

1075 860 1270 915 Divisio
1294 859 1503 931 psalmi.

571 978 700 1033 Post
720 974 969 1033 Hebraici
990 974 1173 1045 populi
1196 972 1612 1040 confessionem,
1635 972 1703 1028 de
1724 971 1914 1042 quibus
1946 985 2082 1039 prae-

503 1072 759 1129 cedentes
799 1069 991 1139 psalmi
1017 1068 1181 1124 locuti
1210 1076 1371 1131 sunt,
1414 1066 1691 1135 propheta.
1716 1064 1862 1119 venit
1890 1062 1953 1115 ad
1990 1076 2083 1131 po-

504 1165 682 1234 pulum
714 1162 1107 1226 Christianum,
1134 1160 1225 1229 qui
1256 1174 1353 1230 per
1391 1160 1561 1228 spatia
1607 1159 1767 1229 totius
1807 1156 1954 1211 orbis
1995 1170 2084 1209 sn-

504 1255 879 1327 perStitionum
911 1252 1204 1308 solitudine
1250 1262 1407 1322 atque
1436 1266 1624 1307 errore
1655 1250 1946 1320 vagabatur
1973 1265 1987 1303 :
2032 1249 2082 1300 in

507 1346 679 1418 prima
712 1343 955 1400 sectione
986 1356 1337 1398 commoneas
1380 1356 1505 1397 eum
1547 1351 1606 1396 ut
1658 1341 1843 1395 laudes
1875 1337 2084 1393 Domini

506 1437 699 1493 debeat
731 1434 1000 1501 conﬁteri,
1028 1434 1281 1504 quoniam
1306 1434 1422 1503 ejus
1440 1431 1679 1503 glorioso
1709 1430 1976 1500 sanguine
1997 1444 2083 1484 re-

506 1528 754 1596 demptus
794 1525 1068 1581 Ecclesias
1108 1527 1338 1593 accepit,
1382 1526 1472 1593 qui
1522 1539 1615 1594 per
1638 1538 1758 1578 aras
1784 1523 2086 1578 daemonum

509 1618 771 1686 lucosque
802 1616 966 1672 stulto
991 1614 1300 1684 rapiebatur
1338 1629 1551 1670 etrore.
1605 1612 1852 1670 Secunda
1888 1614 2087 1682 gratias

510 1710 643 1765 dicit
667 1709 897 1765 Domino
924 1708 1275 1779 peragendas,
1308 1706 1402 1777 qui
1442 1707 1716 1779 gentilium
1750 1708 1962 1761 animas
1995 1723 2087 1762 ve-

430 1792 431 1795 “
513 1800 691 1856 ritatis
718 1801 914 1871 pabulo
935 1800 1175 1871 jejunus,
1207 1800 1478 1869 religionis
1507 1817 1620 1857 sua:
1650 1803 1890 1856 ubertate
1920 1794 2084 1856 satia-

511 1894 604 1959 vit,
648 1902 937 1949 eteorum
995 1894 1206 1949 vincula
1268 1902 1609 1962 peccatorum
1667 1892 2088 1962 inexsuperabili

511 1986 707 2042 virtute
734 1986 953 2055 dirupit.
988 1985 1043 2041 In
1074 1987 1230 2042 tertia
1278 1986 1421 2041 Patri
1462 1986 1664 2057 gratias
1692 1986 1935 2056 prmcipit
1969 2002 2091 2043 esse

511 2079 852 2147 referendas,
882 2081 1006 2150 quia
1032 2080 1291 2136 Dominus
1317 2080 1563 2135 Christus
1613 2080 1938 2147 adveniens,
1971 2079 2090 2149 dia:

511 2172 620 2227 buli
670 2181 853 2244 portas
881 2187 1062 2228 aeneas
1094 2183 1379 2243 vectesque
1434 2172 1640 2229 ferreos
1679 2173 2092 2243 omnipotentiae

511 2276 623 2319 suae
644 2262 924 2334 majestate
967 2265 1253 2335 confregit.
1285 2264 1487 2331 Quarta
1514 2264 1740 2320 Domino
1768 2263 1986 2319 Christo
2009 2279 2095 2319 sa-

512 2354 770 2409 criﬁcium
810 2355 981 2409 laudis
1008 2370 1038 2410 a
1082 2356 1453 2410 sacerdotibus
1502 2364 1809 2410 commonet
1863 2354 2096 2411 offeren-

511 2444 663 2511 dum,
690 2444 780 2513 qui
808 2446 949 2500 inter
997 2446 1180 2501 saeculi
1223 2445 1380 2515 hujus
1435 2445 1857 2501 immanissimus
1901 2447 2094 2502 ﬁuctus

514 2536 878 2593 Ecclesiarum
902 2539 1277 2608 gubernationi
1323 2539 1473 2609 quasi
1521 2540 1839 2609 quibusdam
1872 2542 2096 2597 navibus

514 2631 807 2699 praesidere
834 2641 1127 2687 noscuntur
1156 2650 1172 2688 :
1211 2632 1529 2688 describens
1559 2632 2011 2702 quemadmodum
2042 2642 2097 2690 et

514 2721 751 2791 ipsorum
786 2723 1168 2778 tentationibus
1195 2724 1365 2780 virtus
1388 2722 1564 2777 divina
1596 2724 1884 2780 subvenire
1908 2724 2068 2795 digna

514 2819 622 2867 tur.
655 2812 850 2879 Quinta
881 2815 1067 2868 iterum
1099 2814 1232 2869 dicit
1260 2830 1291 2869 a
1311 2815 1681 2871 sacerdotibus
1716 2827 1769 2871 et
1793 2818 2095 2873 senioribus

514 2901 801 2959 Dominum
832 2919 953 2961 esse
982 2906 1333 2976 laudandum,
1360 2910 1447 2977 qui
1475 2908 1809 2979 squalentem
1841 2909 2095 2965 mundum

514 2995 767 3051 ariditate
796 2998 998 3065 peccati
1029 2997 1083 3053 in
1124 3000 1548 3053 ammnissimam
1574 2999 1962 3069 iucunditatem
1989 3018 2099 3058 cte-

514 3082 641 3141 lesti
668 3101 890 3143 munere
913 3090 1296 3153 commutavit;
1326 3089 1466 3159 quod
1505 3090 1747 3145 videntes
1771 3093 1901 3146 recti
1935 3092 2098 3147 corde

516 3175 685 3231 nimia
711 3176 1071 3232 exsultatione
1115 3177 1441 3247 gaudebunt.
1474 3178 1606 3233 Illud
1630 3191 1811 3235 autem
1845 3183 2095 3237 conside-
2128 3218 2175 3281 C

515 3268 743 3325 randum
768 3277 871 3338 est,
898 3269 1038 3339 quod
1064 3269 1330 3339 praedicta:
1360 3280 1539 3341 partes
1563 3271 1830 3327 similibus
1858 3274 2100 3330 versibus

518 3359 776 3417 Inchoare
805 3369 1121 3417 noscuntur.
1158 3361 1308 3428 Quod
1360 3377 1530 3432 genus
1576 3364 1832 3419 carminis
1870 3381 1899 3419 a
1933 3367 2099 3434 magi-

520 3450 654 3508 stris
676 3451 1027 3507 saecularibus
1054 3452 1373 3508 intercalare
1397 3455 1661 3509 vocitatur
1692 3473 1705 3509 :
1739 3456 1826 3510 ubi
1858 3458 1992 3511 adeo
2016 3472 2101 3512 re-

525 3542 716 3614 petitio
738 3543 925 3600 crebra
956 3544 1280 3613 geminatur,
1309 3553 1370 3599 ut
1408 3546 1710 3601 necessaria
1753 3547 2102 3603 commonitio

521 3634 787 3705 frequenti
831 3635 1150 3706 repetitione
1196 3634 1490 3690 dulcescat.
1728 3622 1731 3629 ’

1054 3748 1321 3821 Expositio
1345 3748 1549 3819 psalmi.

595 3863 750 3921 Vers.
780 3865 832 3920 ι.
861 3858 1181 3933 Canﬁtemiui
1206 3863 1446 3928 Domino,
1480 3864 1721 3932 quoniam
1765 3864 1946 3931 bonus,
1977 3879 2103 3930 quo—

519 3957 667 4012 uiam
692 3958 745 4011 in
773 3955 1018 4010 steculum
1047 3956 1394 4009 misericordia
1445 3959 1581 4026 ejus.
1619 3954 1927 4009 l’rtevidens
1973 3970 2098 4023 pro-

521 4047 683 4117 pheta
698 4047 953 4117 populum
980 4045 1343 4101 Christianum
1375 4046 1605 4100 adventu
1634 4044 1843 4098 Domini
1877 4045 2100 4115 gratiam

520 4146 943 4207 percepturum:
996 4152 1062 4191 ne
1093 4138 1382 4192 securitate
1440 4137 1569 4190 tanti
1630 4137 1868 4192 beneﬁcii
1924 4137 2100 4205 aliqua

528 4227 853 4296 negligentia
899 4226 1216 4290 lentaretur,
1253 4238 1559 4283 commonet
1608 4243 1729 4283 eum
1775 4238 1827 4283 et
1879 4228 2103 4299 prodere

521 4324 743 4387 peccata
781 4331 899 4380 sua,
932 4324 988 4371 et
1014 4318 1199 4374 laudes
1229 4319 1434 4372 Domini
1466 4334 1759 4387 personare
1791 4338 1802 4373 :
1836 4322 1959 4389 quia
2001 4320 2104 4374 hoc

521 4408 768 4474 verbum,
801 4407 1051 4477 conﬁteri,
1086 4408 1150 4462 ad
1200 4419 1483 4477 utrumque
1529 4410 1764 4463 diximus
1805 4411 2097 4478 pertinere.

521 4496 623 4554 llle
650 4499 792 4553 enim
824 4499 1093 4569 praeconia
1127 4499 1334 4553 Domini
1378 4500 1689 4555 salutariter
1734 4503 1978 4568 assumit,
2012 4503 2101 4571 qni

2183 561 2336 622 tium,
2370 561 2459 631 qui
2491 564 2749 633 sanguine
2774 562 2981 617 Domini
3008 562 3294 632 redempti,
3320 560 3464 617 etde
3498 569 3769 629 potestate

2181 648 2379 706 diaboli
2406 652 2571 720 ipsius
2608 654 2953 709 miseratione
2978 654 3172 708 sublati
3208 663 3356 708 sunt.
3406 653 3583 708 Tanta
3626 656 3768 710 enim

2181 743 2372 800 duritia
2404 746 2584 815 rigens
2609 755 2770 815 atque
2789 747 3003 815 stupida
3028 761 3216 801 manus
3260 745 3407 801 illius
3435 745 3560 811 fuit,
3585 755 3643 800 ut
3665 746 3785 803 nisi

2183 838 2301 892 fuso
2330 852 2487 893 sacro
2516 840 2775 909 sanguine
2816 840 2984 895 laxari
3019 840 3165 894 nullo
3192 848 3434 908 tempore
3480 840 3766 909 potuisset.

2184 931 2314 986 Nam
2338 933 2404 986 ad
2432 946 2526 988 eos
2557 933 2829 1003 pertinere
2856 934 2998 1003 quod
3024 932 3244 998 dicitur,
3276 933 3559 1003 sequentia
3586 932 3763 987 dedas

2183 1032 2323 1079 rant.

2200 1134 2203 1135 '
2256 1113 2410 1169 Vers.
2442 1114 2496 1169 5.
2530 1112 2606 1168 De
2634 1114 2924 1183 regionibus
2953 1113 3273 1184 congregavit
3296 1129 3383 1167 eos
3406 1127 3424 1166 :
3448 1130 3483 1167 α
3506 1112 3638 1167 solis
3654 1120 3781 1166 orto

2186 1213 2231 1258 et
2258 1220 2463 1269 occasu,
2487 1207 2548 1257 ab
2574 1206 2816 1273 aquilone
2838 1206 3063 1258 et‘mari.
3112 1204 3213 1257 Per
3241 1204 3465 1274 ﬁguram
3488 1204 3764 1272 periphra-

2186 1295 2308 1359 sim,
2340 1306 2458 1365 quae
2489 1296 2679 1350 Latine
2696 1296 2902 1350 dicitur
2931 1310 3025 1363 pvr
3054 1296 3360 1360 circuitum,
3405 1295 3629 1364 exponit
3654 1295 3775 1350 dia-

2188 1388 2376 1443 bolicm
2407 1388 2642 1442 desterre
2670 1403 2797 1458 quae
2819 1387 2978 1442 fuerit
3013 1396 3252 1458 potestas
3283 1389 3332 1441 in
3364 1388 3647 1444 toto’orbe
3661 1387 3764 1442 dif‘

2189 1476 2305 1531 fusa
2332 1496 2345 1539 ;
2375 1487 2435 1532 ut
2456 1479 2776 1533 beneficium
2806 1488 3007 1533 saneta:
3032 1479 3417 1533 incarnationis
3462 1479 3774 1534 hominibus

2189 1568 2514 1633 innotescat,
2542 1584 2665 1639 quae
2683 1578 3037 1624 et-auetorem
3071 1570 3431 1638 perniciosum
3474 1570 3773 1639 majestatis

2189 1673 2301 1714 sua:
2342 1662 2578 1730 putentia
2602 1661 2872 1732 religavit,
2897 1669 2954 1715 et
2974 1661 3165 1715 vincto
3179 1675 3303 1715 vasa
3331 1662 3771 1731 mortis-eripuit.

2193 1753 2338 1809 Dixit
2368 1755 2537 1824 prius,
2567 1754 2644 1808 De
2682 1755 2993 1825 regionibus.
3056 1755 3123 1809 Et
3151 1770 3218 1809 ne
3250 1764 3471 1823 putares
3496 1755 3575 1811 de
3596 1758 3781 1825 paucis

2123 1843 2168 1903 Β
2195 1845 2489 1914 provinciis
2515 1854 2890 1915 congregatos,
2914 1846 3138 1909 addidit,
3160 1861 3192 1897 a
3208 1847 3330 1899 solis
3356 1856 3475 1900 ortu
3495 1855 3544 1900 et
3571 1862 3776 1909 occasu,

2191 1937 2255 1992 ab
2279 1936 2518 2005 aquilone
2546 1945 2593 1989 et
2618 1938 2767 1990 mari.
2802 1937 2935 1991 Cum
2979 1946 3089 1992 tres
3114 1938 3363 1993 cardines
3408 1939 3599 1993 mundi
3642 1938 3777 1993 desi-

2193 2027 2456 2097 gnaverit,
2488 2041 2581 2095 pro
2607 2038 2817 2095 quarto,
2856 2027 2905 2081 id
2942 2038 3026 2082 est
3068 2042 3164 2098 pro
3195 2029 3418 2083 australi
3452 2029 3641 2097 posuit
3670 2044 3778 2082 rua-

2192 2134 2289 2173 re:
2317 2118 2384 2172 ab
2418 2118 2507 2170 illa
2540 2128 2691 2187 parte
2714 2120 2979 2172 Oceanum
3007 2120 3192 2174 volens
3239 2120 3486 2189 inteltigi,
3526 2122 3625 2190 qui
3657 2135 3786 2175 cuu—

2196 2218 2337 2263 ctam
2364 2210 2545 2263 tmmdi
2575 2211 2869 2278 marginem
2887 2211 3087 2265 dicitur
3125 2214 3428 2267 circumire.
3468 2213 3679 2269 Similis
3704 2225 3785 2270 est

2197 2311 2251 2355 et
2284 2300 2370 2353 illa
2394 2300 2686 2369 descriptio
2718 2302 2767 2354 in
2807 2300 3028 2364 Geuesi,
3058 2302 3145 2357 ubi
3176 2303 3372 2357 semini
3395 2304 3642 2358 Abrahae
3673 2305 3786 2359 uui-

2198 2406 2411 2446 versum
2439 2392 2622 2447 orbem
2655 2394 2931 2460 promittit,
2959 2395 3174 2449 dicens:
3211 2394 3343 2449 [ινα
3370 2398 3555 2451 oculos
3586 2400 3724 2464 tuos,
3744 2407 3787 2451 et
3824 2456 3837 2464 ί,

2197 2485 2314 2538 vide
2340 2501 2370 2535 a
2396 2486 2505 2537 loco
2532 2485 2583 2538 in
2610 2501 2711 2555 quo
2735 2502 2872 2539 nunc
2897 2494 2951 2539 tu
2968 2503 3042 2548 es,
3061 2489 3131 2539 ad
3149 2487 3437 2557 aquilonem
3467 2498 3785 2554 claustrum,

2199 2586 2246 2630 et
2267 2576 2335 2628 ad
2365 2577 2606 2629 orientem
2634 2586 2680 2630 et
2705 2579 2771 2631 ad
2792 2594 2952 2642 mare,
2984 2579 3122 2647 quod
3149 2590 3223 2634 est
3255 2596 3465 2634 occasus
3498 2580 3659 2652 (Gen.
3680 2597 3786 2645 sui,

2200 2670 2309 2738 14).
2344 2668 2569 2723 Occasus
2614 2671 2757 2726 enim
2784 2671 2999 2737 dieitur,
3031 2672 3186 2741 quasi
3215 2673 3686 2729 horarumcasus.
3720 2675 3789 2728 Ita

2200 2776 2349 2815 mare
2374 2761 2513 2829 quod
2547 2760 2635 2815 hic
2665 2762 2847 2830 posuit
2872 2777 2973 2832 pro
3000 2771 3206 2828 austro,
3242 2764 3313 2818 ibi
3361 2779 3463 2833 pro
3507 2765 3791 2821 occidente

2199 2858 2411 2905 constat
2440 2865 2558 2905 esse
2586 2852 2939 2906 nominatum.
2978 2852 3305 2907 Vocabulum
3345 2853 3614 2924 siquidem
3644 2853 3791 2909 istud

2201 2956 2300 3012 pro
2327 2943 2566 3011 qualibet
2588 2953 2739 3011 parte
2769 2942 2953 2997 mundi
2982 2952 3159 3012 potest
3184 2952 3554 3011 competenter
3580 2943 3784 3013 aptari,

2199 3034 2413 3103 quando
2439 3034 2741 3089 universam
2773 3044 2969 3089 terram
2998 3035 3201 3090 circulo
3241 3035 3411 3091 fertur
3441 3051 3550 3090 sua:
3584 3049 3787 3105 pem-

2201 3125 2432 3196 gationis
2461 3125 2757 3180 includere.
2799 3125 2952 3181 Unde
2993 3125 3275 3180 evidenter
3320 3126 3623 3181 advertitur
3650 3126 3793 3182 hanc

2204 3221 2506 3290 generalem
2536 3221 2916 3276 adnnatiunem
2945 3237 3051 3276 non
3083 3222 3150 3276 de
3179 3221 3381 3278 Judaais
3408 3222 3547 3288 dici,
3598 3222 3698 3278 sed
3723 3222 3792 3278 de

2204 3314 2443 3369 Ecclesia
2488 3311 2774 3380 catholica,
2823 3328 2943 3384 qua:
2993 3328 3059 3370 ex
3087 3323 3199 3369 toto
3233 3314 3365 3369 orbe
3390 3313 3640 3369 noscitur
3666 3326 3797 3369 con-
3848 3296 3855 3303 ’

2202 3414 2441 3478 gregale.

2273 3496 2428 3551 Vers.
2466 3495 2520 3551 4.
2552 3496 2861 3551 Errauerunt
2889 3498 2942 3551 in
2982 3498 3259 3552 solitudine
3283 3499 3338 3551 in
3375 3497 3632 3565 siccitate,
3661 3498 3795 3552 vim

2202 3589 2419 3643 civitatis
2438 3591 2768 3646 habitationis
2789 3608 2887 3645 non
2904 3593 3213 3645 invenerunt.

2199 3705 2204 3711 -
2280 3681 2431 3735 Vers.
2454 3683 2506 3736 5.
2536 3680 2834 3737 Esurieutes
2851 3693 2897 3737 et
2926 3684 3171 3747 sitientes,
3194 3683 3367 3736 anima
3387 3697 3567 3736 eorum
3595 3683 3653 3737 in
3672 3683 3795 3754 ipsis

2203 3771 2407 3842 defecit.
2431 3771 2685 3838 Quamvis
2723 3772 2953 3827 diversae
2979 3781 3171 3841 gentes
3206 3771 3505 3842 gauderent
3533 3785 3790 3827 numero-

2202 3862 2937 3931 sitatepOpulorutu,'tamen
2986 3862 3039 3917 in
3090 3861 3382 3917 solitudine
3411 3862 3785 3929 versabantur,

2203 3968 2326 4008 cum
2355 3954 2531 4009 nullos
2560 3955 2873 4009 verissimus
2919 3954 3171 4009 doctores
3192 3996 3207 4019 ,
3257 3954 3459 4009 nullam
3494 3953 3783 4008 Ecclesium

2205 4046 2405 4100 habere
2441 4046 2850 4115 probarentur;
2902 4047 3024 4116 quia
3081 4047 3453 4116 superstitiosa
3518 4046 3793 4117 gentilitas

2205 4139 2339 4191 uiam
2376 4138 2594 4191 ciuitatis
2646 4137 2877 4204 Domini,
2924 4138 3015 4192 ubi
3046 4138 3285 4193 habitare
3313 4138 3616 4200 debuisset,
3659 4151 3788 4193 nec-

2206 4225 2333 4280 dum
2366 4240 2501 4279 cum.
2536 4226 2694 4281 idolis
2731 4228 3076 4293 sacriﬁcaret,
3134 4227 3435 4283 invenerat.
3492 4224 3795 4281 Esurieatea

2205 4328 2382 4371 autem
2409 4327 2459 4371 et
2474 4318 2699 4371 sitientes
2721 4318 2963 4373 curiosos
2993 4316 3151 4385 hujus
3188 4318 3371 4373 saeculi
3409 4315 3683 4386 signiﬁcat
3709 4317 3787 4370 vi-

2207 4425 2322 4470 ros,
2350 4412 2437 4479 qui
2461 4411 2704 4464 veritatis
2732 4410 2956 4465 semitas
2979 4410 3208 4465 diversis
3237 4409 3587 4479 opinionibus
3614 4410 3795 4479 esqui:

2208 4503 2423 4558 rebant.
2450 4502 2558 4558 Sed
2591 4506 2843 4570 quoniam
2872 4518 2979 4557 non
3029 4501 3516 4571 crediderantrejus
3544 4501 3795 4568 Auctori,

522 4590 673 4660 prius
693 4604 817 4645 eum
844 4582 1159 4645 delictorum
1188 4605 1404 4644 suorum
1430 4592 1768 4647 confessione
1790 4592 2100 4661 placaverit.
2131 4590 2187 4653 D
2212 4595 2266 4651 in
2292 4610 2416 4649 vera
2448 4597 2714 4665 sapientia
2746 4609 2853 4650 non
2905 4605 3157 4665 poterant
3204 4594 3455 4652 inveniri.
3511 4595 3795 4664 Sequitur,

527 4681 885 4751 Subsequitur
912 4681 1094 4747 etiam,
1133 4682 1376 4751 quoniam
1416 4682 1577 4735 bonus
1600 4722 1617 4749 ,
1647 4692 1703 4737 ut
1735 4682 2102 4751 peccatoribus

522 4770 933 4827 sitconﬁdentia
958 4779 1079 4840 post
1120 4762 1537 4826 satisfactionem
1583 4773 1672 4841 pio
1714 4772 1937 4825 Domina
1978 4788 2105 4844 sup-

522 4863 741 4933 plicare.
771 4860 835 4915 In
870 4861 1111 4916 saeculum
1130 4876 1258 4915 vero
1282 4860 1391 4929 hic,
1428 4862 1691 4931 signiﬁcat
1722 4864 1773 4917 in
1802 4876 2099 4918 aeternum:

523 4956 647 5023 quia
678 4954 883 5009 nullum
926 4966 1139 5024 tempus
1168 4963 1251 5009 est
1280 4955 1421 5023 quod
1473 4956 1540 5010 ab
1584 4956 1702 5025 ejus
1728 4958 2097 5014 misericordia

518 5048 825 5114 reperiatur
851 5059 1156 5118 exceptum.
1199 5047 1329 5103 Nam
1360 5055 1414 5102 et
1447 5046 1533 5102 hic
1556 5049 1831 5102 consuevit
1853 5062 2099 5119 parcere,

517 5148 574 5194 et
604 5138 671 5192 ibi
696 5138 940 5195 ﬁdelibus
964 5140 1268 5210 dignabitur
1296 5149 1495 5196 aeterna
1528 5140 1744 5209 praemia
1767 5141 2099 5200 condonare.

520 5230 597 5285 Ita
633 5228 692 5282 ﬁt
721 5237 777 5283 ut
800 5243 1012 5300 semper
1035 5232 1198 5285 bonus
1228 5231 1553 5300 supplicibus
1580 5232 1711 5298 suis,
1742 5247 1959 5302 semper
2001 5234 2104 5290 mi-

519 5320 758 5375 sericors
784 5321 1139 5389 approbetur;
1186 5336 1306 5376 nam
1335 5330 1387 5377 et
1411 5337 1530 5377 cum
1565 5321 1770 5392 judicat
1798 5324 1968 5382 bonus
1993 5334 2098 5396 est,

519 5410 645 5481 quia
678 5410 879 5479 iustitia
906 5410 1045 5467 bona
1073 5422 1174 5467 est.

599 5500 749 5558 Vers.
781 5502 836 5557 2.
872 5503 1057 5558 Dicant
1096 5520 1231 5559 nunc
1270 5506 1359 5576 qui
1386 5506 1635 5576 redempti
1663 5514 1782 5562 sunt
1801 5523 1835 5561 a
1854 5506 2099 5575 Domino,

526 5595 691 5667 366
717 5610 844 5661 quos
864 5596 1077 5650 redemit
1116 5597 1181 5653 de
1222 5612 1380 5651 manu
1428 5598 1646 5653 inimici.
1697 5597 1885 5655 Dicant
1917 5600 2104 5671 utique

526 5688 771 5751 Alleluia,
813 5688 954 5758 quod
979 5690 1161 5746 titulus
1192 5690 1289 5758 ait,
1312 5698 1369 5745 et
1393 5703 1455 5746 se
1485 5690 1738 5759 iucundis
1784 5695 2096 5752 exsultatio-

528 5781 679 5839 nibu;
709 5780 1056 5838 consolentur
1079 5781 1179 5854 qui.
1196 5782 1264 5841 ad
1291 5779 1505 5840 Domini
1526 5783 1749 5853 gratiam
1776 5786 1958 5844 venire
1987 5804 2100 5847 me-

2212 4686 2387 4740 anima
2406 4702 2583 4741 eorum
2618 4690 2673 4741 in
2701 4688 2824 4758 ipsis
2846 4688 3052 4758 defecit.
3083 4686 3151 4741 In
3178 4688 3330 4758 ipsis,
3368 4688 3557 4755 utique
3598 4686 3796 4742 labori-v

2208 4780 2310 4836 bus
2340 4791 2505 4851 atque
2534 4780 2728 4835 studiis
2776 4794 2964 4836 eorum
3016 4780 3333 4836 animositas
3373 4779 3574 4834 lassata
3605 4792 3797 4834 succu-

2211 4871 2326 4927 buit
2354 4889 2369 4926 :
2400 4872 2523 4942 quia
2571 4873 2650 4927 sic
2691 4872 2859 4927 Deum
2907 4872 3289 4929 desiderabant
3315 4886 3585 4942 quaerere,
3613 4886 3800 4942 quem:

2210 4964 2500 5019 admodum
2524 4977 2629 5019 non
2664 4973 2914 5033 poterant
2940 4964 3206 5020 invenire.
3288 5016 3291 5019 ,

2208 5090 2211 5093 »
2284 5056 2437 5112 Vers.
2464 5054 2517 5110 6.
2546 5055 2613 5109 Et
2637 5058 2981 5110 clamauerunt
3009 5055 3079 5110 ad
3104 5056 3382 5111 Dominum
3420 5071 3540 5110 cunt
3578 5056 3795 5111 tribula-

2206 5157 2407 5213 rsntttr,
2432 5155 2480 5201 et
2499 5146 2563 5201 de
2582 5148 2958 5201 necessitatibus
2986 5163 3162 5202 eorum
3199 5147 3435 5202 liberauit
3465 5163 3575 5202 eos.

2208 5284 2211 5287 γ
2281 5237 2435 5293 Vers.
2469 5238 2523 5293 7.
2554 5236 2621 5291 Et
2645 5237 2822 5292 eduxit
2850 5254 2937 5293 eos
2981 5240 3033 5292 in
3063 5239 3199 5294 uiam
3236 5247 3453 5306 rectam,
3487 5251 3545 5295 ut
3571 5240 3707 5295 irent
3745 5240 3795 5292 in

2236 5331 2460 5386 ivitatem
2486 5330 2847 5387 habitationis;
2883 5332 3345 5399 Quemadmodum
3385 5332 3600 5388 duobus
3625 5332 3794 5388 versi-

2211 5423 2309 5477 bus
2332 5422 2701 5493 superioribus
2719 5422 3012 5493 deseripsit
3031 5434 3300 5491 errantes,
3330 5426 3406 5480 ita
3429 5440 3576 5480 nunc
3591 5425 3795 5479 duobus

2212 5514 2333 5569 aliis
2364 5514 2529 5569 refert
2559 5504 2869 5570 ad‘Domiui
2891 5516 3033 5571 dona
3061 5516 3377 5573 redeuntes.
3405 5515 3791 5579 Clamaverunt,

2211 5604 2476 5675 signiﬁcat
2502 5620 2696 5677 magno
2722 5606 2999 5664 desiderio
3042 5606 3394 5678 quaesierunt.
3442 5607 3577 5674 Quae
3616 5614 3789 5660 tamen

2209 5700 2555 5767 compunctio
2602 5714 2632 5753 a
2677 5700 2903 5756 Domino
2935 5699 3106 5767 venit,
3139 5709 3197 5756 ut
3236 5699 3370 5756 illud
3422 5700 3785 5756 desideranter

2213 5796 2444 5863 petatur,
2475 5790 2618 5863 quod
2639 5792 2984 5863 cognoscitur
3003 5807 3127 5851 esse
3150 5794 3470 5864 proﬁcuum.
3506 5793 3574 5849 Et
3597 5800 3654 5847 ut
3682 5790 3785 5842 vim
