4090 6346
294 320 396 377 τδς)

1227 318 1588 381 ΕΧΡΟΒΙΤΙΟ
1634 317 1702 376 ΙΝ
1740 316 2205 380 ιδεΔιτΕιιιυιι.
2249 320 2443 383 PSAL.
2484 317 2615 374 CVI.

3462 317 3577 372 7‘70‘

292 436 459 506 ipsius
484 434 715 491 nominis
752 434 1031 502 indicaret,
1062 435 1286 501 addidit,
1318 454 1435 492 cum
1474 437 1865 492 tributarentur.
1898 435 1952 496 Α
1973 438 2209 505 gravius,
2234 438 2739 506 animamprobatur
2760 435 3018 502 afﬂigere.
3040 435 3261 489 Ferrum
3293 435 3562 505 signiﬁcat

291 528 405 595 Quo
427 535 671 596 tempore
695 528 902 582 clamor
937 528 1119 583 cordis
1161 530 1307 583 totis
1329 528 1537 585 viribus
1579 528 1868 595 excitatur,

291 618 503 687 quando
533 628 586 672 et
614 616 901 672 imminens
931 619 1227 686 periculum
1260 620 1501 685 timetur,
1516 628 1586 674 σει
1614 632 1874 687 praesum-

292 711 402 779 ptio
422 709 663 763 humana
691 708 1029 763 subducitur.
1078 709 1186 765 Sed
1228 709 1351 764 vide
1382 709 1748 778 quid‘clatnor
1774 709 1875 763 iste

291 797 629 866 prtestiterit;
654 796 905 851 videlicet
929 806 989 852 ut
1024 807 1073 852 et
1102 800 1162 852 de
1189 799 1572 853 necessitatibus
1599 799 1883 852 liberaren-

291 901 395 955 tur,
423 900 481 945 ct
526 890 744 944 semitas
772 892 1016 944 veritatis
1046 902 1441 962 agnoscerent;
1477 901 1741 961 quatenus
1784 891 1873 960 qui

294 982 756 1053 pridcm‘in-invio
784 997 972 1038 errore
1010 984 1360 1052 vagabantur,
1388 992 1605 1050 accepta
1634 984 1715 1039 via
1745 997 1874 1037 san-

292 1070 549 1127 ctissima:
575 1071 849 1127 reliaionis
878 1072 945 1127 ad
975 1072 1232 1128 Ecclesiae
1261 1072 1434 1129 beata:
1464 1072 1693 1129 feliciter
1735 1073 1873 1129 atria

291 1163 660 1232 pervenirent.

362 1254 517 1311 νει-ε.
544 1256 598 1309 8.
623 1254 977 1324 Conﬁteantur
1008 1256 1226 1313 Domino
1263 1258 1627 1313 misericordia:
1644 1308 1645 1311 η
1665 1260 1799 1330 ejus,
1824 1269 1873 1315 et

288 1350 548 1413 mirabilia
566 1358 679 1426 ejus
708 1357 833 1426 ﬁliis
856 1359 1146 1413 hominum.
1180 1358 1341 1414 Venit
1366 1361 1432 1414 ad
1461 1361 1757 1416 secundam
1788 1376 1877 1417 se-

288 1448 544 1513 cti0nem,
580 1449 766 1515 inqua
813 1458 1122 1504 commonet
1166 1449 1275 1519 jam
1318 1450 1509 1505 ﬁdeles
1549 1460 1607 1505 ut
1648 1452 1876 1507 Domino

288 1540 491 1611 gratias
513 1538 717 1594 referre
747 1556 852 1593 non
872 1540 1153 1607 desinant,
1187 1543 1276 1610 qui
1320 1542 1683 1612 ejus'copiosa
1714 1546 1877 1599 bene-

294 1633 416 1687 ﬁcia
474 1641 849 1701 perceperunt.
910 1633 1185 1687 Vcraciter
1221 1642 1401 1687 autem
1462 1644 1516 1689 et
1568 1635 1876 1692 siilntaritcr

288 1724 494 1780 dictum
550 1732 635 1779 est
676 1724 878 1780 debere
932 1723 1152 1778 Domino
1203 1725 1437 1793 conﬁteri
1494 1727 1876 1782 misericordias

1978 527 2227 583 duritiam
2261 531 2545 594 malorum,
2580 529 2833 598 quoniam
2866 529 3099 582 ferreum
3134 529 3448 597 plerumque
3476 526 3566 584 di-

1975 622 2148 676 cimus
2178 622 2322 691 quod
2351 621 2545 676 durum
2577 636 2698 677 esse
2721 609 3100 675 monstramus.
3320 636 3321 639 ‘
3562 676 3573 685 η

2052 712 2206 767 Vers.
2244 713 2330 767 11.
2385 714 2520 778 Quia
2551 713 2972 768 rxuccrbaverunt
3006 711 3213 782 eloquia
3248 707 3482 781 Domini,
3514 720 3565 765 et

1977 803 2248 857 consilium
2276 804 2523 859 Altissimi
2552 804 2905 859 irritaverant.

2047 894 2205 964 367
2238 892 2395 951 Vers.
2426 895 2517 949 12.
2561 894 2627 949 Et
2657 895 2985 949 Itumitfatum
3010 902 3083 948 est
3113 893 3166 947 in
3196 891 3453 948 laboribus
3476 906 3566 947 cor

1976 997 2186 1048 eorunt;
2214 995 2267 1038 et
2292 985 2537 1054 inﬁrmati
2565 995 2714 1049 sunt,
2742 1001 2833 1041 nec
2874 982 2972 1054 fuit
3008 986 3095 1054 qui
3132 986 3419 1057 adjuvaret.
3467 986 3564 1038 ln-

1980 1074 2233 1129 tuendum
2263 1087 2345 1130 est
2374 1077 2515 1146 quod
2562 1078 2615 1131 in
2658 1078 2741 1133 his
2782 1076 2990 1133 duobus
3017 1079 3265 1132 versibus
3294 1077 3462 1147 ﬁgura
3490 1077 3567 1143 sit

1977 1165 2218 1233 parison,
2261 1167 2313 1221 id
2345 1178 2426 1221 Cal
2451 1169 2681 1237 .‘BqtlﬂliO
2724 1167 3036 1233 sementim;
3084 1167 3307 1237 exponit
3333 1168 3475 1222 enim
3507 1166 3575 1233 in1

1979 1255 2154 1322 primo
2184 1272 2338 1310 versu
2366 1259 2815 1326 quemadmodum
2858 1258 3223 1328 peccaverint,
3276 1267 3329 1313 et
3374 1258 3428 1312 in
3473 1273 3565 1313 sc-

1977 1346 2153 1399 cundo
2180 1361 2297 1415 quae
2327 1348 2648 1413 receperint.
2705 1348 2857 1416 Quod
2885 1350 3103 1404 schema
3145 1348 3196 1402 in
3226 1344 3330 1402 hoc
3360 1346 3565 1415 psalmo

1980 1439 2311 1507 frequenter,
2359 1438 2586 1508 diligens
2637 1440 2827 1505 lector,
2862 1442 3124 1497 invenies.
3177 1440 3253 1496 De
3281 1440 3385 1494 illis
3414 1439 3559 1494 enim

1977 1538 2109 1593 dicit
2135 1539 2225 1607 qui
2255 1540 2494 1594 sedebant
2532 1540 2585 1594 in
2627 1541 2843 1595 tenebris
2889 1550 2936 1593 et
2980 1540 3161 1595 umbra
3202 1542 3399 1605 mortis,
3442 1539 3564 1605 quia

1978 1643 2162 1685 eontra
2191 1631 2403 1686 Domini
2433 1633 2644 1702 eloquia
2679 1632 2958 1697 iacientes,
3001 1632 3051 1685 in
3096 1630 3215 1701 ejus
3255 1631 3457 1702 regulis
3484 1631 3566 1684 vi-

1979 1736 2110 1777 vere
2136 1723 2487 1788 reSpuebant.
2536 1723 2604 1777 Et
2634 1737 2857 1779 necesse
2884 1732 3001 1777 erat
3030 1732 3087 1776 ut
3117 1723 3426 1791 paterentur
3455 1722 3565 1775 ira-

288 1829 438 1880 suas,
470 1815 592 1883 quia
623 1813 881 1884 quidquid
920 1816 975 1867 in
1005 1815 1161 1869 n::his
1189 1816 1401 1870 videtur
1441 1816 1735 1883 laudabile,
1759 1819 1877 1888 ejus
1905 1808 1953 1868 B
1984 1819 2131 1878 tum,
2182 1826 2339 1883 quem
2387 1814 2696 1883 judicabant
2742 1830 2864 1870 esse
2910 1814 3275 1870 temnendnm.
3329 1813 3573 1883 Denique

288 1915 503 1962 constat
549 1920 669 1960 esse
696 1904 1021 1969 clementiae,
1054 1907 1144 1975 qui
1192 1916 1413 1975 peccata
1458 1910 1688 1975 relaxat,
1723 1924 1874 1980 Spem

291 1996 498 2060 tribuit,
521 2006 574 2049 et
590 1996 654 2049 ad
683 1995 936 2051 bonitatis
954 2009 1067 2051 sua:
1096 1997 1236 2051 dona
1260 1998 1526 2067 perducit.
1560 2000 1693 2057 Nam
1728 2002 1877 2071 quod

287 2086 424 2143 dicit
453 2088 756 2157 pluraliter,
781 2088 1193 2157 misericordias,
1242 2090 1372 2146 illud
1403 2093 1690 2161 signiﬁcat,
1738 2109 1875 2161 quo-

286 2182 435 2237 niam
461 2181 640 2235 multis
662 2182 911 2250 quidem,
938 2182 1032 2235 sed
1069 2183 1281 2237 d.versa
1306 2184 1550 2253 largitur,
1583 2183 1722 2241 sicut
1750 2186 1880 2242 dicit

287 2273 589 2343 Apostolus
620 2289 633 2327 :
666 2272 772 2328 Sed
817 2274 1164 2342 unusquisque
1194 2278 1458 2345 proprium
1500 2276 1692 2330 donum
1728 2278 1878 2332 habet

286 2381 354 2420 ex
372 2365 501 2432 Deo,
525 2383 658 2420 unus
677 2365 886 2435 quidem
905 2367 1000 2431 sic,
1022 2367 1157 2420 alius
1181 2377 1352 2421 autent
1370 2370 1443 2422 sic
1464 2367 1517 2439 (1
1540 2368 1661 2424 Cor.
1678 2386 1771 2437 vn,
1797 2369 1878 2441 7).

285 2455 631 2526 Quapropter
646 2457 734 2525 pio
766 2450 995 2511 D'omino
1017 2471 1232 2527 semper
1252 2457 1469 2526 dignum
1509 2470 1593 2514 est
1620 2462 1874 2530 conﬁteri,

284 2550 382 2618 qui
423 2564 521 2602 nos
546 2556 603 2603 et
628 2564 657 2602 a
684 2548 939 2617 periculis
970 2548 1186 2616 liberat,
1210 2558 1262 2603 et
1293 2550 1582 2618 splendore
1611 2567 1721 2609 suae
1761 2554 1875 2622 pie-

284 2637 423 2693 tatis
457 2638 741 2692 illuminat.
784 2636 1039 2692 Miracula
1068 2653 1198 2711 vero
1224 2654 1345 2708 qute
1376 2640 1503 2695 fecit
1528 2650 1770 2711 tempore
1800 2644 1881 2698 in-

282 2728 622 2786 carnationis
655 2742 789 2791 suae,
823 2743 919 2796 per
947 2730 1307 2799 evangelistas
1355 2741 1410 2787 et
1453 2735 1732 2803 apostolos
1778 2750 1878 2805 po-

282 2823 453 2878 storis
477 2821 606 2883 dicit
626 2836 748 2876 esse
767 2821 1149 2890 praedicanda,
1177 2825 1318 2880 sicut
1348 2836 1561 2881 constat
1594 2827 1878 2883 effectum.

283 2915 566 2969 Memento
591 2923 767 2967 autem
806 2916 947 2985 quod
1003 2917 1088 2970 hic
1125 2932 1311 2971 versus
1349 2933 1442 2987 per
1471 2926 1702 2987 quatuor
1743 2919 1883 2974 divi-

286 3005 477 3059 siones
499 3017 666 3072 usque
694 3004 761 3056 ad
798 3004 957 3077 linem
998 3005 1117 3060 sine
1146 3006 1325 3075 aliqua
1366 3010 1765 3077 permutatione
1802 3025 1881 3065 τε·

287 3095 513 3165 petitur,
566 3104 623 3149 ιιι
666 3096 807 3149 sicut
859 3076 1202 3167 de'quatuor
1232 3076 1415 3153 mundi
1460 3101 1702 3169 partibus
1748 3102 1881 3157 dicit

1982 1906 2104 1961 vide
2133 1906 2260 1976 quid
2291 1908 2553 1976 sequitur,
2581 1918 2628 1963 et
2652 1908 2921 1963 consilium
2944 1908 3193 1962 Altissimi
3215 1908 3568 1965 irritaverant.

1980 1997 2325 2053 lrritaverunt
2351 2000 2528 2069 plane,
2561 2011 2619 2053 ut
2645 2000 2737 2069 qui
2763 2002 2980 2070 superbi
3023 2001 3075 2054 in
3120 2002 3570 2071 prosperitatibus

1982 2091 2326 2158 exstiterunt,
2374 2092 2428 2147 in
2474 2092 2911 2148 tribulationibus
2949 2103 3004 2148 et
3039 2097 3301 2164 angustiis
3330 2094 3570 2151 humiles

1982 2182 2357 2239 redderentur.
2405 2184 2615 2239 Justutn
2642 2186 2958 2251 consilium,
3005 2186 3358 2243 saluberrima
3391 2188 3569 2243 medi-

1982 2274 2120 2339 cina,
2172 2268 2240 2329 ut'
2276 2275 2498 2331 morbus
2526 2277 2707 2331 saeculi
2748 2279 3021 2332 contrario
3068 2280 3292 2334 remedii
3344 2295 3568 2335 munere

1983 2376 2282 2422 curaretur.
2333 2367 2567 2436 Adiecit,
2598 2370 2843 2436 inﬁrmati
2883 2380 3020 2434 sunt,
3074 2370 3127 2425 id
3176 2379 3262 2425 est
3308 2385 3337 2425 a
3383 2372 3568 2427 saeculi

1981 2458 2400 2527 praesumptione
2427 2458 2620 2527 dejecti
2648 2469 2807 2525 sunt;
2840 2474 2894 2511 ιιι
2919 2460 3122 2515 facilius
3146 2461 3212 2515 ad
3238 2463 3575 2530 paenitentia!

1984 2548 2220 2603 remedia
2274 2558 2656 2617 pervenirent,
2711 2551 2758 2605 si
2809 2551 3154 2606 incitamenta
3206 2554 3575 2609 contumaciae

1986 2640 2365 2706 perdidissent.
2419 2641 2673 2696 Additum
2711 2651 2817 2710 εει,
2864 2660 2956 2699 nec
2999 2645 3100 2717 fuit
3144 2648 3231 2714 qui
3272 2646 3568 2719 adjuverat,

1984 2733 2452 2801 subaudiendum,
2500 2734 2661 2789 alter.
2725 2734 2895 2790 Nemo
2945 2737 3091 2792 enim
3156 2747 3375 2807 pracsmt
3423 2738 3569 2808 peri-

1984 2824 2225 2889 clitanti,
2254 2824 2358 2880 nisi
2400 2824 2487 2882 cui
2526 2824 2876 2897 omnipotens
2917 2826 3054 2882 Deus
3094 2828 3409 2897 prseceperit
3435 2826 3570 2883 sub.

1983 2918 2187 2973 venire.

2000 3038 2001 3041 η
2058 3008 2208 3063 Vers.
2238 3009 2325 3063 l5.
2357 3007 2425 3062 Et
2453 3008 2797 3065 clamauerunt
2819 3010 2889 3064 ad
2911 3008 3182 3063 Dominum
3210 3025 3328 3063 cum
3356 3006 3559 3064 tribuite

1985 3110 2181 3167 rentur,
2209 3111 2258 3156 et
2286 3102 2350 3155 de
2376 3103 2752 3157 necessitatibus
2779 3119 2953 3157 eorum
2982 3103 3210 3156 liberavit
3240 3117 3344 3155 eos.

290 3184 590 3239 Ecclesium
621 3194 1017 3255 congregatum,
1061 3186 1135 3241 ita
1181 3185 1250 3243 de
1302 3188 1523 3245 totidem
1567 3191 1879 3246 cardinibus
1908 3183 1955 3246 C
2060 3194 2215 3249 νει-ε.
2237 3195 2323 3250 ﬂ.
2357 3193 2427 3248 Et
2452 3195 2629 3249 eduxit
2651 3212 2736 3250 eos
2759 3195 2822 3249 de
2842 3196 3062 3249 tenebris
3087 3206 3135 3249 et
3161 3196 3341 3249 umbra
3366 3196 3573 3263 mortis,

288 3276 442 3331 orbis
479 3276 659 3332 laudes
700 3277 1084 3332 misericordiae
1134 3278 1303 3347 ipsius
1341 3279 1556 3337 devotis
1605 3282 1879 3339 mentibus

288 3369 606 3425 oﬁ'erantur.

367 3460 522 3516 Vers.
553 3464 609 3519 9.
634 3464 771 3527 Quia
793 3466 998 3520 satiavit
1028 3468 1256 3521 animam
1300 3469 1529 3533 inanem,
1567 3476 1615 3521 et
1648 3469 1877 3523 animam

287 3552 589 3608 esurientem
637 3557 841 3610 satiavit
875 3560 1037 3613 bonis.
1084 3557 1266 3613 Inanis
1312 3568 1397 3615 est
1422 3562 1614 3628 anima,
1664 3562 1880 3630 quando

287 3644 479 3698 mundi
509 3648 948 3713 perversitatibns
973 3660 1256 3718 occupata,
1288 3651 1350 3706 ad
1380 3652 1694 3707 Creatorem
1720 3668 1876 3708 suum

289 3737 497 3792 reverti
541 3740 685 3795 nulla
710 3741 997 3797 devotione
1028 3745 1270 3798 festinat.
1302 3747 1542 3801 Animam
1592 3764 1722 3803 vero
1756 3766 1878 3803 esu-

288 3832 510 3886 rientem
537 3834 685 3899 dicit,
719 3836 934 3904 quando
976 3839 1081 3900 jant
1114 3838 1292 3893 divina
1327 3842 1497 3909 gratia
1548 3843 1757 3897 visitata
1807 3843 1877 3897 ad

291 3922 507 3977 Domini
534 3923 679 3996 [mss.
706 3926 791 3992 d.,
818 3925 912 3993 3.,
950 3926 1038 3992 F.,
1070 3946 1095 3979 τι
1128 3930 1374 3999 Domino]
1399 3932 1667 3987 desiderat
1697 3934 1881 3989 venite

288 4014 636 4071 medicinam.
660 4016 814 4084 Quod
843 4018 1038 4073 fat-tum
1065 4030 1145 4073 est
1175 4021 1225 4073 in
1266 4023 1533 4088 gentibus,
1558 4039 1674 4092 qnze
1700 4025 1878 4078 inten-

290 4102 495 4157 tionem
525 4119 675 4159 suatn
707 4108 939 4175 primum
982 4110 1032 4162 in
1056 4110 1333 4164 idolorum
1382 4113 1533 4166 vanis
1593 4113 1880 4170 desideriis

288 4196 665 4264 occupabant;
724 4207 851 4253 tunc
906 4202 1050 4255 enim
1112 4212 1264 4255 erant
1317 4203 1501 4257 inanes
1555 4217 1612 4259 et
1665 4218 1876 4273 vacuae,

290 4286 507 4355 quando
528 4287 681 4344 bonis
710 4288 970 4345 fructibus
1003 4291 1351 4359 privabantur
1397 4292 1590 4349 elusm.
1624 4292 1879 4349 Secundo

292 4380 572 4433 esurientes
609 4382 811 4435 satiatae
850 4390 998 4448 sunt,
1030 4384 1242 4452 quando
1273 4385 1483 4439 Domini
1533 4387 1881 4443 miseratione

279 4470 661 4537 ~chmonilm,
690 4482 813 4527 vota
840 4488 935 4528 sua
963 4477 1029 4529 ad
1077 4474 1409 4544 pmnitentiat
1430 4477 1606 4533 studia
1636 4487 1879 4536 transtu-

293 4562 493 4617 ‘r-rant.

368 4654 520 4709 γεγε.
553 4653 639 4709 ‘IO.
687 4654 937 4711 Sedentes
984 4658 1037 4712 in
1093 4659 1307 4714 tenebris
1348 4668 1394 4713 et
1443 4660 1625 4715 umbra
1665 4664 1877 4718 mortis:

292 4746 509 4798 vinculis
539 4746 744 4816 ligatos,
776 4751 827 4802 in
849 4751 1175 4806 mendicitate
1202 4759 1247 4804 et
1272 4752 1433 4819 ferro.
1480 4751 1729 4807 Gentium
1757 4770 1878 4823 que

290 4846 419 4892 ante
447 4837 738 4893 adventum
773 4840 984 4895 Domini
1022 4843 1262 4911 luerunt,
1309 4843 1363 4898 in
1423 4844 1525 4899 hoc
1568 4862 1727 4901 versu
1769 4848 1877 4900 vita

289 4928 645 4997 describitur;
672 4933 909 4987 sedebant
934 4937 1077 4989 enim
1105 4936 1421 5003 intenebris,
1450 4939 1703 5007 quoniam
1733 4938 1875 5011 [mss.

292 5025 382 5087 Α.,
412 5021 502 5091 B.,
530 5022 600 5089 F,
631 5025 870 5097 quando]
900 5037 1138 5081 vacuattn
1189 5028 1393 5083 lumine
1444 5028 1588 5095 ﬁdei,
1640 5029 1881 5099 perﬁdia:

289 5111 536 5168 cmcitate
565 5113 927 5169 reddebantur
966 5118 1233 5171 obscnrm.
1268 5118 1476 5172 Etcum
1510 5118 1660 5183 dicit,
1693 5120 1879 5173 seden-

290 5214 389 5268 tes,
419 5204 658 5260 ostendit
690 5220 782 5261 eas
822 5206 980 5276 longo
1024 5208 1127 5261 situ
1172 5207 1369 5262 ibidem
1421 5208 1589 5264 fuisse
1616 5217 1881 5264 versatas.

295 5292 491 5348 Umbra
517 5297 699 5350 mortis
757 5296 859 5350 fuit
903 5297 1086 5351 surculi
1149 5297 1300 5353 istius
1350 5298 1459 5352 vita
1518 5299 1729 5366 vitiosa,
1762 5315 1883 5369 qua:

291 5387 435 5441 illius
457 5386 649 5442 futura:
674 5388 863 5444 mortis
888 5389 1226 5443 teterrimam
1272 5388 1522 5456 portabat
1563 5389 1879 5460 imaginem,

304 5475 533 5532 Vinculis
558 5480 745 5549 utique
774 5480 920 5549 ligati
950 5488 1128 5542 erant,
1153 5479 1241 5548 qui
1265 5478 1633 5534 dominatione
1656 5479 1877 5547 diaboli,

297 5578 638 5635 peccatorum
672 5570 996 5624 tenebantur
1034 5569 1256 5624 nexibus
1283 5570 1525 5639 obligati.
1570 5560 1879 5627 Mendicita's

294 5657 361 5710 ad
408 5657 752 5731 indigentiam
810 5659 939 5715 boni
993 5663 1266 5728 pertinet:
1301 5661 1390 5715 ubi
1432 5661 1601 5716 multo
1667 5666 1879 5731 gravior

295 5757 379 5803 est
404 5750 623 5809 omnino
653 5751 894 5821 penuria,
927 5768 1045 5824 qua:
1074 5769 1178 5809 non
1221 5737 1438 5824 corpus,
1474 5747 1591 5817 sed,
1623 5748 1765 5819 quod
1791 5762 1874 5810 est

272 5161 285 5199 l

1980 3294 2028 3338 et
2056 3284 2259 3338 vincula
2285 3300 2458 3337 eorum
2488 3286 2732 3356 disrupit.
2765 3286 2906 3340 Ecce
2931 3300 3099 3355 quare
3129 3284 3392 3339 hutniliati
3420 3292 3569 3349 sunt.

1981 3389 2151 3443 quare
2180 3374 2462 3438 inﬁrmati;
2505 3376 2711 3430 scilicet
2751 3383 2811 3428 ut
2848 3375 2917 3427 ad
2950 3375 3229 3428 Dominum
3267 3375 3571 3443 clamarent,

1982 3465 2175 3520 delicta
2205 3466 2417 3535 propria
2445 3467 2789 3521 conﬁtentes.
2821 3466 3065 3521 Silebant
3087 3467 3232 3522 enim
3257 3466 3312 3523 in
3335 3465 3572 3523 elatione

1982 3559 2171 3629 positi,
2218 3559 2365 3614 velut
2396 3559 2663 3614 insensata
2706 3573 2898 3628 pecora
2939 3559 3145 3615 nullum
3176 3560 3397 3615 verbum
3427 3559 3572 3615 salu-

1983 3662 2097 3706 tare
2127 3652 2439 3706 fundebant.
2472 3651 2823 3721 Compunctio
2853 3650 2992 3706 facta
3019 3663 3125 3716 est,
3152 3663 3204 3707 et
3232 3664 3359 3707 tunc
3380 3658 3573 3707 vocem

1982 3742 2276 3812 poﬁcutm
2309 3743 2676 3798 reddiderunt.
2713 3744 2779 3797 Et
2810 3744 3012 3813 inspice
3043 3744 3433 3799 misericordiae
3467 3744 3571 3798 Do-

1984 3835 2111 3888 mini
2143 3836 2335 3903 quibus
2365 3834 2802 3890 distinctionibus
2847 3848 3212 3902 exponuntur.
3265 3835 3466 3902 Primo,
3505 3837 3572 3889 de

1982 3930 2275 3982 necessit..tc
2303 3925 2317 3997 [
2356 3927 2434 3988 d.,
2466 3922 2865 3995 necessitatibus]
2894 3927 3124 3979 liberavit
3154 3941 3258 3989 eos,
3311 3926 3399 3995 qui
3449 3941 3572 3996 prc-

1984 4018 2264 4071 tnebantnr
2286 4016 2544 4071 servitute
2566 4016 2785 4070 diaboli.
2819 4015 3040 4083 Deinde,
3065 4030 3096 4069 a
3126 4017 3575 4083 superstitionum

1982 4124 2197 4163 snarntn
2255 4110 2473 4162 tinebris
2524 4108 2698 4162 eduxit
2746 4107 2956 4181 animas
3012 4118 3351 4175 peccatorum
3405 4109 3569 4163 Sorde

1985 4200 2236 4269 pollutas.
2265 4198 2471 4265 Tertio,
2500 4213 2606 4252 non
2630 4196 2788 4263 dixit,
2809 4196 3012 4250 vincula
3038 4212 3212 4251 eorum
3242 4197 3420 4263 solvit,
3446 4197 3565 4264 sed,

1982 4296 2225 4361 disrupit.
2279 4293 2369 4349 Sic
2397 4292 2597 4347 diaboli
2632 4290 2910 4362 tyrannica
2963 4301 3200 4361 potestas
3228 4288 3449 4346 Christo
3480 4304 3572 4346 ve-

1983 4392 2165 4445 niente
2189 4389 2432 4457 disrupta
2465 4394 2588 4452 est,
2640 4398 2698 4439 ut
2745 4400 3014 4454 nunquam
3063 4386 3116 4440 in
3162 4384 3308 4440 illam
3340 4400 3442 4455 qua
3474 4383 3579 4440 luit

1982 4480 2408 4536 dominationem
2438 4478 2619 4533 redire
2650 4477 2961 4545 praevaleat.
3542 4484 3547 4493 ‘

1904 4567 1959 4629 Β
2058 4570 2211 4626 Vers.
2246 4570 2333 4626 15.
2383 4569 2736 4636 Conﬁteantur
2765 4567 2983 4622 Domino
3028 4564 3394 4621 misericordia:
3433 4568 3568 4634 eius,
3610 4584 3615 4589 ·

1982 4673 2027 4717 et
2059 4662 2316 4716 mirabilia
2341 4665 2451 4733 ejus
2481 4661 2601 4727 ﬁliis
2636 4660 2921 4713 hominum.
2961 4657 3117 4711 Venit
3147 4656 3213 4710 ad
3244 4654 3453 4710 tertiam
3483 4670 3571 4710 sc-

1983 4756 2240 4821 ctionem,
2274 4756 2360 4809 ubi
2394 4755 2541 4806 illum
2572 4765 2787 4806 versum
2817 4750 3034 4818 repetit,
3065 4764 3225 4817 quem
3255 4748 3307 4802 in
3333 4746 3568 4802 secunda

1986 4857 2135 4915 parte
2157 4846 2267 4913 jam
2299 4845 2450 4899 dixit.
2488 4843 2552 4898 lli
2582 4852 2707 4897 sunt
2733 4842 3099 4907 intercalares,
3131 4840 3278 4910 quasi
3309 4840 3361 4894 in
3386 4840 3565 4894 medio

1985 4938 2124 4991 calle
2172 4934 2360 5003 positi,
2409 4933 2459 4986 id
2507 4942 2589 4987 est
2636 4930 2689 4985 in
2738 4931 2991 4986 carminis
3043 4929 3232 4985 itinere
3269 4930 3568 4987 constituti.

1990 5029 2256 5082 Admonet
2279 5025 2420 5081 enim
2450 5024 2702 5080 liberatos
2729 5023 2870 5095 [mss.
2902 5023 2994 5087 A.,
3024 5020 3110 5086 Β..
3140 5019 3236 5090 F.,
3268 5021 3571 5093 liberatori]

1986 5117 2186 5189 gratias
2232 5130 2412 5185 agerc,
2462 5114 2588 5185 quia
2635 5114 2826 5182 ianuas
2858 5121 3197 5182 peccatorum
3223 5120 3280 5167 et
3307 5113 3570 5168 malorum

1988 5210 2228 5264 omnium
2259 5208 2489 5261 claustra
2519 5206 2687 5259 virtus
2715 5205 2891 5258 divina
2923 5203 3206 5273 confregit.

2010 5345 2015 5349 .
2057 5298 2213 5354 Vers.
2248 5297 2334 5351 l6.
2371 5297 2504 5362 Quia
2532 5296 2763 5349 contrivit
2794 5305 2968 5361 portas
2995 5311 3173 5359 areas,
3206 5301 3250 5347 et
3279 5301 3439 5351 vectes
3470 5295 3574 5363 fer-

1985 5408 2097 5445 reos
2126 5388 2394 5460 confregit.
2437 5387 2561 5442 lltec
2589 5396 2671 5441 est
2700 5401 2863 5442 causa
2892 5403 2992 5453 qua
3026 5387 3155 5440 dicit
3189 5387 3415 5440 Domino
3443 5401 3576 5438 con-

1989 5481 2263 5545 ﬁteudum,
2298 5478 2416 5549 quia
2467 5492 2566 5547 pro
2612 5477 2928 5533 liberatione
2977 5489 3156 5532 nostra
3188 5487 3374 5547 ‘partas
3405 5492 3572 5530 teneas

1984 5585 2241 5639 vectesque
2269 5569 2549 5640 confregit,
2584 5575 2640 5620 ut
2671 5567 2787 5638 ipso
2818 5569 2973 5623 nobis
3001 5570 3138 5623 viam
3174 5568 3465 5636 pra-boote,
3495 5566 3574 5620 vi-

1987 5677 2093 5720 tam
2126 5666 2279 5719 istam
2326 5663 2589 5731 possimus
2632 5660 2735 5715 sub
2775 5661 3061 5716 securitate
3093 5660 3344 5715 transire.
3404 5657 3573 5710 Portis

1985 5765 2110 5813 sunt
2154 5771 2307 5812 tenete
2362 5753 2636 5810 hominum
2688 5753 3107 5809 consuetudines
3160 5751 3400 5813 vitiosae,
3457 5762 3574 5816 quae
