4032 6340
517 308 627 376 771(

1728 311 1803 369 Μ.
1844 309 2122 369 AURELll
2175 299 2576 363 υΑεειουοιιι

3696 294 3799 349 772

518 445 620 491 nos
645 432 722 490 ita
761 429 819 490 in
859 437 1207 503 peccatorum
1238 427 1392 486 atriis
1419 425 1720 494 recludunt,
1768 436 1829 482 ut
1870 422 2103 482 exeundi
2132 425 2184 486 Α
2208 417 2473 488 siquidem
2506 427 2687 470 sermo
2713 411 2781 467 ad
2808 408 3155 467 concordiam
3184 405 3441 479 pertinet,
3619 406 3803 503 addi-

502 532 787 596 nequeant
834 525 1078 595 praebere
1104 520 1415 599 licentiam.
1452 512 1633 573 Ver-tes
1663 525 1841 573 autem
1874 519 2100 587 ferreos,

517 617 741 689 spiritus
767 614 1073 671 immundos
1104 628 1211 669 non
1251 611 1497 682 improbe
1542 609 1788 666 videmur
1831 608 2101 676 accipere,

518 710 612 781 qui
661 708 776 765 Illas
816 705 1008 777 januas
1055 715 1424 777 peccatorum,
1472 718 1540 758 ne
1566 700 1925 762 circumdatos
1953 700 2104 755 exire

520 802 697 867 liceat,
716 801 965 854 obscrare
980 797 1121 870 [mss.
1142 797 1232 866 A.,
1246 795 1335 863 B.,
1357 793 1447 861 F.,
1461 790 1772 866 observare]
1788 800 2099 847 noscuntur.

519 890 648 948 Haec
688 890 830 946 enim
875 890 984 943 duo
1031 887 1245 943 metalla
1298 902 1395 955 pro
1440 883 1753 939 fortitudine
1787 883 2104 938 delictorum

519 981 1047 1039 videnturadhibita.
1070 981 1174 1036 Sed
1194 979 1294 1035 ista
1314 978 1589 1033 hominum
1606 977 1805 1031 viribus
1823 975 2115 1045 desperata

518 1075 688 1131 virtus
712 1075 890 1128 divina
912 1072 1181 1143 confregit,
1210 1072 1426 1137 quando
1450 1068 1818 1141 periclitantes
1844 1066 2107 1123 adventus

518 1168 599 1224 sui
629 1167 830 1221 lumine
858 1166 1106 1220 miserata
1134 1165 1400 1233 respexit.

591 1259 743 1315 νει-ε.
774 1258 862 1314 17.
912 1257 1148 1328 Suscepit
1196 1272 1279 1309 eos
1326 1257 1389 1310 de
1427 1255 1510 1309 via
1558 1253 1843 1322 iniquitatis
1888 1263 2105 1305 eorum:

518 1362 726 1421 propter
753 1350 1032 1421 injustitias
1062 1350 1197 1402 enim
1226 1364 1346 1401 suas
1377 1346 1638 1401 ltumilittti
1659 1355 1804 1401 sunt.
1849 1345 2107 1413 Quamvis

518 1442 696 1497 omnia
729 1441 987 1496 Dominus
1027 1439 1321 1507 maiestatis
1362 1452 1475 1493 suae
1517 1436 1803 1507 prmsentia
1834 1436 2107 1504 complere

518 1533 788 1602 videatur,
819 1541 998 1587 tamen
1028 1534 1109 1585 sic
1136 1546 1165 1584 a
1198 1530 1569 1599 peccatoribus
1601 1530 1927 1599 longinquus
1974 1526 2103 1583 red-

518 1624 682 1692 ditur,
728 1632 788 1680 ut
828 1639 937 1679 non
967 1623 1016 1678 ei
1049 1624 1180 1677 ﬁant
1211 1623 1466 1691 proximi,
1499 1622 1603 1676 nisi
1631 1621 1845 1695 quando
1885 1620 1951 1674 ad
1981 1634 2107 1675 eum

518 1715 690 1784 ipsius
715 1715 1061 1770 miseratione
1085 1715 1329 1769 venerint
1352 1713 1682 1784 compnncti.
1715 1712 1820 1769 Sed
1845 1721 2104 1784 quantum

2205 508 2459 566 stantiam
2487 503 2802 578 potestatis;
2832 516 2957 558 nam
2986 502 3350 573 arqualitatem
3376 514 3501 556 esse
3531 499 3588 554 iu
3619 499 3801 555 Trini-

2206 610 2319 660 tete
2348 599 2604 672 potentia:
2628 597 2713 654 vel
2745 606 2974 661 naturae,
3026 596 3080 650 in
3126 593 3422 664 Scripturis
3463 592 3670 647 divinis
3698 591 3804 648 tre-

2207 703 2434 765 quenter
2460 690 2752 756 asseritur;
2784 688 2931 760 quod
2962 688 3103 744 inter
3130 686 3263 742 alios
3293 686 3554 743 decenter
3584 701 3618 739 a
3644 684 3804 742 Patro

2206 797 2392 842 nostro
2410 783 2709 854 Augustino
2731 782 2785 837 in
2809 782 2949 837 libro
2969 780 3425 836 Testimoniorum
3446 787 3665 836 constat
3682 793 3804 835 esse

2200 879 2489 936 collectum
2522 877 2615 947 (Et
2637 891 2738 932 ser.
2766 876 2890 937 181,
2921 874 2986 929 de
3012 872 3240 942 Testa).

2282 972 2433 1027 Vers.
2462 972 2554 1025 9.1.
2600 970 2962 1037 Conﬁteautur
2998 967 3218 1020 Domino
3249 964 3624 1020 misericordia
3666 966 3802 1033 ejus,

2207 1074 2258 1120 et
2289 1063 2546 1117 mirabilia
2571 1065 2686 1135 ejus
2714 1061 2837 1131 ﬁliis
2864 1059 3148 1113 hominum.
3198 1057 3398 1124 Quarta
3432 1056 3608 1111 sectio
3648 1070 3803 1123 repe-

2110 1166 2111 1169 ‘
2206 1155 2321 1209 ttitis
2355 1153 2606 1208 versibus
2648 1150 2933 1215 introitur,
2980 1149 3172 1217 quibus
3216 1146 3489 1215 expositio
3540 1144 3800 1215 praedicta

2210 1244 2459 1300 sufﬁciet.
2510 1242 2836 1298 Commonet
2879 1248 3060 1294 autem
3106 1239 3416 1292 sacerdotes
3462 1243 3524 1290 ut
3572 1235 3800 1291 Domino

2209 1337 2536 1403 sacriﬁcent,
2580 1341 2638 1391 et
2672 1331 2945 1389 mirabilia
2989 1332 3110 1402 eius
3158 1330 3368 1401 populis
3406 1344 3515 1385 non
3551 1328 3801 1384 desinam

2214 1431 2527 1504 prtedicare.

2284 1525 2439 1579 τετε.
2481 1524 2574 1578 2-2..
2625 1521 2690 1576 Et
2719 1520 3008 1589 sacriﬁcent
3031 1517 3342 1587 sacriﬁcium
3375 1514 3572 1577 laudis,
3609 1521 3654 1568 et
3680 1529 3798 1582 pro-

2212 1619 2443 1672 nuntient
2465 1632 2618 1687 opera
2636 1616 2744 1685 ejus
2765 1615 2819 1667 in
2838 1614 3203 1668 exsultatione.
3226 1610 3455 1666 Domino
3473 1607 3797 1664 sacriﬁcium

2208 1710 2387 1765 reddit
2407 1708 2498 1777 qui
2526 1710 2676 1763 lactus
2700 1706 2931 1762 hostiam
2956 1703 3133 1759 laudis
3157 1702 3415 1758 obtulerit
3441 1719 3454 1754 ε
3483 1701 3612 1771 quia
3638 1699 3800 1753 multo

519 1816 714 1863 noceat
740 1807 838 1862 ista
866 1807 1122 1869 desertio,
1154 1813 1396 1874 patenter
1423 1806 1746 1875 esponitur;
1778 1802 1907 1859 dicit
1933 1803 2103 1867 enim,
2142 1797 2187 1859 Β
2214 1802 2559 1873 praestantius
2607 1809 2690 1854 est
2735 1813 2860 1854 cum
2907 1797 3063 1852 bonis
3111 1795 3319 1850 actibus
3363 1792 3686 1863 psalmodia
3727 1788 3801 1845 illi

519 1907 726 1973 propter
745 1898 1024 1968 injustitias
1048 1914 1169 1952 suas
1195 1896 1524 1960 humiliatos;
1556 1911 1663 1957 non
1690 1895 1781 1950 illa
1807 1893 2108 1949 bumiiitate

519 1992 709 2049 vitali:
753 1993 858 2048 alia
886 2000 972 2048 est
999 1993 1143 2046 enim
1195 1992 1282 2045 illa
1333 1989 1612 2045 humilitas
1638 2002 1758 2058 qua:
1787 1986 1966 2057 erigit,
2002 2000 2107 2040 non

519 2083 621 2139 ista
647 2098 768 2152 qua:
793 2083 994 2153 dejicit.
1032 2082 1358 2136 Ilumiliat-m
1380 2083 1577 2152 quippe
1607 2082 1660 2135 in
1692 2078 1991 2146 interitum,
2016 2079 2107 2150 qui

519 2173 585 2230 ad
616 2175 761 2230 illam
791 2190 897 2230 non
929 2176 1189 2229 meruerit
1216 2174 1499 2243 pervenire
1527 2173 1871 2228 medicatam.

595 2263 748 2321 νει-ε.
778 2264 865 2321 18.
884 2265 1098 2319 Omnem
1123 2281 1291 2319 escam
1304 2266 1599 2320 abominata
1619 2274 1692 2320 est
1712 2265 1886 2318 anima
1906 2278 2104 2329 eorum,

519 2361 571 2410 et
596 2356 1027 2426 appropiaoerunt
1050 2354 1207 2426 (mss.
1234 2356 1323 2421 A.,
1351 2356 1435 2421 8.,
1452 2350 2107 2427 F.,appropir.quaverunt]

520 2464 678 2517 usque
697 2448 765 2502 ad
790 2458 965 2519 portas
986 2448 1181 2503 mortis.
1215 2447 1487 2515 Quantum
1511 2447 1577 2502 ad
1590 2446 1830 2503 "litteram
1852 2446 2106 2517 pertinet,

519 2539 887 2606 languentium
915 2540 1249 2595 consuetudo
1278 2540 1623 2606 describitur,
1651 2540 1741 2608 qui
1773 2553 1868 2604 per
1896 2536 2107 2592 fastidia

526 2627 656 2693 cibi,
687 2627 978 2683 discrimen
1012 2631 1292 2684 incurrere
1334 2628 1631 2698 probantur
1659 2628 1829 2682 exitii.
1882 2625 1991 2683 Sed
2021 2626 2108 2681 hic

522 2717 821 2787 spiritalem
845 2734 1029 2785 escam,
1065 2719 1116 2774 id
1146 2727 1230 2774 est
1275 2719 1447 2788 legem
1492 2717 1705 2775 Domini
1749 2726 1806 2773 et
1853 2718 2107 2772 salutaria

519 2818 788 2879 praecepta
839 2810 1014 2879 potius
1058 2808 1323 2866 debemus
1376 2810 1692 2873 advertere.
1740 2810 1899 2865 unde.
1933 2808 2108 2864 ﬁdelis

518 2901 693 2957 anima
721 2901 882 2967 vivit,
926 2910 983 2956 ct
1011 2901 1165 2971 copia
1196 2915 1431 2971 superna
1454 2901 1740 2957 'reﬁcitur:
1773 2900 1841 2957 de
1865 2915 1969 2971 qua
2007 2899 2108 2955 im-

476 3002 486 3009 '
516 2994 723 3063 piorum
747 3010 899 3051 mens
920 2995 1147 3050 exitiosa
1169 2994 1310 3052 fame
1326 2995 1509 3065 jejuna
1531 3001 1635 3061 est,
1661 2994 1790 3049 dum
1813 3001 2106 3065 aegrotante

515 3085 695 3141 anima
725 3086 983 3141 bonarum
1010 3101 1192 3143 rerum
1230 3087 1474 3143 noscitur
1502 3085 1773 3143 sustinere
1802 3088 2105 3155 penuriam.

2206 1894 2554 1965 iubilationes
2582 1892 2795 1959 offerre,
2830 1904 2991 1961 quam
3022 1888 3291 1958 pecudum
3321 1884 3576 1939 victimas
3606 1881 3799 1938 immo-

2208 1985 2346 2041 lare.
2402 1984 2537 2039 Nam
2580 1982 2759 2053 qualia
2805 1978 3071 2036 sacriﬁcia
3117 1978 3226 2032 sint
3269 1974 3563 2044 pmbenda
3606 1986 3796 2028 conse-

2209 2086 2441 2148 quenter
2486 2077 2753 2145 exponit;
2821 2071 3033 2128 scilicet
3083 2078 3143 2124 ut
3189 2068 3353 2141 363
3408 2064 3801 2137 praedicatores

2210 2169 2468 2225 beneﬁcia
2496 2169 2614 2236 ejus
2643 2174 2825 2222 tacere
2863 2178 2970 2221 non
2999 2163 3269 2226 debeant;
3319 2168 3594 2230 quatenus
3616 2167 3679 2213 et
3703 2157 3801 2227 ipsi

2210 2263 2440 2319 reddant
2469 2262 2740 2327 debitum,
2793 2268 2850 2316 et
2898 2257 3148 2314 ﬁdelibus
3192 2260 3513 2324 competens
3556 2251 3802 2307 doctrina

2210 2354 2353 2429 [mss.
2370 2354 2461 2421 A.,
2478 2353 2569 2420 B.,
2586 2352 2680 2419 F.,
2707 2347 2994 2421 medicina]
3012 2354 3363 2405 monstretur.
3394 2343 3503 2401 Sed
3530 2343 3715 2416 qualis
3738 2343 3802 2399 sit

2210 2449 2309 2502 ista
2353 2446 2724 2516 pronuntiatio
2761 2443 3040 2515 aptissimo
3075 2441 3243 2497 verbo
3277 2431 3613 2504 declaratur,
3645 2436 3700 2493 id
3725 2443 3803 2494 est

2207 2540 2263 2593 in
2289 2540 2665 2602 exsultatione;
2714 2553 2819 2593 non
2852 2537 3041 2603 tristis,
3074 2550 3180 2590 non
3212 2532 3485 2597 difﬁdens,
3516 2529 3619 2587 sed
3650 2529 3801 2586 latus

2208 2641 2366 2701 atque
2398 2631 2851 2703 promptissimus,
2884 2640 2943 2687 ut
2969 2630 3036 2686 ab
3064 2626 3405 2685 audientibus
3435 2625 3614 2697 possit
3641 2624 3797 2681 intel-

2213 2722 2303 2792 ligi
2330 2723 2656 2779 conﬁdentia
2695 2721 3059 2794 pradicantis.
3108 2721 3205 2776 Illa
3239 2720 3383 2777 enim
3422 2717 3665 2775 celerius
3704 2730 3799 2772 ac-

2209 2814 2537 2883 quiescimus
2582 2813 2828 2880 credere,
2858 2829 2979 2884 que
3022 2813 3275 2870 doctores
3315 2810 3561 2867 videmus
3600 2809 3708 2865 ﬁxa
3746 2817 3801 2867 et

2213 2915 2361 2977 grata
2392 2914 2573 2963 mente
2602 2906 2919 2975 pradicare.

2281 2997 2435 3055 Vers.
2456 2997 2548 3056 25.
2584 2998 2683 3066 Qui
2707 2999 3018 3055 descendunt
3047 3015 3188 3054 mare
3211 2998 3269 3053 in
3295 2998 3521 3064 nauibus,
3545 2997 3795 3070 facientes

2207 3090 2556 3159 operationem
2588 3090 2643 3145 in
2670 3091 2818 3160 aquis
2856 3091 3051 3145 multis.
3100 3090 3236 3146 Cum
3268 3089 3435 3155 dicit,
3481 3089 3799 3145 descendunt

516 3178 715 3237 Gravis
739 3179 959 3235 morbus
989 3188 1045 3235 et
1068 3180 1401 3235 exsecranda
1423 3179 1723 3245 calamitas,
1749 3177 1945 3233 divinae
1972 3178 2104 3248 legis
2131 3177 2176 3239 C
2209 3195 2369 3247 mare,
2399 3180 2666 3251 signiﬁcat
2699 3180 3009 3236 sacerdotes
3036 3182 3124 3251 qui
3155 3182 3339 3237 seaculi
3382 3181 3544 3238 istius
3582 3182 3798 3252 procel-

514 3272 879 3340 appetentiam
910 3286 1017 3326 non
1048 3271 1281 3338 habere;
1315 3286 1439 3326 nam
1470 3270 1613 3327 unde
1643 3272 1811 3339 pos-it
1833 3273 2033 3335 vivere,
2056 3269 2104 3324 si

515 3375 675 3417 suam
700 3361 865 3415 vitam
893 3364 1119 3429 coeperit
1148 3378 1255 3416 non
1282 3362 1510 3418 amare?
1552 3362 1686 3417 llinc
1714 3362 1909 3416 factum
1937 3372 2018 3416 est
2048 3371 2106 3417 ut

514 3452 585 3507 ad
616 3452 706 3506 illa
734 3453 967 3508 claustra
996 3452 1275 3509 mortifera
1295 3454 1540 3509 venirent
1561 3455 1681 3529 [ms.
1712 3453 1778 3510 G.
1804 3463 1853 3507 et
1879 3455 1986 3519 ed.,
2013 3470 2105 3510 ve-

516 3543 774 3616 niretur];
804 3559 927 3615 quae
956 3545 1079 3601 ideo
1108 3559 1215 3600 non
1243 3555 1367 3599 sunt
1396 3544 1647 3616 ingressi,
1669 3547 1922 3617 quoniam
1947 3555 2103 3603 erant

518 3636 730 3691 Domini
760 3638 1111 3693 miseratione
1137 3638 1421 3694 liberandi.

536 3762 541 3767 ι
591 3728 744 3784 Vera.
776 3732 863 3786 19.
909 3731 974 3785 Et
1008 3732 1352 3786 clamauerunt
1380 3731 1449 3785 ad
1481 3731 1756 3785 Dominum
1787 3749 1900 3785 cum
1932 3732 2099 3786 tribu-

514 3818 767 3887 lurentur,
793 3831 840 3876 et
861 3823 924 3876 de
945 3823 1325 3878 necessitatibus
1346 3839 1519 3878 eorum
1540 3823 1769 3878 liberavit
1795 3839 1898 3877 eos.
1934 3824 2097 3877 Istum

516 3925 728 3969 versum
755 3924 963 3969 constat
993 3929 1116 3970 esse
1146 3919 1434 3986 repetitum
1455 3957 1471 3982 ,
1523 3917 1775 3987 quoniam
1830 3917 1882 3971 in
1934 3917 2097 3971 simili

514 4016 676 4061 causa
703 4021 861 4060 unam
891 4007 1072 4062 decuit
1095 4022 1218 4064 esse
1246 4009 1588 4065 sententiam.

591 4101 741 4157 Vers.
770 4100 862 4156 ΞΑ.
907 4102 1049 4156 Misit
1077 4105 1279 4158 uerbum
1303 4120 1455 4159 suum
1482 4115 1528 4158 et
1554 4105 1753 4159 sanavit
1781 4120 1888 4169 eos,
1920 4114 1969 4158 et
1993 4104 2097 4158 eri-

509 4192 624 4261 puit
650 4209 733 4247 eos
762 4192 825 4247 de
855 4195 1228 4249 interitionibus
1252 4211 1450 4251 eorum.
1488 4197 1581 4253 llic
1603 4200 1943 4268 agnoscimus
1969 4212 2097 4266 qua-

508 4284 580 4339 lis
609 4284 829 4354 languor
866 4286 935 4339 sit
976 4286 1283 4352 spirituales
1309 4288 1535 4344 delicias
1566 4289 1830 4355 fastidire,
1879 4302 1934 4345 ut
1981 4293 2096 4346 sola

505 4376 749 4432 amicitia
781 4375 968 4433 Medici
1002 4379 1283 4447 prmaentia
1336 4382 1444 4436 tale
1492 4383 1756 4450 potuisset
1800 4383 2095 4451 periculum

506 4467 840 4537 egritudinis
867 4480 1167 4538 amputare.
1194 4471 1352 4527 Venit
1376 4474 1519 4528 enim
1547 4474 1802 4530 Dominus
1825 4475 2092 4539 Salvator,

2208 3270 2318 3327 losa
2347 3270 2695 3327 descendunt.
2721 3271 2859 3327 Nam
2878 3288 2998 3329 cum
3021 3272 3175 3337 dicit,
3202 3274 3538 3341 descendunt,
3561 3273 3798 3329 ostendit

2209 3362 2464 3418 inferiora
2515 3363 2630 3418 loca
2678 3379 2799 3421 esse
2846 3366 3053 3432 saeculi,
3105 3365 3172 3421 ad
3219 3381 3339 3436 qua:
3366 3366 3617 3420 deamat
3644 3378 3800 3432 posse

2208 3463 2455 3511 testatur.
2494 3455 2804 3511 [ueracibus
2834 3465 3013 3512 autem
3040 3457 3126 3527 (ut
3152 3472 3298 3528 stupe
3322 3455 3584 3527 diximus)
3614 3454 3798 3511 Eccle-

2205 3548 2315 3601 sias
2355 3546 2641 3617 signiﬁcat,
2672 3563 2794 3617 quze
2823 3547 2972 3618 ligno
3000 3549 3179 3603 crucis
3212 3548 3397 3603 mundi
3445 3548 3609 3603 istius
3658 3557 3798 3602 tem-

2207 3650 2439 3709 pestates
2470 3641 2774 3712 enavigant.
2819 3640 2908 3698 Sic
2934 3642 3078 3696 enim
3109 3657 3252 3696 mare
3280 3640 3614 3696 descenditur
3638 3649 3799 3709 atque

2210 3737 2488 3803 transitur,
2522 3735 2567 3790 si
2597 3734 2882 3790 tutissimis
2911 3735 3141 3790 navibus
3188 3734 3508 3801 insideatur,
3562 3733 3658 3789 ubi
3705 3748 3796 3805 gn.

2215 3826 2469 3881 bermtor
2516 3833 2603 3881 est
2650 3823 2934 3892 Christus,
2989 3825 3077 3880 ubi
3131 3826 3364 3897 remiges
3413 3824 3692 3896 apostoli,
3743 3831 3797 3879 et

2210 3928 2516 3974 sanctorum
2579 3918 2892 3988 pontiﬁcum
2956 3918 3110 3974 beata
3173 3918 3445 3975 collectio.
3514 3917 3790 3987 Sequitur,

2206 4012 2448 4080 facientes
2469 4012 2815 4080 operationem
2836 4012 2890 4065 in
2910 4028 3010 4082 aqu
3022 4014 3057 4065 's
3084 4011 3277 4066 multis.
3308 4011 3497 4067 Adhuc
3523 4012 3574 4068 in
3603 4010 3792 4066 eadem

2204 4103 2605 4173 comparatione
2653 4105 2913 4173 persistit.
2971 4104 3296 4160 Sacerdotes
3344 4112 3472 4159 sunt
3522 4104 3672 4159 enim
3702 4101 3796 4173 qui

2204 4206 2494 4264 operantur
2527 4198 2580 4251 in
2614 4196 2767 4266 aquis
2804 4196 3008 4263 multis,
3048 4196 3102 4251 id
3138 4205 3223 4252 est
3252 4197 3550 4266 praedicant
3578 4196 3795 4266 populis

2203 4287 2542 4344 Christianis.
2594 4288 2767 4357 Aquas
2794 4290 2938 4344 enim
2969 4290 3183 4355 multas,
3216 4289 3444 4359 populos
3489 4288 3797 4359 signiﬁcare

2203 4394 2311 4434 non
2341 4380 2559 4434 dubium
2590 4389 2705 4448 est,
2741 4382 2957 4450 quando
2988 4382 3041 4437 in
3073 4381 3418 4453 Apocalypsi,
3448 4381 3579 4453 quid
3612 4391 3795 4439 essent

2202 4486 2350 4539 aqua:
2396 4471 2748 4541 interroganti
2794 4472 2990 4529 Joanni
3040 4487 3360 4543 responsum
3410 4482 3544 4529 est:
3600 4471 3796 4544 Populi

503 4560 592 4629 qui
632 4574 731 4616 nos
757 4559 1008 4618 reﬁceret
1035 4576 1099 4617 ac
1121 4574 1377 4621 sanaret:
1410 4578 1479 4622 ne
1508 4564 1803 4634 spirituatis
1830 4566 1931 4622 cibi
1955 4566 2096 4637 jeju-
2125 4565 2181 4625 D
2203 4572 2318 4617 sunt
2344 4563 2535 4632 (Apoc.
2564 4580 2695 4629 xvn.
2725 4564 2837 4633 15).
2887 4564 3020 4633 Quis
3050 4574 3228 4622 autem
3256 4566 3434 4622 verior
3460 4574 3654 4637 potest
3680 4581 3794 4623 esse

501 4651 588 4704 nia
634 4663 972 4721 peccatorum
1002 4653 1165 4709 corda
1194 4650 1596 4711 consumerent.
1642 4654 1775 4711 Nam
1817 4663 1959 4727 quod
1996 4660 2092 4728 ait,

499 4740 554 4796 Μ
572 4742 656 4795 irit
681 4744 885 4797 verbum
911 4760 1079 4811 suum,
1109 4745 1174 4799 ad
1201 4745 1519 4802 charitatem
1547 4747 1742 4802 dicitur
1765 4746 1959 4812 Patris,
1988 4763 2092 4805 non

494 4832 572 4887 ,ιιι
604 4834 1009 4904 imparilitatem
1037 4839 1324 4907 potentia};
1380 4853 1503 4893 nam
1551 4838 1782 4893 mittitur
1810 4848 1861 4895 et
1893 4853 1924 4895 a
1956 4840 2089 4896 Filio

512 4924 744 4992 Spiritus
769 4937 1009 4992 sanctus,
1041 4929 1179 4982 sicut
1207 4936 1262 4983 et
1292 4929 1408 4998 ipse
1437 4929 1488 4983 in
1523 4930 1811 5001 Evangelia
1838 4931 1949 4985 ait:
1983 4928 2094 4986 Ea:-

509 5014 645 5085 pedit
671 5016 808 5070 vobis
835 5027 890 5071 ut
912 5012 1012 5090 ego
1041 5018 1225 5072 vadum
1249 5032 1269 5072 :
1298 5018 1343 5072 si
1372 5018 1505 5073 enim
1547 5035 1649 5073 non
1694 5018 1887 5087 abiero,
1920 5020 2062 5075 Para

509 5107 661 5160 alitus
686 5122 788 5160 non
814 5110 976 5162 usuist
1003 5109 1073 5163 ad
1112 5125 1195 5165 vos
1211 5125 1232 5177 ;
1262 5109 1306 5164 si
1335 5120 1500 5164 autem
1528 5110 1721 5177 abiero,
1752 5112 1953 5166 mittam
1980 5128 2095 5167 eum

508 5197 579 5250 ad
606 5211 694 5251 vos
731 5196 910 5266 (Joau.
940 5216 1051 5269 xvi,
1082 5202 1159 5268 7).
1219 5199 1288 5256 Et
1330 5202 1523 5257 iterum
1563 5202 1732 5258 Filius
1773 5203 2001 5259 mittitur
2027 5204 2103 5260 ab

506 5289 710 5357 Spiritu
750 5301 970 5358 saneto,
1013 5294 1149 5348 sicut
1181 5292 1345 5349 lsaias
1371 5293 1439 5348 de
1466 5293 1682 5349 Christo
1710 5294 1821 5349 ait:
1862 5295 2093 5363 Spiritus

509 5381 720 5436 Domini
746 5400 902 5453 super
925 5400 1023 5450 me,
1057 5395 1261 5455 propter
1287 5388 1424 5455 quod
1453 5388 1601 5442 unxit
1624 5403 1722 5453 me,
1747 5389 2107 5456 euangelizare‘

507 5475 815 5546 pauperibus
847 5475 982 5529 misit
1010 5492 1089 5529 me
1113 5474 1404 5547 (Isai.'t.xt,
1433 5479 1511 5549 i).
1556 5478 1782 5533 Mittitur
1809 5477 1971 5532 etiam
2001 5494 2095 5547 po-

504 5567 613 5621 tior
632 5581 661 5620 a
684 5566 910 5634 minore,
936 5568 1075 5624 sicut
1098 5568 1293 5624 Tobias
1315 5572 1562 5641 angelum
1587 5571 1750 5626 misit.
1784 5570 1889 5627 Sed
1918 5587 2093 5643 neque

505 5657 682 5713 mlnor
711 5668 793 5714 est
823 5658 994 5715 Filius
1024 5659 1150 5715 dum
1184 5676 1212 5714 a
1245 5660 1403 5716 Patre
1435 5661 1695 5724 mittitur.
1728 5676 1829 5717 nec
1856 5662 2090 5731 Spiritus

504 5757 721 5805 sanctus
750 5749 903 5815 Filio,
955 5753 1205 5821 quoniam
1257 5753 1324 5808 ab
1370 5751 1558 5809 eodem
1597 5752 1921 5810 destinatur.
1981 5755 2087 5812 Iste

2201 4657 2538 4722 intellectus,
2605 4657 2712 4712 nisi
2771 4671 2932 4728 quem
2993 4664 3158 4713 tanta:
3206 4658 3453 4715 veritatis
3502 4659 3792 4716 conﬁrmat

2202 4749 2493 4803 auctoritas
2513 4750 2539 4800 ἲ

2275 4840 2426 4895 Vera.
2453 4842 2545 4896 24.
2585 4840 2700 4911 Ipsi
2725 4842 2964 4898 viderunt
2993 4859 3147 4913 opera
3178 4842 3420 4911 Domini,
3451 4852 3500 4898 et
3531 4847 3792 4901 mirabilia

2200 4935 2309 5004 ejus
2336 4936 2389 4988 in
2420 4937 2701 5004 profundo.
2754 4936 2859 5007 Ipsi
2891 4936 3274 5005 przedicatores
3311 4936 3419 5008 qui
3443 4951 3650 5007 operas
3680 4940 3791 5007 ejus

2197 5026 2460 5092 spirituali
2508 5028 2861 5097 intelligentia
2906 5038 3317 5098 cognoverunt;
3367 5040 3426 5084 ut
3471 5044 3631 5086 mare
3678 5031 3789 5085 Ru-

2199 5116 2376 5183 brum,
2406 5117 2764 5186 baptismum;
2817 5127 2877 5173 ut
2917 5118 3068 5175 luna:
3099 5119 3396 5175 triduanam
3435 5118 3590 5176 illam
3627 5120 3783 5176 ferini

2198 5210 2402 5263 ventris
2443 5210 2719 5264 innoxiam
2770 5210 3164 5267 habitationem
3212 5212 3525 5282 sepulcrum
3570 5212 3782 5269 Domini

2199 5299 2501 5368 signiﬁcare
2529 5309 2945 5368 cognoscerent;
2997 5311 3053 5357 et
3103 5301 3187 5356 his
3232 5301 3451 5372 similia,
3481 5318 3606 5372 qua:
3649 5304 3789 5361 Scri-

2201 5398 2476 5459 pturarum
2529 5389 2831 5445 divinarum
2889 5392 3412 5462 pratﬁgurationibus
3465 5393 3781 5465 agebantur.

2200 5479 2388 5548 quue
2416 5480 2473 5533 ﬁt
2502 5490 2556 5534 ut
2583 5480 2840 5535 mirabilia
2865 5483 2977 5551 ejus
3003 5482 3059 5537 in
3087 5485 3349 5554 profundo
3378 5485 3674 5555 respiciant
3698 5484 3783 5554 qui

2198 5587 2392 5642 operas
2421 5574 2539 5640 ejus
2570 5574 2837 5642 spirituali
2865 5576 3223 5632 aestimatione
3250 5576 3616 5634 considerant.

2271 5665 2425 5720 Vers.
2455 5666 2547 5719 25.
2597 5664 2765 5732 Dixit,
2797 5677 2842 5722 et
2869 5669 3003 5725 stetit
3034 5670 3246 5741 spiritus
3269 5671 3531 5743 procellae,
3559 5680 3607 5726 et
3636 5670 3781 5727 ρει-(ιιι
3828 5686 3829 5689 ‘

2197 5759 2291 5812 tati
2316 5767 2432 5812 sunt
2460 5760 2649 5828 ﬂuctus
2676 5761 2807 5830 ejus.
