4032 6340
216 324 343 386 ΤΒ

1120 322 1480 382 EXPOSITIO
1520 322 1583 378 ΙΝ
1623 318 2080 377 PSALTERIUM.
2117 318 2307 377 PSAL.
2350 318 2481 374 CVI.

3389 316 3498 374 ττι

313 442 467 499 Vers.
497 440 591 497 26.
623 439 917 496 Ascendunt
943 454 1102 508 usque
1132 438 1202 492 ad
1230 438 1399 503 caelos,
1433 444 1481 490 et
1511 435 1821 490 descendunt
1850 437 1901 495 Α
1927 433 2278 503 Sulnjungitur
2306 433 2531 501 repetita
2562 429 2775 500 quidem
2795 472 2812 497 ,
2850 430 2949 485 sed
2970 474 2971 477 η
2993 430 3153 487 nimis
3190 437 3343 509 grata
3368 448 3493 491 eon-

208 515 399 601 'nsque
434 530 503 585 ad
546 530 757 600 abyssos
779 543 801 583 :
839 527 1011 581 anima
1042 542 1222 582 eorum
1252 528 1305 580 in
1338 526 1484 579 malis
1516 522 1814 579 tabescebat.

230 619 312 679 Ne
356 619 430 675 illi
476 632 613 690 quos
643 617 889 686 superius
918 615 1051 670 dixit
1080 629 1297 685 operam
1331 614 1543 669 Domini
1592 614 1645 668 in
1692 627 1819 683 pro-

218 711 402 767 ‘fundo
430 723 585 778 posse
607 707 942 775 conspicere,
968 706 1144 775 aliqua
1168 705 1401 761 elatione
1424 710 1813 773 turgescerent,

230 816 377 858 nunc
403 815 592 856 eorum
624 797 891 869 procellas
921 806 976 852 et
1002 797 1197 850 ﬂuctus
1227 804 1626 865 consequenter
1650 808 1818 863 expo-

233 896 333 950 nit.
367 892 528 956 Dixit,
553 900 599 944 et
628 890 766 957 stetit
792 889 1002 959 spiritus
1032 888 1291 956 procellar,
1312 886 1580 957 signiﬁcat
1600 885 1817 956 quando

216 984 493 1040 Dominus
532 989 882 1049 tempestates
928 966 1330 1034 tribulationum
1374 986 1683 1032 nostrarum
1722 977 1815 1047 pia

230 1071 582 1129 miseratione
600 1068 889 1138 suspendit
914 1084 928 1123 :
964 1083 1031 1123 ne
1057 1068 1210 1122 malis
1233 1066 1601 1123 crescentibus
1621 1065 1817 1120 obrua-

234 1180 374 1229 mur,
398 1163 493 1218 sed
524 1163 716 1216 iterum
740 1159 843 1215 nisi
869 1159 987 1227 ipso
1001 1166 1325 1228 protegente
1347 1158 1658 1212 liberemur.
1691 1156 1815 1210 Haec

232 1255 422 1310 dilatio
453 1250 608 1307 nobis
649 1250 710 1304 fit
741 1249 969 1321 maioris
984 1263 1158 1304 causa
1208 1249 1454 1315 periculi.
1504 1247 1816 1302 Exallanlnr

232 1345 379 1401 enim
414 1345 605 1414 ﬂuam
632 1343 689 1397 in
720 1340 989 1397 utentibus
1002 1339 1282 1405 immanis,
1317 1340 1531 1409 quando
1569 1348 1815 1408 putamus

228 1436 446 1491 meritis
493 1430 691 1488 nostris
736 1431 979 1499 attribui,
1029 1430 1172 1485 unde
1217 1429 1332 1485 sola
1360 1430 1606 1484 videmur
1631 1428 1814 1484 divina

232 1528 406 1598 gratia
437 1539 592 1596 posse
618 1524 861 1579 liberari.
893 1522 999 1578 Sed
1027 1523 1115 1577 isti
1143 1525 1334 1591 ﬂuctus
1363 1521 1673 1576 narratione
1700 1521 1816 1587 pul-

218 1618 503 1675 tcberrima
530 1614 919 1671 describuntur.
950 1612 1244 1667 Ascendunt
1273 1611 1406 1667 enim
1431 1628 1590 1677 usque
1616 1612 1685 1665 ad
1715 1627 1815 1665 cte-

221 1712 340 1777 :los,
366 1710 576 1780 quando
591 1706 785 1764 saeculi
808 1705 1130 1762 elationibus
1157 1705 1466 1775 eriguntur;
1497 1704 1813 1758 descendunt

1920 525 2088 579 clusio
2106 561 2123 590 ,
2155 534 2213 579 ut
2238 524 2303 578 de
2328 521 2709 579 necessitatibus
2733 522 2943 579 eunetis
2969 514 3268 587 liberaretur
3288 524 3499 583 animus

1919 614 2217 669 :rstnantis.

1985 702 2148 759 Vers.
2181 704 2270 760 bl.
2318 704 2673 773 Conﬁteantur
2700 704 2921 759 Domino
2961 706 3326 760 misericordia
3362 708 3499 778 ejus,

1917 802 1966 848 et
2004 794 2261 848 mirabilia
2299 796 2408 865 ejus
2451 796 2572 863 ﬁliis
2612 796 2894 850 hominum.
2950 796 3104 851 Venit
3145 797 3211 851 ad
3256 798 3497 865 quintam

1916 884 2231 949 sectionem,
2259 885 2350 940 ubi
2380 888 2578 955 gratias
2603 901 2763 956 agere
2792 887 3017 941 Domino
3039 894 3280 941 sanctam
3310 896 3496 942 monet

1914 974 2215 1030 Ecclesium
2243 993 2256 1028 :
2289 975 2411 1045 quia
2455 975 2666 1031 diversa
2718 977 2973 1033 beneﬁcia
3027 976 3261 1034 humano
3306 981 3492 1048 generi

1912 1066 2038 1136 pius
2082 1067 2368 1122 miseratur
2393 1068 2636 1123 indulsit.
2684 1069 2791 1124 Sed
2834 1069 3039 1139 inspice
3064 1070 3208 1140 quod
3248 1072 3494 1127 eumdem

1914 1171 2133 1213 versum
2165 1169 2356 1229 quarto
2402 1160 2649 1229 repetiit;
2700 1167 2762 1216 ut
2808 1161 3135 1231 quadrifaria
3180 1162 3267 1217 illa
3294 1164 3494 1219 mundi

1910 1249 2129 1315 divisio,
2161 1264 2320 1320 quam
2347 1252 2597 1319 superius
2638 1252 2805 1318 dixit,
2854 1268 2886 1305 a
2920 1253 3042 1307 solis
3069 1261 3186 1307 ortu
3216 1263 3264 1308 et
3289 1270 3492 1323 occasu,

1917 1345 1980 1397 ab
2006 1344 2246 1415 aquilone
2272 1354 2319 1398 et
2347 1347 2477 1397 mari
2498 1385 2514 1411 ,
2566 1346 2649 1400 bis
2696 1346 3034 1403 concordans
3079 1348 3323 1417 partibus
3356 1348 3493 1403 red-

1911 1433 2167 1500 deretur;
2217 1445 2477 1506 quatenus
2523 1438 2695 1492 fidelis
2735 1441 3002 1495 confesso
3045 1441 3242 1511 ubique
3269 1441 3491 1506 eadem,

1917 1524 2115 1592 ubique
2152 1525 2507 1580 celeberrima
2554 1536 2879 1582 cantaretur.
2947 1528 3289 1599 Congruebat
3346 1532 3491 1587 enim

1915 1625 1981 1681 ut
2019 1631 2177 1670 unam
2228 1618 2538 1687 religionem
2569 1658 2584 1684 ,
2631 1635 2795 1675 unum
2840 1604 3090 1691 populum
3118 1661 3135 1686 ,
3191 1639 3350 1680 unam
3396 1626 3493 1680 Εοο

1917 1707 2163 1774 clesiam,
2207 1722 2310 1763 una
2351 1725 2561 1780 quoque
2600 1714 2860 1768 sanctitas
2897 1714 3291 1785 praedicationis
3326 1716 3495 1772 incluo

218 1815 397 1871 osque
423 1799 492 1852 ad
514 1798 745 1869 abyssos,
782 1810 906 1851 cum
936 1795 993 1849 iu
1023 1794 1454 1863 desperationem
1505 1802 1810 1862 metumque
1844 1803 1889 1863 Β
1914 1796 2088 1852 deret.

220 1890 598 1963 pervenerint.
650 1889 717 1944 Et
744 1888 865 1944 vide
891 1886 1019 1957 quid
1059 1885 1321 1953 sequitur,
1353 1886 1526 1937 anima
1555 1900 1730 1938 eorum
1757 1884 1814 1938 in

223 1982 386 2036 malis
405 1978 724 2045 tabescebat;
745 1979 949 2047 utique,
972 1974 1224 2046 quoniam
1246 1990 1415 2042 usque
1437 1973 1501 2028 ad
1524 1972 1814 2043 profundas

223 2072 461 2141 abyssos
489 2069 779 2126 formidine
805 2066 1039 2123 faciente
1065 2065 1475 2121 descenderant.
1513 2064 1814 2119 Tabescebat

222 2160 377 2217 enim
407 2168 465 2217 et
490 2159 545 2214 in
574 2161 717 2215 bono
744 2158 975 2228 positum
1006 2166 1115 2223 est,
1163 2157 1302 2211 sicut
1333 2156 1638 2226 trigesimus
1667 2164 1816 2210 octa-
1866 2172 1867 2175 η

238 2268 341 2308 vus
369 2252 602 2321 psalmus
628 2250 797 2306 dicit:
848 2250 914 2301 Et
942 2248 1196 2303 tabescere
1218 2248 1382 2318 fecisti
1412 2248 1543 2300 sicut
1571 2262 1812 2301 araneaut

221 2348 467 2401 innisum
485 2346 596 2417 ejus
616 2343 787 2416 (Psal.
805 2358 1023 2409 xxxvnt,
1044 2342 1159 2411 1‘3).
1191 2341 1295 2397 Sed
1321 2340 1407 2395 hic
1428 2340 1550 2396 ideo
1573 2341 1812 2396 additum

230 2445 349 2503 est,
393 2438 448 2490 in
475 2436 643 2501 malis,
669 2443 728 2489 ut
763 2435 816 2489 in
853 2449 956 2505 qua
986 2440 1135 2504 parte
1162 2431 1396 2504 positum
1424 2434 1524 2498 sit,
1570 2432 1815 2490 absolute

237 2526 509 2584 dehrisset
538 2525 782 2595 intelligi.
1631 2591 1642 2601 .

314 2618 466 2673 Vers.
487 2617 577 2670 27.
602 2615 812 2671 Turbati
837 2624 977 2681 sunt,
1001 2623 1050 2669 et
1069 2614 1308 2669 commoti
1332 2621 1451 2668 sunt
1470 2612 1602 2667 sicut
1620 2614 1811 2681 ebrius,

223 2720 287 2765 σει
316 2710 480 2763 anatis
500 2708 751 2775 sapientia
778 2722 952 2761 eorum
977 2707 1215 2761 devorata
1240 2713 1337 2761 est.
1376 2703 1455 2759 De
1482 2703 1612 2774 ipsis
1638 2704 1814 2759 adhuc

226 2803 367 2859 dicit
402 2802 472 2858 de
509 2802 707 2873 quibus
744 2800 990 2870 superius
1027 2800 1131 2864 ait,
1178 2798 1350 2853 anima
1375 2813 1550 2852 eorum
1577 2798 1634 2851 in
1661 2798 1812 2850 malis

225 2892 543 2949 uabescebat.
597 2891 810 2946 Turbati
848 2901 966 2945 sunt
994 2931 1010 2955 ,
1058 2889 1123 2943 ad
1170 2889 1539 2946 confusionem
1582 2887 1814 2958 pertinet

228 3000 464 3052 sensus;
505 2983 743 3039 commoti
769 2991 916 3049 sunt,
949 2982 1014 3037 ad
1047 2982 1157 3037 iras
1186 2982 1432 3051 protinus
1463 2979 1809 3036 evomendas.

226 3075 576 3146 Quapropter
604 3074 784 3129 talium
812 3073 1120 3140 sapientiam
1148 3071 1279 3126 dicit
1316 3085 1440 3126 esse
1475 3069 1811 3140 deglutitam,

1991 1892 2143 1948 Vers.
2172 1892 2262 1951 32.
2314 1893 2380 1949 Et
2420 1896 2641 1951 exultent
2672 1914 2785 1951 eum
2815 1900 2867 1952 in
2896 1899 3107 1954 ecclesia
3136 1899 3318 1971 plebis,
3359 1908 3411 1955 et
3438 1900 3495 1954 in

1916 1984 2160 2038 cathedra
2188 1987 2444 2040 seniorum
2470 1986 2594 2059 [ms.
2619 1986 2666 2043 G
2686 1997 2739 2043 et
2759 1990 2871 2055 ed.,
2898 1989 3097 2062 senum]
3123 1991 3329 2046 laudent
3355 2008 3494 2048 eum.

1918 2075 2151 2131 Exaltari
2181 2076 2310 2132 dicit
2339 2079 2620 2134 Dominum
2642 2121 2659 2146 ,
2704 2081 2791 2149 qui
2824 2096 2988 2152 supra
3020 2094 3213 2138 omnes
3237 2083 3496 2141 caelorum

1917 2173 2289 2238 terrarumque
2329 2179 2620 2238 potestates
2650 2171 2901 2226 excelsus
2927 2182 3045 2236 est;
3094 2187 3199 2227 non
3240 2172 3380 2243 quod
3422 2173 3495 2229 illi

1917 2259 2204 2329 quidquam
2236 2261 2399 2329 possit
2430 2261 2588 2326 addi,
2636 2261 2731 2316 sed
2777 2271 2835 2316 ut
2876 2276 2974 2317 nos
3002 2262 3053 2316 in
3088 2263 3254 2330 ipsius
3284 2262 3492 2317 exalta-

1916 2349 2066 2404 tioue
2088 2349 2381 2405 debeamus
2407 2352 2607 2421 augeri.
2642 2351 2773 2406 Nam
2799 2352 3014 2423 quando
3043 2366 3165 2407 eum
3191 2353 3494 2422 cogitamus

1865 2492 1871 2497 .
1916 2446 2076 2506 atque
2121 2438 2433 2506 laudamus,
2483 2439 2779 2495 immensus
2826 2448 2884 2496 et
2930 2440 3490 2511 incomprehensiliil‘s

1916 2536 2139 2598 apparet
2164 2528 2490 2585 Altissimus.
2524 2530 2623 2585 llic
2644 2539 2823 2586 autem
2849 2532 3060 2613 plebem,
3084 2548 3190 2587 non
3219 2536 3493 2603 quodcun-

1917 2636 2023 2692 que
2050 2621 2314 2692 abjeclum
2340 2624 2615 2681 hominum
2640 2641 2804 2695 genus
2827 2627 3085 2682 debemus
3105 2628 3373 2697 accipere,
3397 2628 3492 2684 sed

1916 2712 2064 2769 illam
2118 2716 2353 2772 nobilem
2403 2733 2636 2789 veraque
2687 2720 2944 2789 religione
2992 2722 3323 2790 pollentem,
3374 2732 3496 2792 quae

1920 2803 2201 2859 Dominum
2253 2806 2519 2876 religiosis
2565 2808 2773 2861 actibus
2824 2822 3036 2877 semper
3085 2810 3305 2864 exaltat.
3358 2810 3493 2866 Nam

1917 2909 2039 2951 cum
2059 2895 2209 2962 dicit,
2232 2908 2279 2951 et
2302 2899 2355 2952 in
2377 2899 2619 2952 cathrdﬂt
2646 2899 2897 2953 seniorum
2924 2902 3129 2957 laudent
3150 2917 3284 2968 eum,
3308 2916 3495 2958 omnes

1918 2985 2168 3043 doctores
2211 2990 2450 3058 praecipit
2491 2991 2675 3045 laudes
2718 2991 2927 3045 Domini
2962 3005 3287 3061 persanare,
3324 2995 3413 3064 qui
3441 2995 3495 3049 in
3562 3012 3570 3019 ·

1922 3079 2163 3133 cathedra
2209 3081 2466 3136 seniorum
2511 3082 2750 3139 residere
2798 3096 3126 3151 noscuntur;
3175 3084 3231 3143 id
3275 3095 3359 3143 est
3404 3087 3495 3158 qni

226 3168 369 3238 wquia
395 3167 651 3237 sapientia
682 3182 788 3222 non
833 3174 1011 3235 potest
1055 3165 1156 3220 nisi
1206 3164 1347 3234 apud
1376 3162 1592 3234 quietos
1628 3171 1684 3218 et
1713 3163 1813 3218 im-
1845 3191 1889 3253 ρ
1923 3183 2265 3228 successores
2315 3188 2555 3229 veterum
2617 3176 2927 3245 pontiﬁcum
2984 3193 3106 3234 esse
3161 3191 3494 3239 meruerunt.

224 3259 582 3330 perturbatos
607 3257 826 3313 animos
844 3257 1093 3313 inveniri.
1144 3256 1412 3326 Sapientia
1456 3271 1632 3310 eorum
1676 3255 1815 3311 bene

240 3350 309 3405 de
330 3350 436 3405 illis
453 3350 650 3407 dicitur
666 3351 757 3425 qni
778 3350 879 3405 sibi
901 3359 1025 3405 ante
1050 3349 1367 3404 videbantur
1386 3362 1508 3404 esse
1527 3348 1777 3403 doctores
1798 3364 1813 3403 :

240 3440 336 3498 sed
374 3457 493 3498 eam
530 3451 741 3497 constat
768 3456 889 3497 esse
916 3426 1265 3511 degltititam,
1317 3454 1438 3511 quat
1486 3440 1816 3509 perturbatis

234 3533 511 3591 ruentibus
540 3548 648 3590 non
687 3534 943 3604 praevalet
977 3547 1259 3603 apparere.
1315 3532 1410 3587 His
1447 3531 1609 3602 igitur
1632 3547 1816 3588 exem-

241 3627 347 3697 plis
387 3634 678 3681 monentur
704 3624 1049 3692 sacerdotes,
1093 3634 1153 3678 ut
1201 3624 1431 3679 Domino
1473 3624 1814 3691 supplicent;

1919 3262 2083 3332 369
2105 3261 2424 3319 Cathetlram
2454 3265 2718 3335 siquidem
2744 3269 3053 3325 doctoribus
3079 3269 3217 3339 dari,
3244 3272 3301 3327 in
3323 3272 3495 3342 primo

1920 3354 2125 3420 psalmo
2150 3352 2484 3409 sufﬁcienter
2506 3357 2809 3424 expositum
2840 3368 2942 3413 est.
3040 3368 3054 3382 ‘

1995 3443 2144 3498 Vers.
2168 3445 2257 3500 55.
2291 3443 2424 3510 Quia
2448 3448 2613 3516 posuit
2637 3449 2852 3514 ﬂumina
2875 3450 2926 3503 in
2953 3450 3229 3519 desertum,
3252 3461 3302 3507 et
3329 3453 3495 3508 exitus

1917 3552 2166 3607 aquarum
2194 3538 2248 3591 in
2274 3539 2433 3592 sitim.
2484 3540 2712 3594 Causam
2756 3540 2932 3596 reddit
2972 3557 3141 3612 quare
3166 3542 3358 3599 debeat
3386 3546 3495 3600 Do-

1919 3629 2064 3681 mino
2103 3629 2351 3699 conﬁteri
2392 3630 2545 3685 turba
2580 3631 2855 3688 ﬁdelium:
2899 3635 3022 3704 quia
3051 3635 3334 3704 reprobata
3369 3652 3496 3707 per-

230 3727 500 3790 qnatenus
546 3731 643 3774 cor
680 3733 868 3773 eorum
920 3718 972 3772 in
1024 3716 1324 3772 humilitate
1369 3716 1702 3783 consolidat,
1748 3731 1818 3774 ne
1920 3718 2043 3773 lidia
2070 3717 2402 3783 ludazorum,
2433 3722 2611 3775 omnis
2640 3722 2917 3791 plenitudo
2947 3726 3094 3779 venit
3133 3725 3197 3779 ad
3241 3727 3493 3794 populum

229 3810 518 3866 diabolicis
550 3810 934 3866 tentationibus
960 3809 1309 3864 ventilentur.

313 3902 470 3959 Vere.
496 3902 590 3958 28.
644 3901 712 3956 Et
742 3904 1080 3957 clamauerunt
1108 3903 1177 3955 ad
1209 3900 1485 3955 Dominum
1512 3915 1626 3954 cum
1654 3901 1815 3955 tribu-

1918 3810 2301 3866 Cliristianum.
2334 3809 2431 3865 Illa
2458 3813 2723 3881 siquidem
2752 3816 2990 3884 ﬂumina,
3024 3816 3076 3871 id
3107 3826 3188 3871 est
3219 3821 3495 3888 prophetae

1917 3901 2000 3955 vel
2029 3902 2256 3970 apostoli
2290 3917 2399 3956 non
2425 3903 2767 3959 credentibus
2796 3904 2997 3960 Juclceis
3028 3907 3092 3960 ad
3122 3907 3335 3963 deserta
3364 3925 3495 3978 gen-

238 3998 492 4062 larentnr,
521 4004 570 4052 et
597 3998 659 4052 de
686 3996 1068 4052 necessitatibus
1092 4011 1268 4048 eorum
1298 3994 1525 4048 liberavit
1549 4009 1652 4050 eos.
1916 3991 2048 4045 tium
2078 3994 2428 4047 transierunt.
2462 3993 2592 4047 Nam
2620 4008 2743 4048 eum
2769 3995 2929 4050 verba
2960 3997 3050 4051 Dei
3081 4008 3364 4053 contumax
3399 4016 3495 4067 po-

319 4091 467 4147 Vers.
490 4092 582 4147 ΞΕ).
612 4089 679 4144 Et
703 4090 881 4145 statuit
912 4088 1188 4156 procellam
1218 4089 1328 4158 ejus
1357 4087 1411 4141 in
1436 4102 1638 4153 auram,
1670 4095 1717 4140 et
1746 4087 1817 4140 si-
1916 4084 2072 4153 pulus
2100 4084 2442 4140 Hebraeorum
2478 4086 2829 4155 spiritualiter
2853 4103 3186 4158 nequaquam
3218 4092 3494 4158 susci,-ere

236 4182 448 4236 luerunt
466 4184 655 4252 ﬂuctus
680 4184 810 4253 ejus.
843 4180 923 4235 Illi
951 4180 1098 4234 velut
1119 4178 1277 4243 ebrii,
1304 4193 1529 4248 quorum
1554 4178 1814 4248 sapientia
1916 4179 2203 4242 voluisset,
2252 4178 2399 4233 velut
2446 4178 2565 4233 lens
2611 4180 2843 4247 irriguus
2878 4181 3150 4235 derivatus
3193 4183 3263 4238 ad
3304 4193 3493 4253 gentes

240 4271 495 4341 deglutita
528 4269 829 4338 videbatur,
878 4270 1113 4324 clamore
1142 4266 1344 4322 salubri
1375 4267 1441 4321 ad
1472 4266 1657 4321 vitalia
1684 4282 1815 4322 con-
1916 4283 2103 4324 omnes
2132 4269 2344 4323 divinus
2374 4283 2553 4325 sermo
2594 4272 2882 4327 translatus
2922 4280 3047 4341 est,
3097 4282 3154 4330 et
3195 4274 3322 4331 lacti
3370 4288 3493 4333 sunt

232 4362 361 4417 eilia
390 4362 681 4417 redierunt.
730 4361 810 4415 Ad
840 4359 1112 4414 Dominum
1141 4360 1341 4430 quippe
1377 4358 1657 4423 conversi,
1704 4371 1816 4412 cce-
1917 4359 2210 4426 uberrimi,
2258 4360 2348 4429 qui
2395 4361 2542 4430 prius
2588 4362 2776 4417 siccati
2822 4362 3036 4419 fuerant
3080 4367 3329 4423 ariditate
3371 4383 3497 4439 pec»

242 4463 434 4521 perunt
460 4466 579 4507 esse
602 4451 713 4522 jam
737 4451 927 4507 sobrii.
958 4450 1095 4519 Quid
1126 4460 1302 4505 autem
1332 4450 1503 4519 egerit
1531 4448 1813 4503 auxiliaris
1916 4452 2044 4506 cati.
2094 4451 2407 4507 Mirabiliter
2434 4461 2613 4510 autem
2645 4451 2846 4509 dictum
2879 4462 2990 4520 est,
3036 4457 3203 4512 exitus
3244 4475 3495 4528 aquarum

228 4546 445 4601 clamor
468 4545 772 4614 exponitur,
803 4552 851 4598 et
879 4543 940 4596 de
965 4541 1348 4596 necessitatibus
1376 4556 1554 4595 eorum
1580 4539 1809 4594 liberauit
1846 4568 1896 4629 η
1918 4542 1972 4595 in
2001 4542 2158 4607 sitim,
2193 4542 2244 4596 id
2271 4550 2374 4609 est,
2403 4542 2467 4596 ad
2496 4552 2684 4612 gentes
2710 4558 2827 4611 qua:
2851 4559 3015 4614 aquas
3039 4546 3286 4602 ctelestes
3312 4547 3493 4601 sitien.

224 4651 345 4689 eos.
378 4634 512 4704 Ipsa:
532 4643 709 4690 autem
734 4632 1575 4702 necessitates,quemadmodum
1597 4641 1817 4687 remota:
1920 4640 2004 4688 ter
2050 4632 2354 4698 haurirent,
2405 4649 2509 4688 non
2562 4641 2619 4687 ut
2663 4632 2835 4689 Judati
2879 4633 3139 4690 exitiabili
3187 4644 3495 4708 contempta

226 4726 391 4792 sint,
446 4725 728 4795 allegorica
787 4724 1148 4792 descriptione
1199 4732 1507 4776 narrantur.
1564 4721 1817 4791 Sequitur
1920 4733 2259 4793 respuerent.

224 4817 407 4881 enim,
435 4824 480 4869 et
508 4815 687 4869 statuit
731 4814 1006 4883 procellam
1034 4816 1145 4879 eius
1176 4815 1228 4866 in
1256 4830 1461 4879 aurum,
1492 4822 1540 4866 et
1566 4815 1816 4866 siluerunt
1989 4814 2143 4869 Vers.
2174 4816 2264 4870 δι.
2318 4813 2528 4867 Terram
2572 4814 2893 4885 fructiferam
2938 4816 2991 4869 in
3039 4818 3418 4887 salsilaginem,
3464 4838 3494 4874 a

238 4910 431 4978 ﬂuctus
456 4908 587 4977 ejus.
634 4906 949 4974 Tempestas
997 4905 1085 4959 illa
1130 4905 1443 4969 saevissima,
1475 4919 1593 4972 qua:
1621 4903 1690 4957 ab
1719 4905 1812 4957 lnt-
1918 4903 2113 4955 malitia
2143 4902 2536 4956 inhabitantium
2565 4904 2618 4956 in
2644 4920 2721 4958 ea.
2776 4905 2907 4971 Quia
2941 4904 3087 4972 prius
3118 4906 3325 4961 dixerat
3366 4922 3495 4977 gen-

228 5011 396 5053 xsnana
422 4997 705 5066 fragilitate
726 5010 832 5049 non
852 5003 1065 5064 poterat
1091 4995 1366 5059 sustineri,
1402 4994 1453 5047 in
1482 5008 1641 5048 auras
1663 4991 1812 5062 jussa
1917 4998 2048 5051 tium
2099 4993 2509 5063 evocationem,
2559 5011 2680 5065 qua:
2747 4997 2977 5066 pertinet
3023 4996 3089 5052 ad
3139 4996 3491 5065 Christianos,

243 5085 534 5155 disparuit,
574 5084 963 5153 confestimque
993 5083 1169 5151 fragor
1197 5083 1290 5138 ille
1318 5083 1653 5138 saevientium
1702 5097 1815 5137 ma.
1917 5099 2060 5141 nunc
2105 5084 2235 5139 dicit
2281 5084 2653 5153 expulsionem
2683 5084 3030 5147 Judteomm,
3082 5101 3203 5157 qum
3250 5087 3354 5144 illis
3402 5105 3494 5158 per

234 5180 417 5235 lorum
443 5178 671 5249 imperio
702 5178 1035 5232 Dominantis
1062 5175 1349 5230 obmutuit.
1919 5176 2221 5245 superbiam
2269 5178 2578 5245 provenisse
2619 5175 2944 5231 declaratur.
2998 5177 3156 5233 Terra
3196 5181 3337 5234 enim
3380 5190 3494 5237 erat

313 5272 472 5327 Vere.
503 5273 592 5328 ’50.
634 5270 703 5325 Et
731 5270 890 5325 (artati
916 5278 1032 5325 sunt
1058 5269 1182 5335 quia
1209 5268 1498 5330 siluerunt;
1533 5277 1580 5321 et
1606 5267 1819 5321 deduxit
1920 5267 2216 5336 fructifera,
2266 5256 2480 5335 quando
2523 5279 2755 5334 superna
2788 5266 3051 5338 religione
3095 5269 3355 5337 ﬂorebat;
3400 5273 3494 5328 sed

244 5380 326 5421 eos
370 5364 425 5418 in
470 5374 675 5432 portum
723 5363 999 5417 uoluntatis
1026 5375 1234 5425 eorum,
1273 5368 1320 5413 et
1351 5359 1414 5411 de
1442 5358 1818 5415 necessitatibus
1922 5357 2056 5411 facta
2087 5366 2169 5411 est
2193 5356 2467 5426 salsilago,
2488 5370 2608 5411 cum
2633 5355 2841 5410 Domini
2867 5369 3131 5429 praecepta
3153 5365 3494 5430 contempsit.

236 5470 416 5509 eorum
440 5454 670 5509 liberavit
709 5471 814 5508 eos.
870 5452 1006 5508 Dicit
1049 5450 1189 5522 quod
1235 5449 1375 5504 solet
1420 5458 1537 5519 post
1582 5449 1815 5519 pericula
1919 5448 2123 5505 llumor
2169 5450 2312 5502 enim
2362 5448 2534 5502 salsus
2582 5446 2846 5503 fructibus
2894 5451 3149 5519 probatur
3198 5454 3495 5513 adversus:

238 5548 422 5602 labore
450 5546 604 5602 lbssis
629 5562 935 5616 emergere,
968 5555 1026 5600 ut
1051 5560 1111 5599 se
1137 5543 1399 5614 gaudeant
1433 5542 1632 5611 ingenti
1663 5541 1814 5597 clade
1918 5539 2039 5609 quia
2072 5538 2376 5609 ubicunque
2404 5539 2715 5595 dominatus
2744 5538 2934 5609 fuerit,
2982 5544 3206 5613 gratiam
3235 5543 3490 5613 iucundi-

234 5637 522 5699 liberatos,
562 5636 776 5706 quando
805 5636 871 5692 ad
904 5647 1113 5707 portum
1146 5635 1415 5705 eruperint
1442 5633 1628 5687 venire
1658 5632 1814 5688 tutis-
1918 5625 2042 5687 tat's
2073 5631 2365 5701 intercipit.
2400 5631 2504 5689 Sed
2533 5648 2701 5703 quare
2730 5633 2837 5689 illis
2864 5636 3148 5707 contigerit
3178 5652 3336 5693 causa
3365 5638 3493 5691 sub-

233 5730 456 5791 simum.
502 5729 685 5784 Portus
714 5730 858 5786 enim
886 5744 916 5784 a
947 5728 1227 5799 portandis
1259 5726 1479 5783 navibus
1505 5734 1585 5782 est
1614 5726 1806 5781 dictus.
1911 5724 2096 5793 juncta
2136 5732 2217 5780 est
2243 5739 2256 5775 :
2300 5732 2514 5794 propter
2546 5727 2793 5782 malitiam
2823 5730 3026 5787 scilicet
3053 5745 3240 5787 eorum
3270 5728 3361 5797 qui
3390 5736 3488 5782 ter-
