4032 6340
575 300 684 361 775

1806 304 1879 358 Μ.
1920 301 2194 358 AURELII
2234 298 2637 365 CASSIODQRI

3743 297 3840 375 πί.

576 434 691 477 ram
724 418 870 475 illam
895 415 1258 486 lructiieram,
1299 415 1351 472 id
1386 424 1473 471 est
1511 415 1722 471 Domini
1754 416 2155 470 tabernaculum
2188 420 2231 474 Α
2262 412 2587 481 comparati,
2637 408 2957 467 omnimodis
2986 409 3275 481 probantur
3304 409 3513 481 exigui.
3566 409 3642 464 lli
3672 412 3840 465 vexati

573 510 880 568 subdolosis
926 510 1056 583 [ed.,
1084 506 1346 577 subdolis]
1394 508 1667 563 mentibus
1715 507 1959 564 habitare
2011 508 2159 563 vide-

574 602 793 660 bantur.

650 692 806 746 Vers.
837 690 925 746 55.
975 686 1159 743 Posuit
1189 688 1441 742 desertum
1482 688 1535 742 in
1575 696 1757 760 stagna
1788 703 2067 758 aquarum,
2110 696 2158 741 et

577 790 766 835 terram
792 781 902 834 sine
929 794 1063 848 aqua
1088 780 1141 833 in
1166 780 1331 833 emittis
1357 794 1627 847 aquarum.

645 871 801 926 Vers.
824 870 913 925 36.
950 869 1017 925 Et
1044 869 1311 925 collocavit
1339 871 1447 923 illic
1476 870 1782 935 esurientes;
1812 877 1858 922 et
1886 870 2159 923 constitue-

573 974 693 1019 runt
728 964 979 1018 civitatem
1013 961 1361 1017 habitationis.
1418 961 1521 1015 lste
1562 975 1749 1015 versus
1792 960 1856 1014 ad
1902 960 2153 1029 populum

572 1054 807 1124 pertinet
831 1052 1192 1109 Christianum
1213 1093 1227 1118 ,
1270 1067 1497 1122 quorum
1528 1052 1751 1107 siccitati
1783 1051 1923 1105 sacri
1958 1052 2157 1117 baptis-

574 1148 734 1202 matis
762 1146 883 1202 data
909 1155 989 1201 est
1022 1145 1157 1201 unda
1185 1146 1457 1200 salutaris.
1493 1144 1693 1214 Stagna
1731 1143 1872 1198 enim
1905 1157 2001 1211 pro
2033 1143 2153 1195 fon-

574 1238 719 1293 tibus
748 1236 1112 1292 Ecclesiarum
1140 1235 1369 1290 arbitror
1397 1234 1567 1303 posita
1588 1278 1600 1300 ,
1632 1249 1662 1288 a
1689 1233 1882 1303 quibus
1908 1242 2153 1301 suscepta

574 1344 712 1400 aqua
734 1370 751 1396 ,
800 1329 984 1399 quieto
1014 1330 1133 1384 lacu
1165 1329 1447 1391 retinetur,
1477 1326 1654 1382 donec
1684 1342 1836 1381 nova:
1866 1341 2151 1396 regenera-

572 1422 734 1477 tionis
762 1420 993 1492 dignitas
1022 1420 1322 1490 impleatur.
1369 1419 1571 1487 Stagna
1600 1417 1864 1486 siquidem
1901 1432 1930 1469 a
1960 1415 2153 1470 stando

568 1514 713 1570 dicta
742 1522 886 1569 sunt.
918 1512 1079 1566 Terra
1103 1512 1246 1567 cnim
1272 1511 1382 1565 sine
1409 1526 1561 1577 aqua,
1590 1507 1864 1564 incredula
1889 1508 2155 1576 signiﬁcat

568 1605 731 1661 corda
760 1603 1058 1675 gentilium,
1089 1617 1211 1674 qua)
1240 1601 1412 1671 rigata
1446 1599 1587 1655 unda
1614 1599 1985 1667 baptismatis,
2031 1614 2154 1653 san-

568 1708 653 1750 cta
693 1694 1075 1765 prmdicatione
1114 1694 1429 1747 ﬂoruerunt.
1484 1690 1591 1747 Sed
1636 1690 1687 1744 in
1734 1691 1838 1744 isto
1884 1689 2148 1744 beneﬁcio

569 1788 808 1841 collocati
834 1787 1062 1857 suntqui
1091 1787 1301 1841 Domini
1332 1799 1553 1839 munera
1586 1784 1818 1852 gloriosa
1850 1782 2010 1836 nimis
2041 1779 2153 1835 avi-

568 1879 733 1934 ditate
770 1879 1036 1947 complexi
1075 1886 1220 1934 Sunt.
1263 1876 1450 1937 Civitas
1487 1887 1667 1930 autem
1698 1874 2036 1928 habitationis
2064 1884 2149 1928 est

570 1971 809 2027 Ecclesia
834 1970 1119 2033 catholica,
1147 1969 1201 2024 in
1229 1983 1332 2038 qua
1363 1967 1589 2022 ﬁrmiter
1612 1979 1671 2022 se
1698 1965 2028 2019 constituunt
2056 1964 2142 2034 qui

567 2064 815 2133 supernis
838 2062 1171 2133 jussionibus
1198 2061 1590 2129 obsequuntur.

638 2155 793 2211 Vers.
823 2155 912 2209 37.
961 2153 1027 2208 Et
1056 2154 1430 2207 seminaverunt
1460 2166 1644 2220 agros,
1694 2163 1740 2204 et
1792 2151 2153 2219 plantareruut

570 2247 773 2309 cineas;
805 2253 850 2298 et
878 2243 1106 2312 fecerunt
1135 2246 1360 2311 fructum
1392 2240 1687 2295 nativitatis.

642 2338 796 2394 Vers.
826 2336 917 2391 38.
967 2334 1035 2388 Et
1073 2334 1325 2389 benedixit
1357 2349 1463 2398 eos,
1498 2342 1543 2385 et
1572 2332 1896 2400 multiplicati
1924 2341 2042 2384 sunt
2071 2330 2153 2384 ni-

565 2431 684 2493 mis,
713 2440 763 2485 et
783 2430 1022 2509 iumenta
1059 2441 1236 2481 eorum
1266 2441 1366 2479 non
1397 2433 1517 2478 sunt
1552 2424 1832 2478 minorata.
1882 2422 2151 2476 Seminant

565 2536 717 2591 agros
754 2528 800 2573 et
839 2518 1079 2588 plantam
1118 2516 1323 2577 vineas,
1366 2514 1458 2583 qui
1491 2527 1721 2581 corpora
1750 2528 1845 2567 sua
1876 2512 2149 2567 mundatis

565 2610 808 2666 sentibus
834 2616 1173 2678 peccatorum
1202 2605 1408 2661 caelesti
1439 2604 1775 2659 institutione
1823 2604 2142 2670 purilicaat;

565 2708 624 2757 ut
650 2700 853 2754 fructus
893 2698 1016 2754 illos
1057 2698 1367 2762 inveniant,
1417 2696 1507 2763 qui
1542 2696 1769 2750 Domino
1801 2695 2018 2764 placere
2050 2709 2148 2748 no-

566 2800 812 2848 scuntur.
866 2789 1019 2845 Felix
1056 2788 1229 2855 labor,
1279 2797 1568 2857 proventus
1599 2787 1880 2851 mirabilis,
1914 2786 1993 2840 sic
2020 2800 2146 2855 ope-

564 2888 673 2944 rari
716 2895 773 2943 ut
816 2884 1143 2954 Redemptor
1170 2883 1407 2953 gentium
1436 2882 1677 2952 placatus
1706 2883 1877 2951 possit
1906 2882 2148 2949 agnosci.

565 2982 702 3052 Ager
730 2979 875 3036 enim
904 2978 1078 3032 dictus
1110 2986 1193 3032 est
1229 2975 1297 3030 ab
1336 2973 1565 3043 agendo,
1616 2972 1760 3044 quod
1811 2973 1884 3027 ibi
1932 2973 2146 3027 diversa

2259 510 2377 555 sunt
2402 517 2435 554 a
2462 500 2789 555 tribulatione
2817 500 3073 555 malorum
3108 510 3156 554 et
3192 501 3402 566 dolore;
3431 502 3599 554 vexati
3628 502 3848 569 utique,‘

2261 592 2472 661 quando
2506 606 2601 647 eos
2640 591 2924 647 diabolicae
2953 592 3162 647 insidia:
3191 592 3551 660 perculerunt.
3602 590 3835 650 Necesse

2263 696 2345 738 est
2387 685 2530 739 enim
2579 684 2679 739 hos
2724 685 2874 739 dolor
2917 694 2973 740 et
3016 686 3283 739 tribulatio
3324 686 3709 754 subsequatur,
3747 687 3835 756 qui

2260 786 2533 829 auctorem
2565 776 2753 830 salutis
2783 776 3068 846 reliquisse
3098 788 3413 833 noscuntur.
3465 779 3750 848 Sequitur,
3790 790 3837 835 et

2258 865 2421 932 eﬂ'usa
2462 875 2533 920 est
2576 869 2834 921 contentio
2872 884 3028 938 super
3055 872 3309 940 principes
3335 886 3536 924 eorum.
3593 873 3835 929 Breviter

2257 960 2566 1015 sacerdotes
2596 961 2972 1015 hmreticorutn
2998 961 3259 1031 designati
3290 971 3449 1031 atque
3483 965 3655 1017 notati
3684 973 3832 1031 sunt,

2258 1063 2287 1101 a
2316 1049 2508 1117 quibus
2553 1052 2750 1106 nicrito
2795 1051 2993 1106 dicitur
3018 1051 3182 1116 e/Iusa
3227 1055 3525 1117 contentio;
3576 1054 3706 1122 quia
3734 1069 3835 1109 non

2258 1143 2476 1197 salutati
2508 1145 2783 1209 doctrina,
2828 1145 2923 1200 sed
2958 1154 3160 1199 tantum
3194 1145 3468 1200 mortifera
3513 1148 3835 1216 loquacitate

2256 1235 2613 1299 contendunt;
2651 1236 2844 1306 quippe
2872 1238 2961 1306 qui
2990 1238 3299 1306 Scripturas
3326 1237 3539 1295 divinas
3571 1239 3711 1295 locis
3736 1240 3833 1296 ali-

2258 1327 2452 1396 quibus
2473 1329 2789 1397 suscipiunt,
2808 1340 2863 1383 et
2881 1345 2973 1398 pro
3004 1340 3151 1400 parte
3173 1334 3403 1387 maxima
3427 1332 3832 1403 derelinquunt.

2256 1419 2322 1472 .lli
2348 1421 2600 1487 quoniam
2631 1436 2725 1474 sua
2754 1423 2990 1477 vanitate
3032 1422 3243 1478 seducti
3284 1432 3432 1487 sunt,
3460 1438 3560 1492 per
3589 1424 3724 1479 invia
3755 1424 3835 1479 la-

2260 1508 2454 1564 buntur
2479 1513 2676 1565 erroris
2702 1530 2713 1563 :
2746 1511 2944 1581 quippe
2970 1514 3057 1581 qui
3088 1514 3226 1568 viam
3256 1514 3445 1569 salutis
3474 1514 3756 1581 deserunt,
3775 1522 3835 1570 et

2260 1605 2514 1657 tortuosis
2541 1603 2746 1657 semitis
2775 1605 3416 1661 immorantur.Auiliant
3440 1619 3578 1673 ergo
3607 1605 3699 1661 ubi
3726 1619 3836 1661 atu-

2260 1692 2463 1761 bulant,
2492 1705 2545 1750 ct
2573 1712 2679 1765 quo
2707 1696 2913 1764 possint
2942 1698 3222 1764 pervenire
3251 1708 3609 1767 cognotcant.

2337 1787 2481 1841 νει-ε.
2510 1790 2600 1843 tl.
2648 1787 2711 1841 Et
2745 1790 2939 1858 adjuvit
2970 1806 3246 1859 pauperem
3271 1792 3337 1844 de
3363 1791 3561 1860 inopis,
3596 1800 3645 1844 et
3676 1791 3835 1860 possit

2255 1878 2388 1931 sicut
2419 1894 2533 1933 oues
2561 1880 2811 1943 familias.

2329 1968 2484 2023 Vers.
2513 1968 2600 2024 42.
2642 1968 2891 2023 Videbunt
2921 1971 3079 2038 recti,
3121 1980 3173 2026 et
3211 1971 3548 2033 (tutabantur,
3589 1980 3642 2026 et
3681 1973 3833 2025 omnis

2255 2058 2498 2127 iniquitas
2525 2060 2773 2129 oppilabit
2802 2076 2860 2115 os
2884 2077 3053 2115 suum.
3086 2061 3347 2132 Superius
3372 2064 3439 2118 de
3463 2062 3833 2132 arrogantibus

2258 2151 2527 2207 lncreticis
2556 2153 2720 2220 dixit,
2768 2170 2910 2209 nunc
2939 2154 3005 2209 ad
3054 2155 3287 2212 humiles
3316 2157 3625 2211 catholicos
3668 2156 3830 2221 redit,

2256 2244 2531 2313 principes
2556 2246 2764 2301 illorum
2791 2246 3008 2317 jejunus
3034 2248 3316 2317 deserens,
3358 2259 3416 2303 et
3443 2252 3680 2303 istorum
3709 2263 3832 2318 pat-

2258 2350 2402 2405 peres
2446 2336 2716 2405 adjutorio
2757 2339 2965 2394 cmicin
3008 2339 3279 2395 reﬁciens.
3331 2340 3437 2394 Iste
3467 2340 3621 2395 enim
3652 2354 3834 2406 pauper

2252 2434 2336 2480 est
2365 2439 2495 2480 tuuis
2517 2442 2579 2480 ex
2607 2426 2726 2498 [ms.
2750 2426 2816 2482 Ο.
2840 2437 2889 2481 et
2911 2428 3018 2495 ed.,
3041 2425 3119 2499 in]
3135 2428 3408 2493 omnibus,
3438 2428 3529 2493 qui
3553 2426 3833 2484 mundanis

2258 2518 2526 2593 illecebris
2554 2519 2851 2587 derelictis,
2880 2522 3134 2577 continue
3160 2521 3380 2591 ianuam
3409 2519 3834 2577 caelestisniseo

2252 2608 2500 2663 ricordiie
2533 2610 2742 2678 pulsat,
2794 2620 2852 2666 ut
2890 2611 2943 2666 in
2973 2612 3118 2667 illam
3147 2610 3405 2667 familiam
3434 2620 3723 2666 mereatur
3744 2611 3832 2666 ad-

2254 2701 2421 2767 mitti,
2474 2717 2593 2771 qua:
2638 2704 2779 2757 sicut
2810 2720 2924 2759 oves
2952 2704 3189 2760 innoxia:
3237 2704 3609 2774 simplicitatis
3638 2706 3833 2760 honore

2252 2793 2597 2849 decorautur.
2655 2796 2763 2849 lloc
2805 2810 2931 2851 cum
2976 2798 3151 2853 sancti
3182 2796 3438 2862 viderint,
3470 2797 3593 2852 sine
3622 2795 3832 2852 dubita-

2254 2886 2397 2940 tione
2425 2887 2761 2955 gaudebunt,
2813 2889 2937 2957 quia
2986 2884 3200 2943 ﬁdelem
3251 2887 3549 2956 respiciunt
3577 2888 3697 2944 suis
3722 2902 3833 2944 cte-

2255 2974 2397 3029 tibus
2424 2976 2768 3045 acquisitum.
2813 2980 2929 3041 Quo
2960 2976 3103 3032 iacto
3128 2977 3328 3032 diaboli
3358 2978 3619 3047 iniquitas
3651 2978 3835 3034 obmu-

566 3074 737 3126 victus
763 3084 921 3127 causa
950 3076 1292 3139 peragantur.
1325 3064 1565 3129 Addidit,
1597 3073 1644 3118 et
1674 3064 1901 3132 fecerunt
1929 3067 2148 3133 fructum
2178 3086 2223 3151 ρ
2257 3074 2457 3135 tescet,
2501 3068 2717 3140 quando
2745 3069 2931 3126 electis
2961 3069 3176 3126 Domini
3215 3084 3322 3126 non
3350 3070 3455 3127 erit
3482 3070 3631 3141 quod
3676 3071 3833 3141 possit

566 3164 873 3229 natiuitatis,
904 3173 950 3217 et
974 3161 1228 3216 benedixit
1254 3175 1361 3224 eos,
1390 3168 1436 3211 et
1464 3155 1791 3228 multip'icati
1827 3164 1947 3210 sunt
1976 3156 2147 3211 nimis.

567 3260 802 3327 Fructus
831 3272 860 3310 a
894 3256 1119 3311 fruendo
1146 3254 1378 3318 dicitur;
1412 3259 1467 3307 et
1495 3250 1618 3306 ideo
1649 3249 1739 3319 qui
1779 3248 2010 3303 fructum
2040 3249 2151 3318 spi-

565 3351 811 3407 rirualem
844 3348 1066 3412 iaciunt,
1105 3345 1480 3403 benedictione
1510 3343 1723 3397 Domini
1757 3340 2143 3410 perfruuntur:

563 3457 699 3510 quos
724 3453 854 3493 vero
891 3436 1207 3491 infecundos
1236 3448 1360 3490 esse
1387 3432 1708 3503 contigerit,
1754 3431 2141 3496 absciduntur;

564 3533 706 3584 sicut
727 3528 996 3598 Evangelii
1032 3527 1119 3581 illa
1150 3525 1397 3592 ﬁculnea,
1425 3539 1546 3592 qua:
1576 3523 1978 3578 luxuriantibus
2001 3521 2146 3575 loliis

563 3621 766 3676 sterilis
794 3620 1070 3673 videbatur
1095 3618 1147 3672 in
1180 3617 1373 3685 pomis.
1417 3612 1756 3683 Multiplicati
1794 3617 1912 3667 sunt
1944 3622 2147 3678 autem,

561 3714 776 3783 quando
804 3711 987 3766 ﬁdeles
1017 3709 1281 3765 benedicti
1312 3715 1527 3763 sanctas
1552 3720 1744 3774 Operas
1763 3705 1909 3778 [mss.
1937 3706 2024 3770 A.,
2054 3702 2147 3771 B.,

563 3801 888 3877 opulentius]
921 3804 1246 3867 intulerunt,
1279 3810 1336 3858 et
1361 3800 1709 3871 gloriosiores
1735 3798 1857 3852 lacti
1894 3806 2020 3852 sunt
2052 3810 2149 3866 per

560 3901 656 3957 Dei
714 3900 935 3971 gratiam
987 3896 1314 3953 fecunditate
1368 3895 1700 3949 meritorum.
1762 3891 2049 3960 Sequitur,
2098 3900 2147 3945 et

557 3994 786 4067 iumenta
813 4007 986 4046 eorum
1015 4007 1116 4043 non
1145 3997 1266 4043 sunt
1296 3988 1572 4041 minorata.
1602 3984 1842 4039 Iumenta
1864 3984 2141 4052 simplices

556 4082 802 4139 homines
832 4082 1086 4137 debemus
1117 4079 1384 4150 accipere,
1437 4077 1559 4132 ﬁdei
1607 4076 1827 4145 quidem
1876 4075 2142 4145 probitate

560 4177 847 4249 pollentes,
880 4176 973 4230 sed
1007 4174 1150 4229 nulla
1180 4171 1555 4228 disertitudinc
1580 4170 1863 4239 gloriosos,
1888 4169 2140 4222 meliores

555 4269 663 4322 vita
694 4283 851 4337 quam
885 4267 1058 4333 lingua
1086 4282 1098 4317 :
1129 4265 1414 4333 plurimum
1441 4263 1706 4325 valentes,
1731 4277 1836 4314 non
1862 4274 2136 4324 sermone,

555 4356 649 4411 sed
681 4355 875 4416 corde,
920 4357 1133 4423 qualem
1168 4354 1388 4407 Paulum
1433 4350 1659 4421 legimus
1703 4350 2000 4418 simplicem
2043 4349 2133 4418 qui

2252 3177 2476 3233 opponi.

2326 3253 2483 3309 Vers.
2504 3253 2594 3309 45.
2629 3254 2755 3322 Quis
2777 3255 2983 3325 sapiens
3008 3265 3055 3311 et
3081 3256 3327 3312 custodiet
3346 3255 3485 3325 hac,
3512 3266 3561 3311 et
3586 3257 3832 3330 intelliget

2251 3346 2626 3400 misericordias
2659 3346 2911 3403 Domini?
2951 3348 3212 3404 Mirabilis
3239 3348 3477 3417 psalmus
3505 3350 3706 3406 decoro
3730 3349 3835 3406 line

2251 3437 2540 3493 conclusus
2565 3446 2667 3493 est.
2706 3438 2836 3505 Quis
2865 3440 3111 3508 sapiens?
3137 3453 3202 3494 ac
3228 3440 3273 3494 si
3303 3440 3515 3496 diceret
3538 3458 3551 3495 :
3578 3440 3688 3507 Qui
3714 3455 3834 3498 vere

2251 3530 2467 3598 sapiens
2494 3537 2578 3584 est
2603 3528 2837 3584 custodit
2888 3529 2990 3583 ista
3028 3544 3149 3597 quae
3174 3529 3316 3584 dicta
3345 3539 3473 3584 sunt
3496 3570 3513 3594 ,
3546 3538 3610 3584 ut
3635 3528 3832 3585 Christi

2250 3634 2311 3675 se
2351 3621 2523 3690 magis
2561 3620 2695 3674 velit
2737 3633 2859 3676 esse
2900 3634 3213 3691 pauperem,
3243 3635 3403 3690 quam
3450 3620 3831 3676 hereticorum

2255 3713 2606 3782 principem;
2674 3721 2733 3766 ut
2784 3711 2953 3783 eligat
3001 3725 3060 3767 se
3112 3711 3347 3766 emlestis
3398 3709 3564 3780 Regis
3620 3712 3831 3780 pulsare

2245 3804 2501 3874 januam,
2552 3817 2711 3873 quam
2763 3804 2960 3860 docere
3005 3807 3167 3858 verba
3215 3801 3488 3857 nocentia.
3540 3802 3653 3858 Iste
3694 3804 3830 3857 enim

2249 3897 2338 3965 qui
2368 3895 2602 3967 potuerit
2627 3897 2705 3950 sic
2732 3897 2963 3964 eligere,
3005 3894 3082 3949 sic
3107 3893 3386 3963 judicare,
3435 3902 3565 3950 tunc
3604 3895 3828 3962 accipiet

2249 3986 2628 4040 misericordias
2660 3985 2901 4051 Domini,
2950 4001 3070 4056 qua:
3116 3984 3264 4041 nullo
3312 3993 3540 4055 possunt
3589 3994 3825 4054 tempore

2251 4078 2546 4135 terminari.

2779 4218 3049 4274 Conclusio
3079 4218 3280 4290 psalmi.

2280 4378 2283 4381 ν
2318 4348 2465 4406 Licet
2491 4351 2669 4405 omnia
2706 4349 2903 4417 psalmi
2935 4349 3092 4418 hujus
3130 4350 3279 4405 suavi
3321 4349 3521 4405 fuerint
3557 4349 3825 4419 pradica-

553 4446 888 4499 daz-monilus
918 4443 1220 4513 imperavit.
1253 4443 1411 4497 Tales
1437 4457 1566 4511 ergo
1598 4456 1703 4495 non
1735 4449 1860 4494 sunt
1898 4440 2137 4494 minores
2166 4432 2219 4490 D
2245 4442 2388 4499 tione
2415 4455 2659 4504 narrata,
2686 4443 2777 4499 ille
2806 4454 2983 4498 tamen
3014 4442 3165 4498 locus
3193 4443 3425 4498 animum
3456 4442 3629 4515 37o
3656 4458 3826 4497 πιοιηιι

553 4537 708 4603 lacti,
751 4537 841 4606 qui
881 4550 1127 4606 magnam
1155 4534 1406 4590 videntur
1435 4533 1646 4588 Domini
1677 4532 1903 4601 gratiam
1940 4546 2134 4588 conse-

552 4630 682 4686 cuti.
724 4628 823 4684 Sic
852 4629 949 4683 ista
983 4628 1259 4682 hominum
1287 4628 1395 4682 duo
1424 4641 1620 4696 genera
1654 4626 1856 4680 habere
1894 4636 2132 4681 sanctam

553 4728 784 4775 testatur
816 4718 1138 4774 Ecclesium.

625 4810 776 4867 Vers.
806 4811 894 4867 39.
931 4806 1093 4862 Pauci
1123 4809 1245 4879 facti
1274 4818 1416 4877 sunt,
1446 4818 1492 4863 et
1521 4808 1686 4863 vexati
1715 4820 1831 4862 sunt
1859 4825 1890 4861 a
1917 4808 2132 4863 tribula-

550 4902 686 4955 tione
714 4901 968 4955 ntalorum
996 4910 1041 4953 et
1069 4900 1269 4953 dolore.

625 4994 781 5048 Vers.
814 4995 902 5051 40.
958 4993 1023 5047 Et
1070 4993 1233 5060 effusa
1275 5002 1345 5046 est
1386 4994 1640 5046 contentio
1682 5009 1834 5065 super
1874 4994 2129 5063 principes

547 5099 763 5138 eorum:
791 5095 838 5139 et
867 5085 1175 5139 seduxerunt
1203 5099 1287 5137 eos
1318 5098 1448 5135 vana
1476 5099 1648 5136 eorum
1666 5124 1681 5147 ,
1727 5094 1774 5137 et
1807 5085 2007 5137 seduxit
2047 5100 2131 5138 eos

546 5175 600 5230 in
630 5175 785 5240 invio,
817 5184 863 5229 et
895 5192 995 5229 non
1025 5175 1077 5228 iu
1108 5177 1209 5229 via.
1263 5175 1316 5229 ln
1352 5176 1435 5229 his
1476 5174 1686 5229 duobus
1716 5176 1963 5230 versibus
2008 5175 2131 5230 illos

546 5266 805 5321 describit
838 5266 928 5333 qui
969 5268 1219 5321 haeretica
1253 5267 1514 5336 pravitate
1544 5265 1791 5335 decepti,
1839 5265 2129 5320 Ecclesiam

547 5358 756 5416 Domini
785 5358 1204 5427 derelinquunt;
1253 5360 1319 5413 de
1348 5360 1540 5428 quibus
1569 5359 1807 5414 Joannes
1838 5358 2128 5427 Apostolus

543 5452 713 5508 dicit:
747 5453 788 5505 Α
818 5452 963 5506 nobis
992 5453 1253 5516 exierunt,
1285 5454 1375 5506 sed
1405 5471 1505 5507 non
1537 5463 1684 5507 erant
1711 5470 1777 5507 ea:
1803 5454 1979 5517 nobis;
2010 5469 2127 5505 nam

544 5543 592 5599 si
614 5554 777 5597 essent
804 5560 866 5597 ea:
889 5544 1052 5613 nobis,
1080 5546 1381 5600 mansissent
1408 5547 1582 5617 utique
1608 5547 1870 5598 nobiscum
1891 5540 1944 5613 (I
1964 5542 2123 5597 Joan.

545 5633 743 5705 [,19).
794 5635 880 5692 Isti
909 5651 1036 5707 ergo
1065 5640 1217 5709 pauci
1242 5646 1384 5704 sunt,
1414 5637 1662 5709 quamvis
1692 5636 1840 5691 multi
1873 5635 1972 5688 sibi
2002 5648 2127 5691 esse

546 5721 873 5797 vidcantur;
930 5743 1050 5784 nam
1101 5728 1167 5784 ad
1218 5729 1363 5785 illam
1413 5727 1774 5784 uuivcrsalem
1829 5725 2125 5782 Ecclesiam

2242 4534 2508 4603 praecipua
2539 4533 2902 4588 delectatione
2928 4533 3241 4601 permulsit,
3283 4533 3372 4605 qui
3404 4532 3497 4587 Dei
3531 4533 3823 4588 Ecclesiam

2240 4624 2392 4682 brevi
2416 4625 2790 4695 complexione
2831 4624 2899 4680 de
2938 4622 3147 4678 cunctis
3177 4622 3312 4677 dicit
3351 4621 3541 4678 mundi
3587 4624 3824 4691 partilan

2239 4716 2595 4772 adunandaiu.
2629 4718 2717 4770 Ait
2740 4718 2881 4771 enim
2909 4731 2925 4769 :
2954 4713 3033 4768 De
3056 4715 3345 4786 regionibus
3365 4715 3705 4785 congregavit
3724 4729 3825 4767 eos.

2239 4812 2281 4863 Α
2307 4812 2429 4863 solis
2456 4818 2571 4864 ortu
2600 4817 2648 4863 et
2678 4824 2881 4871 occasu,
2906 4806 2969 4860 ab
2994 4808 3234 4876 aquilone
3256 4815 3301 4859 et
3325 4807 3478 4860 mari.
3510 4805 3626 4863 Sed
3653 4819 3821 4874 oper:

2242 4900 2465 4969 pretium
2496 4908 2578 4954 est
2607 4898 2750 4952 hunc
2782 4913 2995 4953 versum
3044 4897 3202 4966 paulu
3231 4895 3541 4968 diligentius
3572 4911 3820 4967 perscru-

2239 4996 2368 5059 turi;
2401 5003 2483 5048 est
2509 4994 2653 5047 cnim
2686 4992 3062 5047 astronomiae
3090 4990 3390 5060 disciplina
3415 4989 3664 5059 optimus
3695 4990 3818 5046 indi-

2237 5095 2411 5139 cator.
2460 5084 2697 5139 Dicenda
2725 5083 2869 5137 enim
2896 5094 3126 5152 quatuor
3155 5080 3403 5136 cardines
3428 5080 3643 5147 mundi,
3677 5078 3816 5135 sche-

2238 5185 2380 5229 mate
2416 5173 2765 5244 quadranguli
2804 5182 3070 5227 terrarum
3119 5171 3306 5226 orbem
3357 5169 3628 5239 depinxit.
3678 5168 3815 5224 nunc

2236 5276 2412 5320 autem
2442 5267 2704 5334 psalmum
2734 5282 2763 5320 a
2789 5265 3102 5321 doctissimo
3132 5264 3290 5319 Patre
3315 5263 3623 5333 Augustino
3646 5258 3812 5332 reperi

2232 5357 2398 5412 fuisse
2422 5358 2679 5424 divisum;
2713 5373 2871 5427 quem
2901 5358 2973 5411 ita
3005 5372 3064 5412 se
3094 5358 3288 5426 populo
3311 5364 3812 5412 commemoratu-

2234 5450 2501 5518 planasse,
2519 5458 2578 5503 ut
2593 5464 2713 5505 eum
2732 5450 2839 5517 jam
2864 5464 2969 5504 non
2992 5449 3129 5506 adeo
3149 5450 3393 5505 crederet
3412 5449 3809 5519 exponendum.

2231 5541 2343 5594 lloc
2374 5556 2493 5605 nos,
2522 5542 2572 5594 in
2602 5549 2857 5609 quantum
2885 5554 3201 5594 concessum
3220 5550 3335 5615 est,
3368 5538 3669 5603 imitantes,
3700 5536 3808 5591 uni-

2232 5647 2417 5687 versos
2472 5633 2704 5703 psalmos
2762 5631 3014 5686 adhibitis
3073 5629 3428 5686 divisionibus
3482 5629 3805 5684 credidimus

2231 5726 2582 5794 partionilos:
2620 5723 2924 5789 iudicantes
2952 5722 3415 5788 explanationibus
3456 5722 3662 5777 nostris
3702 5734 3802 5774 non
