4090 6346
268 363 366 418 ΤΠ

1196 358 1547 414 exeosmo
1586 356 1651 411 1N
1691 352 2145 411 PSALTERIUM.
2192 322 2379 406 psse
2423 352 2577 405 cvn.

3412 337 3513 391 778

268 478 481 535 minima
505 478 741 547 pratbere
766 479 973 545 solatia,
1002 478 1139 548 quod
1167 478 1295 532 tanti
1320 477 1490 530 Patris
1515 474 1835 529 monstravit
1863 478 1913 534 Α
1940 472 2273 523 dulcisonum
2304 486 2487 525 revera
2518 468 2850 537 psalterium,
2879 469 3019 539 quod
3050 469 3249 524 sanctis
3274 472 3523 526 modula-'

270 570 573 625 auctoritas.

545 700 905 756 EXPOSITIO
947 700 1009 754 IN
1050 699 1368 755 PSALMU“
1408 698 1561 751 CVII.

685 812 949 865 Canticum
978 814 1204 882 psalmus
1236 810 1422 862 David.

343 925 393 979 In
426 924 526 977 hoc
560 923 765 991 psalmo
796 924 1151 993 perquirenda
1190 923 1395 975 novitas
1436 923 1609 974 inesse
1638 934 1838 987 cogno-

270 1015 463 1076 scitur,
523 1013 773 1081 quoniam
832 1027 952 1065 eum
1001 1012 1067 1066 de
1126 1008 1547 1080 quinquagesimi
1608 1008 1745 1061 sexti
1792 1017 1846 1061 et

270 1103 688 1171 quinquagesimi
715 1102 838 1155 noni
865 1102 1098 1169 partibus
1127 1109 1337 1153 constat
1358 1114 1481 1151 esse
1502 1106 1839 1150 contextum.

271 1193 373 1246 Sed
399 1207 518 1246 cum
549 1192 662 1259 ipsa
688 1192 848 1244 verba
878 1191 983 1244 sint
1014 1190 1203 1256 posita,
1230 1203 1346 1257 qua:
1374 1188 1430 1241 in
1456 1188 1563 1240 illis
1590 1196 1712 1241 ante
1736 1186 1844 1255 jam

271 1283 406 1336 dicta
437 1290 580 1349 sunt,
606 1281 670 1335 ad
698 1281 1023 1334 intellectum
1052 1290 1227 1332 tamen
1254 1278 1416 1331 alium
1444 1277 1843 1345 perducuntur:

270 1375 521 1444 quoniam
564 1384 795 1427 mutatus
836 1374 1040 1435 titulus,
1084 1370 1173 1440 qui
1216 1384 1430 1437 semper
1456 1366 1843 1421 continentiam

272 1464 464 1532 psalmi
509 1463 743 1515 indicare
782 1470 1130 1521 monstratur,
1182 1459 1439 1526 aliterque
1469 1467 1647 1524 partes
1678 1456 1846 1525 ipsas,

270 1569 428 1621 quam
460 1553 703 1620 superius
733 1551 887 1604 dictze
919 1559 1064 1612 sunt,
1098 1549 1382 1617 persuadet
1414 1547 1663 1615 intelligi.
1712 1544 1849 1598 Can-

271 1646 427 1696 ticum
463 1643 605 1697 enim
635 1642 940 1710 frequenter
964 1641 1195 1693 diximus
1230 1638 1295 1692 ad
1335 1638 1634 1691 divinarum
1668 1653 1846 1692 rerum

271 1731 775 1800 contemplationem
808 1729 1032 1793 referri;
1077 1729 1326 1797 psalmum
1358 1742 1487 1781 vero
1516 1727 1580 1779 ad
1611 1728 1848 1781 actuales

1943 562 2175 615 tionibus
2200 570 2540 613 eonsonaret.

2016 652 2167 704 Vcrs.
2198 651 2252 705 2.
2287 650 2536 718 Exsurge,
2569 651 2734 721 gloria
2768 667 2915 716 mea;
2957 667 3187 722 exsurge,
3219 655 3519 723 psalterium

1943 749 1989 791 et
2016 742 2244 805 cit/iura;
2276 754 2548 808 exsurgam
2575 741 2827 794 diluculo.
2864 743 3142 810 Postquam
3174 759 3232 797 se
3263 744 3518 799 Dominus

1943 829 2190 884 ChriStus
2229 832 2518 883 secundum
2559 846 2774 885 carnem
2825 832 2968 885 Patri
3016 843 3235 887 cantare
3282 835 3416 888 dixit
3463 844 3521 889 et

1946 921 2199 988 psallere,
2245 936 2384 975 nunc
2421 922 2526 985 ait,
2561 920 2823 992 Exsurge,
2868 926 3032 993 gloria
3076 936 3212 991 mea',
3261 941 3381 994 quas
3424 942 3521 995 per

1944 1010 2241 1079 psalterium
2272 1010 2535 1064 indicatttr
2566 1020 2620 1064 et
2647 1012 2916 1064 citharam.
2964 1012 3277 1067 Psalterium
3305 1016 3370 1068 ad
3401 1031 3519 1070 mo-

1944 1116 2062 1153 rum
2116 1102 2346 1167 pertinet
2395 1104 2711 1168 probitatem
2740 1144 2752 1167 ,
2804 1104 3001 1158 cithara
3050 1106 3115 1158 ad
3165 1108 3510 1163 aiﬁietionem

1947 1194 2189 1260 corporis
2220 1202 2277 1247 et
2311 1193 2584 1257 dolorem,
2636 1209 2732 1262 per
2772 1195 2886 1248 haec
2932 1196 3222 1251 ostendens
3268 1207 3322 1253 et
3370 1211 3524 1253 actus

1951 1280 2265 1345 laudabiles,
2311 1292 2364 1335 et
2406 1283 2850 1350 gloriosissimam
2895 1286 3222 1353 passionem.
3269 1287 3519 1354 Addidit,

1950 1385 2221 1437 exsurgam
2265 1371 2512 1422 diluculo.
2568 1372 2965 1427 Pulcherrimus
3009 1376 3413 1443 sequitur‘ordo
3442 1378 3520 1431 di-

1950 1468 2199 1522 ctorum;
2253 1475 2372 1512 nam
2423 1467 2543 1528 post
2587 1460 3029 1528 significationem
3076 1465 3373 1533 passionis,
3422 1466 3525 1521 hoc

1952 1552 2252 1605 necessarie
2272 1552 2337 1605 de
2356 1556 2746 1607 resurrectione
2762 1554 2973 1608 Domini
2993 1558 3246 1624 probatur
3265 1559 3537 1628 intelligi:

1952 1645 2078 1711 quia
2109 1646 2198 1697 tali
2232 1654 2476 1714 tempore
2507 1647 2825 1715 (Evangelio
2856 1648 3013 1717 teste)
3046 1651 3286 1703 surrexit
3319 1666 3346 1704 a
3384 1668 3527 1706 mor-

1928 1737 2078 1815 tuis.
2114 1736 2267 1801 Quod
2295 1736 2338 1788 si
2369 1736 2470 1790 hoc
2499 1747 2552 1789 et
2579 1737 2646 1791 de
2678 1738 2932 1792 membris
2963 1739 3079 1807 ejus
3104 1740 3240 1794 velis
3266 1742 3526 1809 accipere,
3602 1746 3603 1749 “

271 1836 485 1889 operas,
508 1835 624 1887 quae
653 1829 826 1873 tamen
852 1819 1046 1873 divinis
1081 1830 1362 1872 noscuntur
1386 1817 1676 1871 convenire
1702 1833 1851 1870 man--

1959 1831 2113 1882 etiam
2141 1831 2209 1884 de
2233 1831 2467 1898 quolibet
2498 1831 2640 1884 ﬁdeli
2667 1842 3025 1901 congruenter
3049 1833 3377 1887 advertitur:
3408 1838 3528 1905 quia

271 1912 456 1974 datis;
507 1910 648 1977 quod
697 1910 750 1963 in
800 1909 977 1978 primo
1016 1922 1171 1962 versu
1220 1908 1381 1962 etiam
1428 1908 1541 1975 ipse
1588 1916 1849 1962 testatur:

271 1997 501 2052 Cantabo
528 2009 571 2051 et
603 1999 849 2065 psalmum
877 1999 1041 2051 dicunt
1073 1998 1317 2052 Domino.
1370 1997 1539 2051 David
1565 2007 1742 2052 autem
1775 1999 1851 2052 si-

272 2089 488 2157 gnificat
510 2088 706 2157 Regem
730 2088 1020 2155 Christum,
1039 2092 1126 2159 qui
1150 2092 1203 2143 in
1228 2092 1327 2144 hoc
1350 2091 1556 2157 psalmo
1581 2092 1855 2145 locuturus

270 2189 374 2233 est.
424 2180 758 2247 Quapropter
786 2179 991 2249 singula
1035 2193 1225 2248 magna
1258 2179 1517 2233 debemus
1559 2179 1855 2234 intentione

272 2271 589 2339 perquirere
615 2287 634 2323 :.
661 2270 910 2338 quoniam
962 2270 1152 2337 psalmi
1195 2269 1246 2323 in
1289 2270 1480 2338 quibus
1521 2285 1586 2325 ex
1630 2285 1853 2335 persona

270 2375 370 2413 sua
413 2360 556 2428 loqui
589 2360 861 2429 dignatur,
912 2358 1346 2413 reverentissima
1389 2359 1683 2414 subtilitate
1728 2373 1853 2426 pro-

274 2450 430 2505 fundi
454 2460 598 2515 sunt,
619 2461 676 2505 ut
698 2452 825 2505 tanti
848 2450 1041 2505 secreti
1065 2449 1298 2519 dignitas
1321 2449 1569 2505 densiore
1588 2450 1855 2504 velamine

273 2548 612 2611 protegatur.
1448 2536 1451 2537 ⁷

853 2628 1047 2681 Divisio
1087 2629 1289 2697 psalmi.

352 2741 454 2793 Per
494 2748 663 2793 totum
705 2739 965 2806 psalmum
1008 2740 1176 2807 (sicut
1211 2740 1414 2795 dictum
1456 2738 1572 2808 est)
1622 2740 1857 2809 loquitur

271 2828 544 2884 Dominus
572 2828 836 2881 Christus.
871 2828 1049 2881 Primo
1075 2828 1259 2881 ordine
1298 2843 1390 2895 per
1418 2827 1470 2880 id
1508 2827 1650 2903 quod
1697 2828 1857 2882 horno

271 2930 364 2975 est
393 2928 628 2987 paternae
666 2919 848 2985 gloriae
892 2919 1117 2987 gratiam
1163 2918 1334 2971 laudis
1364 2920 1685 2973 exsolvens:
1715 2933 1857 2987 quo-

274 3012 424 3065 niam
458 3010 752 3077 suscipiens
795 3009 1039 3062 mirabile
1082 3008 1345 3076 passionis
1375 3022 1629 3061 arcanum
1672 3023 1856 3061 resor-

273 3103 424 3156 rexit
471 3102 523 3153 in
574 3101 795 3169 gloriam
846 3099 1247 3173 sempiternam.
1313 3097 1562 3152 Secundo
1611 3098 1858 3151 humiliat

1954 1919 2181 1972 diluculo
2205 1935 2418 1989 semper
2439 1924 2684 1993 exsurgit,
2709 1924 2794 1989 qui
2827 1923 2921 1990 piis
2948 1924 3199 1991 oneribus
3227 1924 3279 1977 in
3309 1926 3529 1979 ecclesia

1961 2012 2244 2066 Dominum
2296 2014 2604 2068 laudaturus
2652 2016 2873 2069 assistit.
2931 2014 3062 2067 Nam
3106 2016 3231 2070 licet
3271 2017 3530 2085 profunda

1956 2113 2115 2155 nocte
2144 2102 2350 2171 vigilet,
2386 2105 2559 2158 nescit
2588 2107 2838 2160 tenebras
2867 2106 2973 2175 pati
3004 2107 3092 2174 qui
3119 2113 3267 2160 tanto
3297 2106 3530 2161 radiatur
3604 2124 3605 2127 η

1960 2193 2244 2261 splendore
2277 2195 2548 2263 praeconii.

2027 2281 2180 2336 Vers.
2213 2283 2266 2338 3.
2315 2282 2601 2353 Confitebor
2629 2286 2717 2339 tibi
2756 2288 2808 2339 in
2835 2289 3059 2359 pepulis,
3090 2287 3344 2353 Domine;
3392 2289 3531 2354 psal~

1953 2390 2093 2426 mum
2129 2374 2296 2427 dicam
2338 2376 2429 2429 tibi
2472 2379 2607 2431 inter
2634 2388 2823 2446 gentes.
2878 2380 2971 2435 His
3015 2381 3171 2436 dictis
3214 2381 3527 2435 universalis

1954 2462 2288 2532 signiﬁcatur
2327 2465 2605 2520 Ecclesia:
2652 2470 2775 2537 quia
2812 2470 2974 2537 (sicut
3016 2486 3157 2539 stepe
3195 2472 3394 2526 dictum
3426 2475 3530 2540 est)

1956 2551 2183 2619 primum
2216 2554 2362 2607 multi
2396 2555 2464 2609 de
2490 2556 2678 2613 Συάωο
2709 2560 2907 2628 populo
2936 2561 3306 2627 crediderunt,
3344 2574 3532 2631 postea

1957 2646 2259 2700 intromissa
2283 2658 2364 2702 est
2388 2651 2619 2718 gentium
2646 2650 2939 2719 plenitudo.
2967 2655 3031 2706 Et
3052 2655 3173 2709 vide
3195 2656 3531 2723 quemadmo-

1957 2738 2080 2792 dum
2117 2739 2350 2807 singulas
2385 2756 2574 2795 causas
2612 2745 2957 2810 congruentia
2990 2745 3148 2798 verba
3184 2746 3530 2814 distinguant.

1958 2831 2202 2900 Conﬁteri
2241 2846 2299 2886 se
2338 2832 2466 2885 dicit
2505 2833 2557 2884 in
2598 2834 2789 2901 papula
2826 2834 3164 2900 Judazornm,
3195 2837 3281 2891 ubi
3315 2837 3530 2904 propria

1957 2936 2091 2975 voce
2120 2922 2328 2977 locutus
2357 2932 2466 2988 est;
2502 2925 2717 2992 psallere
2747 2937 2921 2977 autem
2950 2926 3002 2978 in
3030 2928 3279 2996 gentibus,
3308 2929 3375 2979 ad
3400 2943 3533 2996 quas

1958 3010 2148 3065 directi
2178 3013 2404 3081 apostoli
2431 3013 2677 3067 mandata
2707 3016 2823 3083 ejus
2849 3017 3046 3069 sanctis
3072 3017 3535 3085 prmdicationibus

1961 3102 2357 3170 impleverunt:
2399 3118 2457 3159 se
2498 3105 2683 3160 dicens
2722 3121 2908 3160 revera
2945 3108 3201 3173 psallere,
3252 3111 3395 3179 quod
3439 3126 3535 3179 per

274 3206 497 3259 semper
529 3190 909 3242 humanitatem
938 3203 1119 3253 suam,
1161 3188 1249 3242 ubi
1280 3196 1454 3241 tamen
1486 3196 1540 3241 et
1571 3189 1859 3255 potentiam
1890 3194 1934 3255 ρ
1969 3193 2240 3247 ministros
2267 3208 2395 3249 suos
2424 3197 2764 3263 cognoscitur
2792 3194 3051 3252 effecisse.

275 3284 515 3353 propria:
548 3282 839 3350 majestatis
871 3281 1138 3344 05tendit;
1192 3291 1248 3334 ut
1286 3280 1418 3334 duas
1451 3289 1666 3333 naturas
1700 3296 1858 3334 vera-

276 3378 417 3431 citer
446 3375 497 3428 in
531 3390 630 3427 una
662 3374 869 3427 Domini
896 3372 1093 3426 Christi
1122 3387 1414 3439 cognoscas
1443 3388 1562 3427 esse
1595 3387 1856 3440 persona;

280 3481 399 3520 non
450 3465 588 3532 quod
642 3465 691 3517 in
742 3464 874 3516 duos
924 3462 1063 3515 ﬁlios
1112 3461 1385 3515 dividatur
1421 3461 1664 3516 Christus
1697 3461 1861 3532 (sicut

277 3556 639 3628 quorumdam
683 3556 846 3611 sentit
891 3553 1188 3624 impietas),
1222 3554 1316 3609 sed
1349 3554 1488 3623 quod
1520 3568 1657 3608 unus
1700 3564 1861 3623 atque

278 3650 427 3703 idem
460 3650 623 3702 Filius
653 3650 775 3712 Dei,
823 3664 961 3701 nunc
999 3648 1292 3701 secundum
1327 3662 1544 3701 carnem
1582 3662 1677 3714 pro
1706 3646 1859 3700 nobis

278 3752 636 3809 assumptam,
671 3755 811 3794 nunc
838 3740 1130 3793 secundum
1160 3740 1447 3807 potentiam
1479 3738 1638 3793 Verbi
1678 3739 1862 3807 loqua-

279 3842 377 3885 tur
403 3840 457 3886 et
478 3832 718 3900 gloriam.
756 3832 1006 3885 Discerne
1034 3832 1174 3883 enim
1206 3839 1423 3883 naturas
1455 3840 1559 3882 tam
1586 3829 1679 3883 Dei
1703 3844 1862 3898 quam

280 3921 540 3983 hominis,
573 3928 626 3973 et
652 3920 827 3973 omnia
859 3920 973 3974 sine
1001 3920 1294 3973 offensione
1334 3919 1614 3981 transibis,
1657 3919 1795 3972 sicut
1831 3932 1860 3970 a

282 4007 534 4061 Patribus
564 4008 663 4061 sub
688 4008 947 4062 brevitate
977 4017 1298 4076 praeceptum
1330 4017 1411 4063 est
1436 4025 1449 4062 :
1487 4008 1558 4061 Da
1588 4008 1863 4076 passiones

282 4101 457 4165 carni,
485 4099 551 4152 da
581 4099 848 4152 Divinitati
881 4100 1157 4153 miracula.

822 4209 1091 4279 Expositio
1124 4209 1326 4279 psalmi.

366 4298 515 4353 Vers.
547 4299 598 4352 1.
651 4299 897 4353 Paratum
940 4316 1027 4352 cor
1064 4316 1250 4364 meum,
1294 4299 1451 4363 Deus,
1502 4309 1737 4368 paratum
1779 4316 1866 4354 cor

284 4406 489 4453 nteant;
520 4391 732 4443 cantabo
771 4401 817 4442 et
844 4390 1097 4459 psalmum
1121 4391 1289 4444 dicam
1326 4389 1565 4445 Domino.
1602 4390 1864 4445 Sanetitas

286 4480 382 4533 illa
429 4479 678 4550 gloriosae
726 4480 1145 4547 incarnationis,
1201 4482 1325 4535 dum
1374 4496 1525 4535 suam
1576 4486 1860 4550 puritatem

2034 3283 2191 3338 Vers.
2217 3285 2270 3339 4.
2315 3286 2569 3349 Quoniam
2612 3288 2937 3357 magni/irata
2976 3297 3047 3340 est
3084 3305 3243 3356 usque
3280 3288 3348 3342 ad
3384 3290 3535 3344 cwlos

1963 3376 2312 3429 misericordia
2351 3386 2468 3439 tua,
2511 3387 2556 3430 et
2596 3394 2751 3445 usque
2779 3379 2847 3429 ad
2877 3378 3029 3432 nubes
3058 3381 3238 3432 veritas
3267 3389 3373 3433 tua.
3427 3382 3537 3435 Hoc

1961 3483 2171 3536 quoque
2200 3467 2394 3521 dicitur
2424 3467 2567 3521 Patri
2599 3487 2611 3520 :
2647 3468 2985 3539 Magniﬁcam
3028 3480 3100 3523 est
3144 3471 3289 3524 enim
3336 3472 3537 3524 miseri-

1961 3560 2139 3612 cordia
2164 3560 2279 3627 ejus
2305 3575 2464 3622 usque
2488 3558 2557 3610 ad
2584 3561 2753 3622 caelos,
2778 3560 2990 3629 quando
3017 3575 3076 3613 su
3090 3577 3269 3628 perna:
3301 3571 3537 3629 potesta-

1962 3659 2043 3706 tes
2071 3651 2187 3719 ejus
2218 3651 2491 3705 beneﬁciis
2536 3651 2898 3718 perfruuntur.
2950 3652 3078 3705 Nam
3116 3654 3238 3706 licet
3270 3654 3531 3707 bonorum

1963 3742 2275 3813 angelorum
2303 3749 2357 3794 et
2375 3740 2704 3794 diversarum
2731 3750 3048 3809 petestatum
3075 3758 3281 3795 summa
3305 3744 3537 3812 dignitas

1965 3835 2243 3899 habeatur,
2281 3832 2399 3900 ipso
2431 3840 2606 3885 tamen
2637 3840 2928 3901 praestante
2960 3832 3099 3886 beati
3133 3842 3277 3886 sunt.
3326 3833 3538 3900 Magni-

1964 3928 2115 3995 ﬁcata
2144 3937 2215 3979 est
2250 3935 2425 3979 autem
2458 3942 2615 3994 usque
2641 3925 2710 3976 ad
2740 3926 2892 3978 nubes
2919 3925 3100 3976 veritas
3128 3925 3241 3992 ejus
3260 3965 3275 3987 ,
3322 3924 3536 3992 quando

1962 4014 2345 4084 prmdicatores
2370 4012 2545 4077 verbi,
2573 4013 2716 4066 velut
2746 4012 3031 4066 imbrifera:
3063 4012 3256 4075 nubes,
3290 4010 3535 4066 inﬁdeles

1968 4104 2191 4172 populos
2221 4102 2617 4170 compluerunt.

2039 4203 2188 4257 Vers.
2210 4202 2261 4255 5.
2290 4201 2534 4256 Exaltare
2553 4216 2704 4270 super
2724 4200 2893 4265 calas,
2912 4199 3080 4266 Deus;
3105 4209 3153 4253 et
3173 4215 3323 4271 super
3343 4216 3539 4255 onmem

1969 4303 2156 4347 terram
2192 4294 2356 4365 gloria
2393 4303 2500 4347 tua.
2552 4292 2663 4347 Hoc
2698 4292 2896 4345 excolit
2921 4292 3059 4361 quod
3092 4292 3333 4360 superius
3362 4293 3534 4346 dixit:

1966 4385 2123 4453 371
2149 4384 2399 4452 quoniam
2429 4381 2687 4450 praemisit
2716 4381 3105 4450 magnilicatam
3132 4396 3251 4437 esse
3278 4398 3444 4453 usque
3469 4384 3535 4437 ad

1969 4475 2134 4530 caelos
2163 4473 2583 4529 misericordiam
2620 4474 2855 4539 Domini;
2893 4487 3130 4530 secutum
3160 4483 3262 4538 est,
3291 4474 3541 4527 Emllare

285 4568 494 4636 refert,
559 4569 1003 4638 quemadmodum
1066 4570 1249 4625 laudes
1307 4571 1529 4626 Domino
1574 4571 1859 4635 dicamur,
1892 4557 2121 4634 Dsuper
2148 4567 2318 4627 caelos,
2352 4564 2525 4631 Deus;
2575 4575 2631 4619 ut
2671 4566 2822 4635 cujus
2862 4565 3278 4619 misericordiam
3315 4564 3540 4619 manife-

280 4660 543 4714 bstendit.
596 4659 819 4712 Paratus
852 4659 996 4713 enim
1045 4660 1134 4713 ille
1181 4660 1247 4713 ad
1298 4661 1423 4715 talia
1461 4675 1675 4729 semper
1715 4669 1861 4727 erat,

286 4750 383 4819 qui
426 4748 492 4802 ad
536 4749 804 4817 praeconia
851 4747 1025 4801 Patris
1070 4758 1413 4815 peccatorum
1443 4748 1861 4817 discrepantiam

289 4858 401 4897 non
447 4840 695 4896 habebat.
749 4840 880 4893 Nam
931 4849 984 4894 et
1032 4840 1142 4909 ipsa
1193 4842 1440 4909 repetitio
1487 4840 1862 4895 conﬁdentiam

286 4931 665 5003 promissionis
695 4930 932 4985 ostendit
958 4947 971 4982 :
1004 4932 1124 4999 quia
1158 4932 1459 4987 ﬁrmissime
1490 4940 1696 4985 conStat
1725 4932 1826 4983 dici
1846 4975 1860 4998 ,

288 5025 434 5096 quod
461 5024 683 5093 repetita
709 5023 945 5077 noscitur
969 5022 1300 5089 professione
1324 5021 1564 5075 solidari.
1595 5021 1696 5075 Sed
1722 5023 1863 5090 quod

291 5118 385 5170 ille
411 5130 534 5170 vere
561 5114 629 5168 de
672 5127 730 5167 se
763 5114 1059 5182 promittit,
1092 5126 1187 5164 nos
1220 5114 1354 5175 bene
1384 5112 1607 5165 dicimus
1635 5113 1678 5183 si
1712 5111 1867 5165 nobis

293 5217 512 5276 peccata
538 5205 765 5260 relaxari
790 5204 957 5271 ipsius
978 5217 1198 5256 munere
1219 5202 1567 5255 conﬁdamus.
1592 5201 1862 5267 Sequitur,

292 5300 529 5361 cantabo,
556 5308 603 5349 et
636 5296 891 5365 psalmum
919 5296 1085 5347 dicam
1110 5291 1349 5345 Domino.
1390 5292 1576 5345 Merito
1603 5292 1689 5345 ille
1716 5292 1781 5345 de
1808 5305 1864 5346 se

295 5388 421 5440 talia
450 5385 686 5449 dicebat,
716 5384 873 5451 cujus
903 5393 956 5437 et
985 5397 1162 5437 sermo
1190 5390 1244 5435 et
1268 5392 1418 5436 actus
1449 5382 1641 5433 divinis
1668 5382 1865 5449 regulis

291 5477 646 5533 consonabat.
665 5475 720 5529 ln
738 5474 831 5530 illo
848 5473 1111 5542 siquidem
1135 5472 1383 5541 psalterio
1406 5486 1511 5524 non
1534 5480 1649 5524 erat
1669 5470 1867 5523 chorda

297 5571 495 5635 minus,
530 5583 629 5623 nec
652 5582 758 5622 vox
786 5569 904 5634 ejus
935 5566 1112 5636 aliqua
1144 5565 1406 5619 malorum
1438 5572 1652 5618 actuum
1684 5577 1869 5616 rauce-

298 5661 424 5716 dine
463 5660 867 5729 perstrepebat;
924 5659 1016 5713 sed
1064 5658 1294 5727 jucunda
1343 5655 1699 5711 exsultatione
1747 5669 1869 5707 cum

298 5752 560 5819 Spirituali
585 5750 791 5803 cantico
810 5750 1166 5819 jungebantur
1188 5758 1240 5804 et
1263 5763 1425 5817 opera
1446 5763 1457 5775 ·
1495 5755 1713 5814 eratque
1738 5744 1867 5798 illud

541 5842 809 5900 PATBOL.
860 5840 1057 5899 LXX.

1968 4665 2107 4710 stum
2135 4667 2215 4711 est
2238 4658 2476 4711 cmlestia
2502 4659 2800 4721 continere,
2827 4655 2969 4723 juste
2994 4672 3146 4722 super
3168 4655 3317 4709 caelos
3344 4656 3540 4712 debeat

1970 4748 2208 4800 exaltari.
2241 4746 2309 4801 Et
2338 4749 2528 4801 iterum
2556 4748 2679 4815 quia
2705 4746 2865 4809 dixit,
2896 4762 3049 4813 usque
3078 4746 3146 4799 ad
3175 4747 3329 4801 nubes
3352 4748 3539 4801 veritas

1970 4845 2086 4900 tua,
2130 4837 2324 4889 merito
2354 4835 2690 4904 subjunctum
2728 4845 2839 4901 est,
2871 4846 2918 4888 et
2945 4853 3098 4905 super
3121 4852 3317 4889 omnem
3351 4846 3535 4890 terram

1968 4925 2131 4993 gloria
2161 4936 2269 4978 tua.
2324 4925 2439 4992 Ipsa
2477 4927 2620 4979 enim
2659 4940 2719 4979 se
2757 4926 3033 4979 evidenter
3065 4935 3371 4993 exponunt,
3418 4932 3541 4996 quae

1968 5016 2224 5071 alterutra
2253 5016 2613 5069 declaratione
2643 5017 2957 5085 panduntur.

2041 5115 2191 5169 Vers.
2216 5116 2267 5169 6.
2295 5114 2360 5168 Ut
2383 5115 2655 5168 liberentur
2676 5116 2842 5168 dilecti
2869 5115 2963 5167 tui.
2994 5112 3202 5167 Salvum
3222 5115 3305 5182 [ac
3325 5116 3543 5171 dextera

1972 5212 2090 5266 tua,
2132 5213 2177 5255 et
2208 5204 2391 5256 emaudi
2422 5220 2520 5255 me.
2554 5202 2711 5256 Venit
2737 5202 2801 5255 ad
2836 5202 3119 5256 secundam
3146 5207 3534 5271 narrationem,

1972 5306 2127 5360 quam
2159 5290 2397 5345 diximus
2436 5292 2858 5360 quinquagesimi
2889 5292 3013 5344 noni
3046 5295 3233 5359 psalmi
3264 5302 3383 5348 esse
3412 5294 3538 5347 ulti-

1976 5396 2114 5433 mam
2158 5392 2384 5449 partem.
2432 5380 2579 5433 Unde
2608 5381 2798 5433 merito
2825 5381 2909 5434 hic
2930 5381 3065 5434 facta
3094 5382 3284 5437 divisio
3305 5394 3419 5449 est,
3450 5385 3539 5438 ubi

1979 5486 2100 5539 pars
2125 5471 2344 5523 alterius
2393 5468 2581 5537 psalmi
2631 5471 2865 5523 noscitur
2906 5484 3025 5525 esse
3058 5473 3365 5541 conjuncta.
3386 5473 3453 5526 Et
3486 5481 3544 5525 ut

1981 5561 2257 5616 evidenter
2295 5560 2553 5627 intelligas
2593 5560 2892 5628 passionem
2922 5562 3128 5615 Domini
3160 5564 3224 5615 ad
3258 5562 3545 5616 utilitatem

1982 5652 2149 5705 ﬁdelis
2182 5651 2357 5719 populi
2387 5649 2551 5703 fuisse
2595 5650 2842 5703 collatam
2862 5691 2876 5716 ,
2907 5650 3106 5704 salvum
3134 5668 3187 5704 se
3214 5651 3325 5719 ﬁeri
3349 5651 3545 5718 depre-

1977 5751 2158 5808 catur,
2194 5749 2251 5796 ut
2278 5740 2605 5796 credentium
2651 5741 2803 5797 turba
2835 5743 3106 5797 liberetur.
3164 5743 3279 5806 Qno
3310 5749 3543 5808 tempore

3192 5830 3270 5888 ‘25
