4032 6340
561 355 676 414 ’779

1765 356 1830 410 Μ.
1877 355 2152 410 AURELII
2189 351 2584 408 CASSIODORI

3715 354 3815 405 780

565 471 970 528 resurrectionis
993 471 1234 526 ercuisse
1261 483 1365 523 non
1394 467 1611 523 dubium
1645 475 1746 530 est.
1773 466 1984 535 quando
2003 481 2130 536 apo—
2159 469 2210 527 Α
2235 479 2424 520 carnes
2449 472 2723 533 susceptas
2751 462 3017 532 decoquit,
3035 473 3088 518 et
3115 466 3166 517 in
3191 464 3473 534 quamdam
3500 464 3815 516 suavitatem

561 563 684 619 stoli
722 563 808 617 vel
862 576 1049 615 omnes
1099 559 1380 614 credentes
1425 559 1676 614 deitatem
1710 558 1918 614 Domini
1955 556 2138 614 Salva-

562 654 695 709 toris
724 654 814 708 tali
847 653 1277 708 manil‘estatione
1309 663 1611 707 senserunt.

631 743 783 798 Vers.
810 745 863 798 7.
897 741 1032 796 Deus
1059 743 1256 796 locutus
1284 752 1359 796 est
1386 743 1438 796 in
1466 752 1644 796 sancto
1669 760 1762 798 suo
1787 759 1807 797 :
1856 743 2065 797 letabor
2089 752 2135 797 et

557 833 783 888 dividam
815 833 1093 887 Sic/timum
1116 873 1130 899 ,
1161 844 1207 886 et
1237 833 1518 887 convallem
1565 835 2005 889 tabernaculorum
2034 852 2136 888 me-

556 925 706 976 tibor.
739 921 841 977 Per
870 921 1013 976 hunc
1041 931 1095 977 et
1124 923 1256 976 alios
1307 932 1416 977 tres
1464 938 1650 978 versus
1699 925 1786 992 qui
1819 933 2132 993 sequuntur,

555 1014 724 1068 mixta
759 1011 960 1067 Graecis
1007 1013 1317 1082 Latinisque
1365 1015 1733 1081 sermonibus,
1788 1015 2010 1084 figuram
2058 1012 2139 1066 fa-

556 1104 706 1160 ciunt
757 1103 1082 1168 sardismos,
1121 1118 1239 1167 quae
1271 1103 1328 1157 ﬁt
1373 1103 1704 1158 diversarum
1749 1103 2136 1156 commixtione

556 1197 880 1266 linguarum,
911 1196 1047 1252 sicut
1074 1195 1182 1264 jam
1209 1196 1260 1249 in
1289 1196 1729 1266 quinquagesimo
1753 1209 1892 1248 nono
1928 1195 2134 1264 psalmo

2240 554 2444 610 fervido
2473 568 2668 624 vapore
2701 553 2962 622 perducit;
2993 555 3072 608 sic
3113 555 3200 608 ille
3239 553 3339 608 sibi
3389 552 3618 606 traditos
3648 553 3817 607 inces~

2237 645 2388 699 sabili
2435 644 2837 712 consumptione
2866 642 2966 715 [ed.
2993 685 3006 708 ,
3049 641 3529 714 consummatione]
3560 643 3813 710 castigat,

2236 751 2434 806 eosque
2482 736 2668 790 nolens
2707 735 2758 788 in
2804 735 3153 788 humilitatem
3199 734 3557 790 confessionis
3601 735 3814 787 assidua

2237 829 2567 883 insecutione
2619 827 2881 897 perducit.
2935 828 3074 895 Ergo
3123 842 3274 881 more
3323 826 3676 882 humanitatis
3716 827 3815 880 Do-

2237 923 2412 975 minus
2442 921 2572 974 dicit
2617 921 2683 974 de
2727 919 2923 974 diaboli
2959 921 3337 989 persecutione
3365 934 3518 988 spem
3550 917 3654 972 sibi
3680 933 3814 980 esse.

2235 1015 2356 1082 quia
2388 1015 2536 1067 multi
2578 1028 2711 1079 quos
2751 1013 2844 1066 ille
2895 1014 3112 1066 festinat
3151 1011 3418 1079 afﬂigere,
3449 1012 3701 1065 conversi
3741 1015 3790 1064 ni

2237 1117 2419 1160 tuutur
2462 1105 2527 1158 ad
2581 1105 2790 1159 Domini
2838 1103 3094 1157 beneﬁcia
3127 1118 3387 1156 remeare.
3421 1103 3710 1172 Sequitur,
3759 1101 3816 1153 In

2236 1197 2520 1252 Idummam
2577 1198 2841 1250 extendam
2899 1196 3290 1248 calceamen’lttm
3344 1211 3536 1248 meum.
3587 1192 3816 1246 Idumam

555 1287 810 1342 diximus.
841 1285 991 1340 Nunc
1015 1285 1082 1338 ad
1121 1285 1430 1354 exponenda
1479 1286 1640 1340 verba
1671 1286 1970 1340 redeamus.
1998 1283 2131 1338 Cum
2239 1301 2447 1343 terrena
2478 1287 2746 1356 signiﬁcat
2775 1295 2830 1340 et
2872 1290 3156 1354 sanguinea
3176 1326 3190 1347 ,
3233 1301 3390 1354 quam
3423 1284 3685 1337 Dominus
3729 1299 3815 1348 per

551 1375 710 1442 dicit,
741 1375 795 1430 in
825 1384 1002 1429 sancto
1041 1392 1133 1429 suo
1159 1374 1322 1430 Deum
1367 1375 1610 1438 loculum.
1637 1389 1695 1430 se
1724 1374 1988 1445 signiﬁcat
2010 1374 2135 1430 eVi-
2239 1381 2510 1449 Evangelii
2543 1378 2972 1446 praedicationem
3006 1390 3376 1445 possessorum
3412 1389 3471 1427 se
3503 1388 3628 1427 esse
3653 1375 3816 1440 signi-

550 1467 757 1524 dcuter.
786 1467 853 1522 Et
881 1467 1122 1538 intellige
1145 1483 1306 1536 quam
1338 1469 1444 1521 vim
1476 1467 1670 1522 haheat
1691 1509 1705 1533 ,
1739 1469 1793 1521 in
1816 1477 1991 1522 sancto
2015 1483 2128 1530 suo;

2234 1473 2377 1528 ﬁent.
2418 1470 2828 1526 Calceamrntum
2875 1469 3018 1522 enim
3075 1467 3128 1521 in
3178 1467 3628 1537 quinquagesimo
3671 1481 3812 1515 nono

552 1571 658 1618 non
694 1557 838 1611 enim
889 1556 1059 1621 dixit,
1098 1571 1194 1626 per
1222 1566 1463 1612 sanctum
1497 1573 1674 1622 suum,
1721 1558 1858 1612 sicut
1883 1572 1978 1626 per
2008 1573 2128 1627 pro-

2240 1563 2471 1632 psalmo,
2519 1561 2860 1628 livangelium
2914 1559 3145 1612 diximus
3173 1555 3494 1627 signiﬁcari,
3535 1553 3676 1622 quod
3711 1552 3814 1605 Do-

550 1647 772 1717 phetas,
804 1660 898 1715 per
925 1646 1219 1715 apostolos,
1261 1647 1504 1717 aliosque
1542 1648 1630 1717 qui
1663 1648 1886 1702 Domino
1916 1650 2130 1718 placue-
2233 1653 2411 1705 minus
2448 1665 2616 1719 usque
2644 1647 2710 1701 ad
2760 1648 3002 1701 homines
3049 1655 3294 1699 terrenus
3322 1643 3657 1704 extendens,
3705 1641 3814 1708 legs

550 1747 709 1802 runt;
755 1737 847 1792 sed
881 1736 968 1792 hic
1015 1736 1164 1802 dicit,
1196 1739 1250 1791 in
1297 1747 1475 1792 sancto
1500 1755 1624 1806 suo,
1652 1749 1712 1794 ut
1746 1739 1974 1795 Verbum
2001 1755 2128 1794 caro
2229 1757 2322 1796 sua
2347 1741 2598 1793 mundum
2618 1738 2904 1793 universali
2929 1737 3309 1806 przcdicatione
3329 1731 3816 1802 complevit.Adje-

549 1826 744 1881 factum
772 1840 874 1880 una
891 1825 1160 1882 voluntate
1183 1840 1304 1881 cum
1329 1827 1484 1882 Patre
1501 1828 1826 1898 loqueretur.
1852 1829 2122 1900 Sequitur,
2158 1831 2205 1890 B
2231 1835 2334 1900 cit,
2377 1832 2503 1885 mihi
2547 1831 2798 1900 allophyli
2825 1829 3015 1882 subditi
3044 1837 3180 1880 sunt.
3213 1825 3477 1895 Allopkyli
3506 1824 3816 1892 alienigena:

550 1917 761 1974 letabor
785 1926 834 1972 et
859 1919 1084 1973 dividam
1107 1918 1406 1974 Sichimam.
1436 1919 1860 1990 Signiﬁcationes
1886 1924 2124 1977 omnium
2231 1926 2679 1995 interpretantur;
2711 1921 3011 1990 signiﬁcant
3049 1927 3226 1973 autem
3270 1916 3524 1986 populum
3559 1912 3814 1968 Christia-

548 2008 774 2064 istorum
797 2009 1074 2064 nominum
1103 2009 1335 2065 sollicite
1369 2009 1629 2066 debemus
1653 2011 1970 2080 exquirere,
1998 2027 2128 2082 quo-
2230 2033 2356 2072 num
2377 2058 2392 2082 ,
2441 2015 2532 2085 qui
2583 2015 2651 2070 de
2695 2014 2924 2068 diversis
2971 2012 3222 2078 gentibus
3252 2009 3420 2078 ipsius
3472 2007 3814 2061 miseratione

553 2099 694 2156 niam
739 2100 1069 2157 occultarum
1107 2117 1286 2158 rerum
1330 2103 1570 2160 revelare
1608 2104 1763 2160 nobis
1819 2106 2116 2173 probantur

549 2204 761 2245 arcana.
781 2190 1016 2248 Sichima
1043 2192 1426 2262 interpretatur
1452 2191 1682 2259 humeri;
1713 2193 1918 2250 humeri
1948 2204 2125 2250 autem

548 2279 853 2348 signiﬁcant
892 2295 1058 2350 opera
1094 2281 1288 2350 quibus
1323 2281 1688 2338 adnitentibus
1725 2284 2122 2354 atqueguber-

547 2371 798 2428 nantibus
847 2372 1085 2428 solemus
1137 2372 1337 2443 aliquid
1376 2371 1624 2428 manibus
1657 2375 1892 2442 operari.
1924 2375 2126 2429 Sensus

546 2474 674 2531 ergo
704 2461 824 2516 talis
851 2471 935 2518 est
965 2481 980 2517 :
1014 2471 1134 2531 post
1159 2463 1608 2519 resurrectionem
1647 2479 1796 2520 suam
1835 2465 2126 2521 testatura»:

547 2566 606 2607 se
632 2551 796 2618 dicit,
833 2554 1087 2624 quoniam
1113 2569 1353 2624 operam,
1385 2555 1436 2610 id
1457 2564 1543 2612 est
1568 2557 1792 2626 gratiam
1821 2573 1971 2612 suam
1998 2574 2126 2628 apo-

550 2643 706 2706 stolis
734 2653 791 2702 et
814 2644 1064 2702 ﬁdelibus
1090 2647 1294 2714 divisit,
1319 2650 1411 2717 qui
1442 2649 1700 2718 passionis
1721 2650 1887 2719 ipsius
1910 2661 1964 2706 et
1991 2667 2127 2721 prae.

547 2740 826 2796 dicationis
851 2740 1072 2811 gloriam
1111 2751 1237 2796 sunt
1283 2742 1471 2796 secuti.
1503 2741 1744 2808 Addidit,
1773 2753 1821 2798 et
1845 2744 2126 2798 convallem

546 2829 984 2892 tabernaculorum
1011 2830 1242 2886 metibor.
1290 2831 1581 2887 Convallem
1616 2831 1884 2903 signiﬁcat
1909 2835 2124 2889 humili-

547 2929 731 2978 tatem.
780 2921 1253 2978 Taberuaculorum
1291 2923 1642 2980 ecclesiarum
1685 2925 1848 2990 dicit,
1897 2942 2124 2996 quarum

549 3015 852 3084 specialiter
877 3015 1270 3070 sanctissimam
1299 3023 1514 3070 constat
1531 3030 1652 3072 esse
1678 3017 1953 3072 virtutem.
1979 3019 2128 3073 Hanc

548 3120 674 3176 ergo
708 3105 1063 3163 humilitatem
1094 3107 1311 3162 metitus
1341 3115 1425 3162 est
1449 3107 1737 3174 Dominus,
1765 3109 1978 3178 quando
2008 3110 2124 3164 nni-

2228 2110 2486 2165 collectus
2513 2115 2615 2160 est.
2649 2105 2898 2161 Subditos
2924 2107 3067 2160 enim
3097 2102 3236 2174 quod
3267 2101 3420 2164 dicit,
3453 2099 3668 2152 futuros
3697 2097 3814 2151 ﬁde-

2229 2204 2306 2258 les
2344 2215 2464 2256 esse
2505 2206 2749 2253 testatur.

2299 2290 2455 2346 Vers.
2489 2289 2570 2344 l0.
2605 2287 2732 2353 Quis
2776 2287 2992 2342 deducet
3040 2301 3118 2337 tne
3155 2284 3209 2336 in
3254 2282 3514 2335 civitatem
3544 2281 3814 2342 natiuitatis,

2226 2392 2315 2437 aut
2364 2382 2478 2452 quis
2519 2381 2731 2434 deducet
2781 2395 2858 2431 me
2904 2393 3062 2447 usque
3106 2377 3159 2428 in
3209 2373 3545 2427 Nummum?
3581 2375 3624 2426 Α
3675 2381 3816 2440 parte

2229 2474 2376 2546 [mss.
2408 2474 2495 2542 Α.,
2517 2473 2600 2535 Β..
2621 2471 2708 2536 F.,
2736 2481 2788 2525 et
2812 2471 2916 2534 ed.,
2943 2465 3152 2538 aperte]
3176 2465 3524 2519 humanitatis
3545 2463 3816 2532 aptissima

2226 2564 2571 2632 interrogatio
2623 2561 2992 2632 praemittitur,
3038 2568 3096 2613 ut
3147 2571 3482 2625 consequens
3529 2555 3814 2623 reSponsio

2230 2655 2603 2724 subsequatur.
2639 2652 2802 2720 Negat
2832 2651 2974 2706 enim
3019 2649 3293 2702 hominum
3342 2661 3402 2702 se
3452 2647 3655 2700 solatio
3702 2661 3816 2712 per-

2231 2749 2347 2802 duci
2378 2760 2568 2816 posse,
2595 2743 2685 2798 uhi
2713 2743 2826 2814 ipse
2872 2741 2936 2794 ad
2974 2739 3279 2795 liberandos
3307 2739 3493 2792 ﬁdeles
3517 2752 3651 2791 suos
3677 2736 3814 2790 desi-

2228 2841 2382 2896 derat
2429 2839 2728 2908 pervenire.
2777 2838 2894 2906 Ipsa
2952 2835 3095 2890 enim
3150 2843 3333 2887 natura
3385 2833 3488 2886 hoc
3542 2831 3817 2885 humiliter

2227 2932 2378 2996 dicit,
2409 2943 2527 3002 qua:
2553 2931 2629 2985 ait
2652 2949 2665 2985 :
2709 2929 2847 2984 Deus
2874 2927 3010 2983 Deus
3034 2945 3204 2993 meus,
3227 2929 3420 2995 respice
3443 2927 3496 2978 in
3525 2941 3637 2980 me:
3658 2939 3820 2994 quare

2228 3039 2309 3077 me
2335 3021 2651 3092 dereliquisti
2679 3019 2848 3089 (Psal.
2881 3035 3000 3084 χιιι,
3026 3018 3122 3085 2)?
3167 3017 3284 3086 Ipsa
3327 3032 3448 3085 quae
3489 3015 3659 3068 dixit:
3711 3011 3818 3077 Qui

2231 3114 2370 3167 misit
2395 3128 2473 3167 me
2499 3114 2667 3180 major
2688 3128 2766 3164 me
2782 3119 2857 3164 est
2889 3109 3067 3181 (Joan.
3095 3125 3206 3173 xrv,
3233 3108 3347 3178 28).
3380 3107 3458 3162 Ad
3487 3117 3822 3176 postremum

548 3200 738 3269 cuique
791 3198 1062 3266 ﬁdelium,
1116 3207 1274 3268 prout
1313 3198 1502 3265 voluit,
1547 3198 1931 3255 charismatum
1990 3201 2126 3255 dona
2153 3199 2200 3260 ϐ
2232 3220 2350 3275 quae
2393 3204 2510 3258 ait:
2544 3201 2722 3268 Pater,
2753 3202 2798 3256 si
2847 3201 2959 3268 ﬁeri
3002 3209 3194 3266 potest,
3244 3207 3468 3252 transeat
3500 3213 3643 3250 ame
3690 3196 3821 3250 ralis

549 3288 846 3354 distribuit,
894 3293 1033 3344 sicut
1085 3289 1215 3344 dicit
1264 3288 1597 3359 Apostolus:
1634 3290 1920 3361 Unicuique
1961 3303 2126 3347 autem

549 3390 775 3436 nostrum
792 3382 915 3435 data
939 3389 1011 3436 est
1038 3383 1204 3453 gratia
1225 3385 1502 3438 secundum
1523 3401 1815 3440 mensuram
1837 3388 2128 3442 donationis

549 3471 737 3527 Christi
767 3469 985 3543 (Ephes.
1018 3487 1091 3537 tv,
1117 3472 1200 3542 7).

621 3565 779 3622 Vera.
802 3565 858 3621 8.
891 3565 1040 3620 Heus
1063 3575 1136 3620 est
1164 3564 1386 3630 Galaad,
1415 3575 1462 3622 et
1491 3583 1632 3622 meus
1654 3578 1728 3623 est
1754 3568 2050 3638 Manasses,
2080 3583 2129 3627 et

552 3655 774 3728 Ephrem
799 3656 1048 3727 fortitudo
1076 3657 1258 3726 capitis
1279 3657 1396 3710 mei.
1433 3654 1576 3710 Juda
1612 3673 1704 3712 rea:
1731 3675 1892 3713 meus.
1922 3657 2126 3714 Galaad

554 3749 738 3804 Latins
767 3748 946 3816 lingua
971 3747 1168 3802 dicitur
1197 3747 1615 3818 transmigratio,
1646 3765 1766 3820 quae
1807 3765 1992 3806 revera
2024 3751 2129 3806 Do-

551 3838 680 3894 mini
697 3847 805 3905 est,
823 3837 1036 3908 quando
1059 3848 1274 3910 gentes,
1299 3839 1466 3909 ipsius
1485 3842 1766 3897 vocatione
1786 3851 2125 3912 compuncta,

549 3930 614 3986 ad
643 3945 765 3988 eum
795 3929 1027 3986 feliciter
1051 3931 1401 4002 cmigrarunt.
1445 3931 1714 3987 Manassae
1743 3931 2129 4002 interpretatur

550 4020 764 4089 oblivio,
791 4035 899 4092 quo
941 4020 1108 4077 verbo
1135 4021 1470 4091 signiﬁcatur
1521 4023 1754 4092 populus
1781 4023 2088 4078 .ludmorum
2109 4064 2125 4090 ,

550 4113 638 4182 qui
678 4110 873 4167 oblitus
903 4111 1160 4167 beneﬁcia
1186 4111 1362 4167 divina
1381 4151 1397 4175 ,
1433 4111 1704 4167 Christum
1729 4114 2013 4168 Dominum
2043 4128 2130 4168 sa-

551 4202 744 4271 crilega
772 4205 1189 4272 praesumptione
1228 4203 1528 4267 cruciﬁxit;
1564 4216 1749 4272 postea
1791 4213 1968 4259 tamen
2011 4203 2127 4274 ejus

550 4287 892 4346 miseratione
939 4291 1006 4345 ad
1059 4290 1225 4359 ipsius
1276 4291 1592 4360 religionem
1640 4294 2012 4364 culturamque
2041 4311 2130 4352 re-

551 4377 768 4436 meavit.
821 4376 915 4434 Sie
965 4387 1248 4449 utrumque
1290 4381 1539 4451 populum
1589 4383 1864 4438 nominum
1903 4387 2126 4442 istorum

2230 3297 2567 3368 iste(MattIt.
2615 3310 2780 3358 xxvi,
2813 3292 2926 3363 59).
2970 3292 3053 3347 Ab
3097 3293 3207 3360 ipsa
3254 3292 3398 3346 enim
3448 3299 3608 3360 parte
3656 3296 3820 3342 totum

2232 3387 2510 3443 humiliter
2556 3385 2838 3453 accipitur,
2891 3391 2949 3436 ιιι
2995 3382 3157 3436 homo
3201 3381 3338 3435 Deus
3394 3379 3821 3447 perfectissimus

2230 3477 2511 3533 sentiatur.
2541 3474 2730 3528 Civitas
2774 3474 2973 3527 munita
3017 3470 3154 3527 forte
3199 3469 3463 3540 signiﬁcat
3516 3470 3819 3533 infernum,

2231 3583 2388 3639 quam
2422 3566 2565 3621 nulla
2597 3565 2826 3618 humana
2854 3564 2932 3617 vis
2959 3563 3128 3633 potuit
3156 3562 3398 3631 aperire,
3429 3562 3534 3616 nisi
3567 3561 3667 3631 qui
3699 3577 3819 3629 por-

2233 3670 2312 3713 tas
2341 3659 2458 3727 ejus
2487 3655 2830 3725 cognoscitur
2863 3654 3164 3723 infregisse.
3209 3652 3357 3708 Unde
3391 3653 3446 3706 iu
3491 3652 3818 3721 praecedenti

2230 3751 2438 3822 psalmo
2465 3747 2664 3803 dictum
2710 3753 2789 3802 est
2823 3763 2836 3799 :
2890 3745 3022 3812 Quia
3071 3745 3304 3799 contriuit
3346 3753 3524 3812 portas
3551 3759 3749 3807 creas,
3774 3751 3819 3795 et

2230 3852 2390 3898 vectes
2420 3842 2608 3911 ferreos
2637 3839 2882 3909 confregit
2910 3837 3078 3909 (Psal.
3106 3853 3213 3906 ενι,
3246 3836 3356 3903 16).
3388 3835 3532 3891 Urbs
3560 3836 3629 3887 ad
3655 3836 3817 3888 susci«

2231 3933 2480 4003 piendum
2506 3942 2720 4002 patens,
2764 3929 2829 3985 ad
2861 3929 3235 3984 dimittendum
3265 3929 3445 3983 clausa
3473 3929 3811 3982 consistens:

2229 4039 2348 4096 quae
2382 4033 2509 4078 tunc
2552 4022 2864 4077 munitionis
2911 4034 3024 4074 sua:
3071 4020 3240 4088 legem
3291 4017 3558 4085 perdidit,
3605 4014 3813 4084 quando

2229 4133 2348 4172 eam
2396 4118 2630 4186 gentium
2684 4115 3012 4183 Redemptor
3062 4113 3302 4166 intravit.
3347 4112 3482 4166 Nam
3532 4121 3719 4181 portas
3760 4110 3812 4163 in

2233 4211 2375 4265 malo
2403 4218 2458 4263 et
2501 4209 2556 4262 in
2595 4207 2737 4261 bono
2783 4206 2908 4275 poni
2939 4205 3171 4274 psalmus
3200 4203 3496 4268 vigesimus
3524 4204 3715 4256 tertius
3743 4211 3814 4255 ω-

2231 4309 2421 4362 statur,
2445 4297 2534 4367 qui
2559 4295 2880 4351 aitzTollite
2910 4303 3083 4365 portas
3132 4294 3386 4364 principes
3431 4303 3632 4345 uestras
3687 4291 3812 4362 ἱρά..

2230 4391 2474 4462 principis
2501 4387 2673 4459 uestri]
2692 4428 2707 4453 ,
2737 4395 2785 4442 et
2815 4386 3099 4448 elevamini,
3139 4395 3297 4455 porta:
3338 4383 3608 4437 mternales
3643 4382 3811 4452 (Psal.

550 4472 1064 4528 commemoratione
1104 4483 1262 4524 suum
1293 4485 1415 4527 esse
1467 4481 1711 4528 testatur.
1759 4475 2047 4544 Sequitur,
2077 4487 2127 4532 et
2234 4496 2400 4545 xxnt,
2427 4481 2508 4550 7).
2539 4478 2824 4532 ldumaam
2871 4477 3104 4530 diximus
3130 4484 3344 4530 terrena
3375 4473 3711 4540 signiﬁcare;
3750 4471 3810 4524 ad

551 4559 778 4634 Ephrem
819 4561 1065 4632 fortitudo
1104 4562 1288 4632 capitis
1338 4563 1457 4619 mei.
1487 4562 1632 4619 Juda
1671 4581 1763 4618 rea:
1795 4583 1952 4620 meus.
1984 4568 2126 4622 Istud
2156 4566 2206 4628 D
2231 4586 2388 4642 quam
2421 4569 2680 4624 Dominus
2709 4576 2829 4637 post
2870 4566 3318 4621 resurrectionem
3372 4564 3555 4629 venit,
3605 4563 3813 4633 quando

553 4653 624 4711 dc
665 4668 763 4710 sua
816 4655 1064 4726 passione
1100 4655 1308 4711 loeutus
1345 4665 1448 4712 est.
1522 4655 1747 4726 Ephrem
1795 4657 2131 4715 fructiﬁcatio
2233 4658 2590 4715 iumstimabili
2612 4657 2780 4728 gloria
2811 4655 3100 4725 patefacta,
3127 4653 3391 4708 universis
3418 4655 3678 4723 gentibus
3703 4663 3819 4708 omJ

553 4746 770 4814 dicitur;
787 4745 1054 4817 signiﬁcat
1070 4747 1214 4803 enim
1236 4747 1475 4826 spineam
1512 4762 1766 4803 coronam
1793 4762 1950 4816 quam
1967 4763 2130 4817 supra

555 4845 715 4906 caput
739 4837 1039 4908 impositam
1061 4837 1114 4893 in
1145 4851 1239 4892 sua
1286 4838 1532 4908 passione
1563 4839 1818 4907 suscepit.
1859 4838 1983 4894 Haec
2021 4838 2130 4894 fer-

556 4926 664 4984 tilis
691 4927 830 4984 ultra
862 4943 1049 4990 omnes
1081 4927 1282 4986 fructus
1313 4931 1438 4995 fuit,
1464 4939 1521 4984 ut
1548 4937 1721 4986 totum
1749 4929 2004 4986 mundum
2035 4932 2125 4987 illa

556 5015 853 5072 humilitate
878 5018 1194 5073 lucraretur.
1237 5016 1432 5074 Judam
1465 5032 1593 5073 vero
1613 5034 1777 5089 regem
1803 5018 1946 5088 iuste
1970 5035 2124 5075 suum

557 5105 718 5172 dixit,
760 5108 885 5177 quia
960 5109 1027 5165 de
1075 5107 1192 5180 ejus
1254 5109 1466 5178 origine
1507 5109 1686 5164 carnis
1741 5113 2125 5182 propagatione

554 5192 851 5252 descendit.

627 5283 782 5341 νει-8.
809 5284 866 5342 9.
889 5285 1041 5341 Moab
1068 5288 1173 5343 olla
1200 5289 1308 5361 spei
1327 5286 1448 5343 mei.
1471 5284 1540 5342 In
1560 5286 1846 5346 ldumteam
1859 5294 2128 5346 extendam

555 5376 955 5436 calceamentum
1005 5397 1220 5441 meum:
1270 5381 1396 5436 milii
1450 5380 1705 5453 allophyli
1749 5383 1939 5438 subditi
1985 5395 2126 5441 sunt.

559 5467 748 5536 lout,
788 5472 928 5528 sicut
968 5473 1297 5544 llieronymo
1326 5472 1518 5541 placet,
1549 5472 1816 5541 signiﬁcat
1843 5489 1909 5530 ex
1950 5481 2132 5543 patre,

559 5560 804 5631 quodest
830 5564 948 5620 sine
977 5572 1150 5634 patre.
1199 5561 1352 5619 Unde
1393 5561 1666 5617 diabolum
1715 5563 1831 5617 vult
1878 5564 2132 5635 intelligi,

558 5650 648 5721 qui
673 5653 828 5712 malis
847 5653 1253 5726 operationibus
1275 5652 1440 5706 Deum
1470 5665 1576 5706 non
1597 5651 1756 5706 habet
1775 5661 1977 5720 patrem
1997 5697 2012 5722 ,
2039 5656 2131 5711 sed

556 5741 758 5816 justum
800 5755 1058 5820 iudicem.
1106 5749 1212 5804 iste
1260 5761 1390 5815 ergo
1438 5746 1557 5800 olla
1606 5756 1977 5818 comparatur,
2017 5765 2136 5819 quin

2231 4753 2480 4820 nipotens
2528 4751 2758 4805 innotuit
2800 4757 3071 4818 regnator.
3117 4747 3237 4815 Ipso
3267 4748 3409 4801 enim
3441 4747 3610 4801 modo
3640 4758 3696 4803 et
3724 4749 3812 4803 ista

2230 4843 2362 4913 petit
2389 4841 2533 4908 ﬁeri,
2561 4840 2702 4896 sicut
2724 4839 2814 4897 illa
2851 4853 2969 4910 qum
2997 4841 3245 4907 superius
3266 4839 3420 4893 dixit.

2307 4933 2459 4989 Vers.
2491 4933 2577 4987 Η.
2603 4931 2791 4986 Nonne
2812 4939 2898 4996 tu,
2927 4931 3094 4996 Deus,
3121 4932 3207 4999 qui
3235 4930 3467 5000 repulisti
3492 4948 3623 4998 nos,
3654 4942 3701 4986 et
3723 4947 3810 4985 nos

2234 5023 2507 5095 egredieris
2526 5061 2543 5087 ,
2574 5020 2713 5075 Deus
2730 5062 2744 5084 ,
2775 5022 2827 5074 in
2851 5021 3116 5075 virtutibus
3140 5022 3346 5078 nostris.
3369 5021 3564 5077 Secuta
3597 5032 3687 5077 est
3712 5023 3808 5085 illa,

2234 5130 2392 5186 quam
2425 5117 2473 5169 in
2504 5113 2770 5183 superiori
2793 5129 2951 5168 versu
2995 5114 3368 5182 suspenderat,
3401 5113 3657 5170 absoluta
3686 5130 3810 5170 cono

2238 5206 2432 5262 fessio:
2456 5206 2707 5274 quoniam
2731 5204 2844 5260 hac
2863 5221 2982 5274 qua:
3008 5206 3061 5259 in
3085 5204 3477 5260 resurrectione
3505 5204 3648 5260 facta
3672 5215 3806 5270 sunt,

2239 5315 2269 5353 a
2298 5298 2410 5352 sola
2441 5306 2728 5367 potuerunt
2755 5295 2952 5350 deitate
2978 5295 3259 5364 compleri.
3306 5295 3437 5360 Quis
3479 5296 3629 5351 enim
3669 5297 3807 5351 clau~

2237 5399 2407 5444 strum
2438 5388 2627 5444 mortis
2655 5386 3011 5457 infringeret?
3038 5387 3168 5454 Quis
3190 5386 3384 5456 januas
3424 5388 3652 5444 munitae
3693 5388 3808 5443 civi-

2236 5482 2361 5534 tatis
2387 5479 2652 5549 aperiret,
2678 5479 2779 5533 nisi
2808 5478 2922 5548 ipse
2955 5477 3212 5532 Dominus
3241 5478 3403 5549 372
3429 5478 3706 5541 Christus,
3727 5477 3808 5546 qui

2236 5579 2420 5626 contra
2450 5569 2691 5625 ordinem
2723 5569 2970 5624 humanas
3015 5578 3222 5624 natura:
3251 5570 3408 5625 tertia
3454 5570 3547 5625 die
3585 5570 3808 5626 surrexit

2237 5678 2265 5716 a
2295 5662 2555 5727 mortuis,
2599 5669 2654 5717 et
2694 5661 2916 5731 gloriam
2967 5677 3078 5718 sum
3117 5661 3416 5732 majestatis
3444 5663 3724 5719 ostendit?
3748 5663 3807 5716 Et

2239 5753 2445 5810 intuere
2489 5751 2756 5810 subtiliter
2804 5753 2925 5822 quia
2971 5755 3245 5825 superiora
3291 5757 3548 5826 singulari
3590 5771 3804 5811 numero
