4032 6340
197 397 298 455 781

1140 397 1498 453 EXPOSITIO
1542 399 1603 452 IN
1646 397 2109 453 PSALTERIUM.
2145 399 2336 455 PSAI..
2378 398 2555 458 CVIII.

3366 402 3471 458 789.

198 508 491 577 percurrit;
520 504 604 560 hic
628 516 804 561 autem
835 505 1111 575 pluraliter
1142 507 1383 575 perhibet
1404 522 1465 562 se
1488 511 1778 575 repulsum,
1809 512 1860 569 Α
1894 510 2148 575 probatur
2173 525 2293 565 esse
2318 510 2669 579 perductum?
2694 508 2781 565 Sic
2811 519 2864 566 et
2895 511 3009 579 ipse
3030 511 3201 568 David
3226 512 3277 567 in
3310 513 3472 569 Para-

198 604 443 665 u-tcaput
488 611 607 649 cum
659 597 915 651 membris
957 597 1067 651 suis
1096 598 1221 651 talia
1270 597 1450 653 dicere
1493 601 1777 654 sentiatur.

200 688 453 762 Repuliin
508 708 598 744 nos
644 691 911 758 signiﬁcat
959 692 1245 758 distulisti,
1278 692 1399 761 quia
1436 700 1489 745 et
1517 694 1687 761 ipsum
1715 691 1782 745 ad

196 783 643 853 gloriﬁcationem
687 797 839 836 suam
886 790 1098 836 constat
1141 798 1262 837 esse
1300 783 1521 837 dilatum
1566 798 1688 838 cum
1725 784 1781 837 in

198 876 299 929 hac
342 875 451 928 vita
498 883 832 937 moraretur;
866 881 918 927 et
969 875 1205 927 omnium
1252 873 1483 928 ﬁdelium
1518 875 1783 945 hodieque

198 965 366 1034 gloria
401 964 767 1031 suspenditur,
801 964 974 1018 donec
1010 965 1076 1017 ad
1121 964 1532 1020 resurrectionis
1562 969 1780 1033 praemia

198 1056 464 1109 veniatur.
492 1054 768 1122 Sequitur,
804 1064 850 1106 et
875 1071 975 1107 non
1001 1055 1310 1125 egredieris,
1350 1055 1512 1120 Deus,
1543 1057 1596 1110 in
1625 1058 1785 1111 virtu-

196 1148 328 1200 tibus
351 1147 561 1203 nostris.
592 1147 829 1214 Tempus
877 1146 1006 1199 illud
1050 1146 1314 1211 signiﬁcat
1343 1148 1554 1217 quando
1604 1158 1783 1203 tentus

199 1249 252 1292 et
275 1235 498 1291 traditus
529 1244 613 1291 est
635 1250 664 1289 a
693 1235 845 1289 turba
877 1235 1219 1302 Iudaeorum,
1252 1238 1465 1305 quando
1494 1239 1719 1308 ﬂagellis
1750 1253 1781 1293 a

198 1329 427 1400 pneside
456 1342 663 1393 cursus,
696 1327 1027 1382 dementinm
1077 1327 1384 1382 Iudaeorum
1425 1338 1576 1397 sputa
1617 1332 1781 1382 sustio

198 1419 335 1474 nuit.
362 1420 509 1473 Tunc
534 1418 681 1472 enim
712 1417 760 1471 si
791 1417 1053 1479 voluisset
1078 1419 1330 1474 divinitas
1357 1418 1455 1473 ista
1484 1420 1777 1488 repellere,

198 1520 377 1574 omnis
409 1517 705 1571 adversitas
752 1517 1027 1571 confracta
1068 1517 1377 1574 cecidisset.
1423 1519 1528 1574 Sed
1578 1520 1783 1575 distulit

198 1611 519 1664 miraculum
541 1623 652 1662 sua:
673 1607 957 1676 patestatis
980 1609 1268 1664 ostendere
1284 1650 1300 1677 ,
1332 1618 1391 1665 ut
1414 1611 1778 1679 dispensatum

198 1700 444 1755 ordinem
472 1699 717 1768 proﬁcuze
743 1699 1007 1769 passionis
1034 1701 1301 1770 impleret.
1328 1702 1437 1756 Hoc
1458 1712 1513 1756 et
1535 1702 1780 1758 fidelibus

194 1792 621 1858 nsu.provenit,
652 1805 773 1845 cum
820 1790 888 1846 ad
936 1791 1305 1861 probationem
1359 1807 1510 1847 suam
1555 1793 1779 1849 diversis

196 1883 439 1939 cladibus
479 1883 813 1951 afﬂiguntur.

270 1974 426 2030 Vers.
442 1975 530 2028 1‘2.
561 1972 642 2027 Da
662 1974 805 2028 nobis
829 1974 1082 2028 auxilium
1104 1974 1167 2029 de
1190 1974 1515 2029 tribulatione
1535 1991 1555 2030 :
1578 1986 1624 2029 et
1647 1992 1778 2033 uana

198 2069 341 2121 salus
369 2066 607 2120 hominis.
644 2065 740 2120 IIic
767 2080 887 2120 cum
914 2065 1168 2120 membris
1196 2066 1308 2121 suis
1340 2066 1549 2122 Domini
1583 2067 1780 2123 clamat

199 2157 525 2225 humanitas,
554 2166 611 2213 ut
638 2158 706 2213 de
735 2158 1170 2213 tribulationibus
1204 2160 1359 2214 istius
1383 2161 1567 2215 mundi
1598 2177 1779 2218 resur-

198 2248 457 2303 rectioiis
482 2246 741 2303 securitas
762 2248 1117 2313 concedatur;
1148 2257 1409 2319 quatenus
1437 2252 1650 2307 tandem
1674 2254 1775 2307 ali-

196 2340 418 2410 quando
469 2348 755 2407 tempestas
803 2340 959 2409 hujus
1007 2342 1188 2396 seaculi
1240 2343 1609 2411 conquiescat.
1662 2346 1776 2400 Non

195 2431 344 2485 enim
383 2430 633 2484 auxilium
661 2432 793 2499 petit
821 2430 889 2485 de
916 2431 1124 2486 deliciis
1148 2476 1162 2500 ,
1214 2433 1309 2487 sed
1338 2434 1400 2487 de
1418 2435 1773 2503 tribulatione,

199 2520 341 2574 unde
366 2519 669 2576 hominibus
698 2536 792 2590 per
818 2520 1053 2575 divinam
1092 2523 1427 2578 clementiam
1477 2526 1627 2579 novit
1656 2542 1779 2596 pro-

199 2610 382 2665 venire
427 2611 686 2666 remedia.
740 2612 808 2666 Et
853 2627 919 2666 ne
969 2613 1023 2665 in
1056 2615 1409 2682 potestatibus
1440 2614 1622 2670 mundi
1652 2632 1776 2686 spes

197 2702 302 2755 ulla
334 2712 665 2769 remaneret,
692 2703 912 2771 adjecit,
945 2713 991 2757 et
1018 2720 1150 2757 uana
1187 2706 1330 2759 salus
1379 2708 1616 2773 hominis,
1654 2712 1774 2779 quia

200 2808 385 2847 revera
418 2792 627 2848 inﬁrma
660 2795 780 2849 talis
807 2802 893 2850 est
922 2805 974 2849 et
994 2795 1192 2850 caduca
1224 2800 1590 2867 praesumptio.

270 2881 425 2938 Vere.
457 2884 544 2938 I5.
582 2882 643 2936 In
668 2883 772 2937 Deo
799 2884 1044 2955 faciemus
1066 2888 1298 2941 virtutem
1316 2899 1406 2958 ,σει
1430 2891 1538 2959 ipse
1560 2891 1628 2944 ad
1645 2892 1777 2944 nihi-

195 2972 303 3026 lum
326 2974 535 3026 deducet
559 2974 857 3028 tribulantes
885 2993 995 3030 nos.
1019 2977 1144 3031 Haec
1165 2989 1217 3032 et
1246 2979 1456 3035 Domini
1483 2980 1728 3036 Salvator
1750 2998 1777 3036 s

194 3071 252 3116 et
270 3075 592 3117 cunctorum
621 3064 855 3119 ﬁdelium
875 3080 978 3121 vox
998 3077 1101 3135 est,
1142 3070 1390 3137 quoniam
1414 3073 1776 3140 spiritualibus

194 3166 361 3222 atque
408 3156 707 3212 carnalibus
764 3159 995 3213 inimicis
1042 3161 1331 3217 efﬁcaciter
1379 3163 1573 3219 divinis
1610 3166 1776 3219 virtu-

1885 601 2188 668 lipomenon
2212 598 2275 671 (1
2312 600 2490 653 Paral.
2519 600 2661 667 xvi),
2700 601 3027 668 pselmorum
3064 604 3305 670 partibus
3338 604 3471 658 adu-

1884 692 2057 758 natis,
2110 678 2227 747 hoc
2265 703 2381 755 est,
2443 693 2720 748 centesimi
2770 696 2977 763 quarti,
3033 705 3087 750 et
3137 684 3471 767 nonagesimi

1883 785 2075 853 quinti,
2100 791 2156 838 et
2184 784 2461 839 centesimi
2492 785 2693 854 quinti,
2741 786 2939 854 Spiritu
2972 797 3157 845 sancto
3199 790 3459 858 repletus,

1884 887 2009 932 ante
2039 892 2217 931 aream
2260 876 2480 933 foederis
2516 877 2707 938 laudes
2749 877 2962 933 Domini
2993 881 3197 949 magnis
3220 883 3467 957 exsulta-
3540 892 3543 893 '

1886 970 2119 1024 tionibus
2165 970 2506 1037 personavit;
2540 980 2597 1023 ut
2628 978 2880 1038 tanquam
2910 986 2975 1025 ex
3008 972 3237 1028 diversis
3259 989 3469 1031 aroma-

1886 1062 2026 1116 Iibus
2071 1076 2236 1117 suave
2288 1062 2568 1117 incensum
2622 1061 2798 1127 ﬁeret,
2849 1062 2989 1132 quod
3023 1063 3088 1117 ad
3121 1075 3467 1135 conspectum

1884 1153 2095 1206 Domini
2139 1152 2364 1207 feliciter
2391 1153 2717 1221 perveniret.
2751 1152 2881 1209 Sine
2925 1153 3240 1231 difﬁcultate
3269 1156 3468 1227 quippe

1883 1242 2251 1311 coniungitur,
2286 1243 2426 1311 quod
2457 1242 2560 1297 sibi
2605 1243 2913 1299 nullatenus
2962 1260 3266 1315 repugnare
3316 1263 3469 1302 mon-

1884 1338 2103 1384 stratur.
2153 1329 2491 1400 Quapropter
2533 1341 2588 1386 et
2631 1333 2773 1388 hunc
2809 1334 3075 1402 psalmum
3107 1352 3168 1390 ex
3198 1337 3318 1391 aliis
3350 1338 3469 1393 ideo

1883 1421 2170 1477 credamus
2198 1436 2317 1478 esse
2346 1421 2631 1476 formatum
2654 1460 2670 1489 ,
2708 1432 2765 1478 ut
2804 1428 2982 1480 anima
3029 1428 3276 1484 esuriens
3314 1445 3469 1499 sapo-

1884 1527 2001 1567 rum
2024 1511 2426 1568 diversitatibus
2452 1522 2607 1583 pasta
2635 1524 2929 1570 recreetur.
2959 1515 3111 1574 Unde
3132 1531 3184 1574 et
3206 1521 3470 1592 hodieque

1883 1602 1951 1657 de
1997 1603 2239 1672 partibus
2275 1604 2602 1672 psalmorum
2633 1606 2835 1675 aliquid
2866 1610 3177 1664 cantoribus
3204 1613 3470 1682 compagi-

1883 1708 2016 1749 nare
2036 1694 2268 1749 arbitror
2296 1709 2416 1751 esse
2445 1695 2788 1766 permissum.
2833 1698 2964 1752 Nam
2993 1708 3051 1755 et
3082 1702 3181 1756 hoc
3204 1702 3326 1756 huic
3350 1703 3469 1758 loco

1882 1785 2172 1841 convenire
2198 1786 2436 1857 diiudico
2462 1826 2479 1853 ,
2526 1788 2670 1858 quod
2692 1790 2934 1858 operatio
2959 1790 3225 1849 dominica
3246 1807 3313 1849 ex
3334 1794 3469 1848 duo-

1807 1870 1857 1931 B
1883 1873 1981 1929 bus
2010 1873 2219 1943 populis
2254 1890 2417 1930 unam
2444 1873 2573 1931 fecit
2599 1875 2922 1931 Ecclesium.

2141 2006 2504 2065 EXPOSITIO
2541 2007 2608 2063 IN
2648 2008 2979 2066 PSALMUM
3018 2010 3193 2067 CVIII.

2283 2098 2351 2152 In
2380 2099 2565 2168 ﬁnem,
2598 2100 2826 2169 psalmus
2866 2101 3057 2159 David.

1949 2206 2158 2263 Titulus
2183 2209 2284 2264 iste
2310 2209 2504 2280 psalmi
2532 2211 2953 2281 praecedentium
2989 2214 3273 2271 verborum
3300 2233 3466 2289 expo-

1879 2302 2073 2356 sitionc
2090 2302 2203 2371 iam
2228 2314 2387 2357 notus
2409 2314 2510 2367 est;
2532 2312 2586 2358 et
2607 2304 2726 2359 ideo
2749 2305 3061 2360 referendus
3078 2316 3161 2361 est
3182 2310 3247 2362 ad
3266 2310 3465 2381 Regem

1879 2409 2211 2462 supernum:
2238 2395 2489 2465 quoniam
2524 2410 2710 2451 omnes
2736 2410 3017 2453 sermones
3049 2399 3216 2467 ipsius
3243 2402 3465 2457 tendunt

1878 2484 1944 2537 ad
1974 2484 2254 2539 Dominum
2286 2484 2577 2555 Christum.
2624 2485 2741 2555 Ipse
2769 2488 2914 2542 enim
2943 2488 2994 2543 in
3027 2490 3127 2545 hoc
3158 2493 3362 2561 psalmo
3394 2494 3465 2549 lo-

1878 2586 2097 2630 cuturus
2122 2584 2208 2631 est
2232 2577 2566 2647 iniquitatem
2592 2576 2741 2633 Judze
2780 2579 2865 2634 vel
2913 2581 3090 2651 populi
3135 2583 3373 2653 Judaici,
3404 2598 3460 2643 et

1880 2668 2141 2738 passionis
2168 2682 2281 2741 sua:
2329 2680 2664 2725 sacramenta
2693 2672 3009 2740 prtedicens.

2446 2783 2642 2839 Divisio
2688 2786 2893 2855 psalmi.

1952 2895 2055 2950 Per
2076 2904 2244 2951 totum
2265 2896 2479 2967 quidem
2508 2906 2712 2954 textum
2737 2900 2899 2970 (sicut
2926 2903 3130 2960 dictum
3160 2908 3264 2979 est)
3286 2910 3460 2982 loqui-

1880 2995 1966 3041 tur
1994 2988 2250 3044 Dominus
2270 2991 2537 3046 Christus.
2569 2991 2748 3047 Prima
2781 3002 2934 3064 parte
2954 2996 3168 3054 Judteos
3196 3001 3459 3073 increpat,

1878 3079 1970 3145 qui
2001 3080 2142 3134 mala
2166 3096 2263 3149 pro
2293 3081 2447 3137 bonis
2475 3083 2717 3139 Creatori
2754 3100 2853 3141 suo
2881 3088 3107 3146 reddere
3135 3092 3460 3151 maluerunt.

1879 3168 2127 3223 Secunda
2150 3169 2301 3234 Judas
2326 3172 2602 3228 traditoris
2646 3183 2700 3229 et
2744 3177 2929 3245 perﬁdi
2981 3182 3161 3249 populi
3212 3194 3459 3240 narratur

194 3252 339 3305 tibus
368 3251 629 3307 obviatur.
662 3256 890 3309 Audiam
931 3271 1142 3326 quoque
1175 3259 1314 3312 hunc
1364 3260 1651 3327 psalmum,
1681 3262 1766 3330 qui
1799 3242 1844 3303 Ο
1876 3258 2142 3328 iniquitas,
2173 3268 2227 3314 et
2250 3276 2371 3329 quae
2398 3262 2502 3317 illis
2527 3274 2682 3319 erant
2709 3242 2841 3340 [ed.,
2870 3242 3173 3342 eruntipro
3200 3282 3351 3329 tanta
3368 3277 3460 3332 de-

193 3358 413 3398 earnem
438 3344 653 3399 Domini
683 3347 867 3401 dicunt
893 3356 948 3402 et
985 3348 1318 3403 divinitatem
1351 3352 1508 3405 unius
1535 3366 1653 3406 esse
1676 3367 1770 3405 na-

196 3447 360 3499 tum;
389 3450 523 3505 quos
551 3437 741 3492 merito
761 3439 993 3493 etelestis
1014 3448 1195 3494 orator
1220 3441 1534 3497 Ambrosius
1557 3444 1608 3498 in
1632 3445 1770 3499 libro

192 3527 261 3582 de
300 3528 671 3585 lncarnatione
712 3530 920 3585 Domini
962 3531 1114 3601 (Cap.
1157 3533 1212 3603 6)
1258 3535 1499 3605 increpat
1549 3536 1764 3592 dicens:

193 3618 324 3685 Quae
379 3629 581 3674 tantum
628 3622 963 3691 sactilegium
1012 3622 1220 3677 inferna
1259 3630 1618 3683 vomuerunt?
1647 3630 1764 3683 Jam

193 3710 582 3768 tolerabiliores
610 3723 734 3768 sunt
762 3715 968 3779 Ariani,
999 3731 1226 3785 quorum
1259 3733 1353 3787 per
1373 3720 1507 3774 istos
1531 3722 1768 3788 perﬁdiae

193 3802 364 3870 ipsius
391 3804 555 3857 robur
583 3803 869 3870 adolescit;
910 3815 964 3860 ut
996 3808 1199 3877 majore
1228 3812 1574 3865 contentione
1618 3828 1766 3867 asse-

191 3902 314 3948 rant
341 3895 575 3963 Patrem,
608 3905 661 3952 et
692 3896 882 3953 Filium
902 3943 918 3967 ,
947 3909 1001 3954 et
1029 3902 1289 3970 Spiritum
1331 3914 1574 3960 sanctum
1614 3909 1767 3962 unius

191 4001 301 4042 non
329 4002 451 4043 esse
489 3990 799 4047 substantia:
823 4010 836 4044 :
860 3992 980 4062 quia
1005 3994 1093 4049 isti
1114 3995 1448 4052 divinitatem
1482 3999 1693 4054 Domini
1714 4011 1770 4055 et

189 4092 407 4134 carnem
431 4081 742 4137 substantiae
769 4083 925 4138 unius
954 4083 1134 4141 dicere
1157 4094 1530 4153 tentaverunt,
1562 4098 1618 4144 et
1661 4107 1768 4145 cre-

190 4178 308 4224 tera
358 4185 474 4240 quae
525 4173 671 4228 locus
718 4175 831 4242 ipse
877 4177 1119 4231 noscitur
1147 4179 1426 4234 continere
1476 4182 1765 4240 mirabilis.

188 4260 526 4331 Quapropter
554 4264 856 4334 intelligant
905 4267 1014 4322 illis
1058 4283 1116 4323 se
1158 4272 1501 4327 scelestiores
1555 4277 1769 4343 potissi-

190 4366 338 4405 mum
386 4352 589 4423 dictos,
633 4370 769 4424 quos
797 4372 829 4411 a
865 4372 923 4412 se
955 4359 1272 4415 universalis
1318 4363 1558 4420 Ecclesia
1592 4368 1767 4423 reddit

189 4449 496 4497 extraneos.
524 4442 640 4499 Non
685 4447 979 4514 immerito;
1021 4465 1143 4504 nam
1194 4466 1315 4507 cum
1366 4453 1605 4510 Verbum
1640 4474 1768 4514 caro

189 4528 387 4584 factum
412 4531 609 4587 Christi
648 4550 840 4591 nomen
888 4542 1185 4609 acceperit,
1234 4543 1487 4612 aliudque
1516 4548 1587 4603 sit
1624 4550 1759 4605 Ver-

188 4618 346 4687 bum,
376 4621 523 4711 aliud
562 4638 732 4680 caro:
775 4628 827 4682 in
858 4644 959 4683 una
1009 4640 1194 4686 natura
1240 4634 1444 4702 positus
1471 4639 1630 4708 (sicut
1657 4643 1755 4711 ipsi
1787 4620 1841 4679 D

189 4710 411 4781 volunt)
439 4712 545 4769 dici
573 4713 849 4785 Christus,
894 4734 1000 4775 non
1047 4732 1222 4791 potest
1262 4728 1489 4783 inveniri
1537 4710 1759 4802 nequior

186 4802 409 4868 perfidia
439 4804 567 4875 (nisi
594 4806 768 4879 fallor)
797 4814 1006 4868 cunctis
1026 4814 1342 4874 haresibus.
1366 4820 1495 4876 Nam
1526 4839 1647 4879 cum
1676 4825 1756 4880 di-

183 4903 354 4947 versa:
390 4896 747 4964 particulatim
776 4910 993 4971 tangant
1015 4907 1310 4974 maiestatis
1329 4910 1612 4979 iniuriam,
1644 4918 1757 4971 haec

181 4982 295 5036 sola
318 4983 478 5053 (proh
500 4985 703 5057 dolor!)
722 5006 850 5045 ausa
870 5003 953 5048 est
977 5010 1318 5063 prmsumere.
1344 5004 1485 5057 unde
1505 5015 1558 5059 et
1581 5007 1753 5073 ipsum

180 5086 378 5127 nomen
404 5073 528 5132 ﬁdei
553 5089 751 5134 nostrae
773 5080 972 5136 nitatur
994 5084 1226 5141 funditus
1256 5089 1532 5160 abrogare.
1560 5094 1754 5151 Scien-

177 5161 312 5218 dum
354 5179 484 5222 sane
513 5168 653 5224 hunc
688 5172 946 5236 psalmum
975 5184 1183 5232 sextum
1232 5195 1353 5236 esse
1400 5198 1467 5237 ex
1499 5184 1581 5240 his
1616 5204 1751 5256 quos

176 5251 249 5309 de
267 5254 474 5313 duabus
503 5262 706 5317 naturis
735 5263 1010 5321 locuturos
1036 5282 1155 5324 esse
1185 5273 1548 5339 praediximus.

710 5401 979 5461 Conclusio
1015 5409 1219 5477 psalmi.

248 5532 417 5625 Quam
446 5538 584 5596 bene
608 5541 710 5597 sibi
742 5540 1062 5615 'copnlantur
1090 5565 1207 5618 qua:
1252 5551 1317 5605 ad
1360 5554 1589 5609 salutem
1617 5571 1751 5625 epe-

170 5622 396 5681 rendam
424 5632 638 5697 generis
683 5633 899 5689 humani
931 5638 996 5689 ab
1042 5654 1149 5694 uno
1202 5640 1346 5697 fonte
1384 5622 1747 5703 descendunt!

171 5709 308 5776 Quis
336 5716 481 5772 enim
522 5736 628 5775 non
679 5722 902 5780 miretur
932 5726 984 5781 in
1020 5731 1384 5798 superioribus
1413 5734 1748 5807 diversisque

174 5802 399 5866 psalmis
426 5805 660 5880 dictum,
705 5815 844 5882 quod
888 5816 970 5872 hic
1001 5819 1052 5875 in
1085 5831 1283 5877 tantam
1315 5802 1744 5885 convenientiam

1873 3349 2158 3403 testatione
2202 3359 2426 3405 ventura
2457 3353 2844 3421 pradicantur.
2870 3358 3049 3414 Tertia
3084 3373 3332 3430 precatur
3362 3381 3458 3435 per

1870 3437 1921 3491 id
1950 3439 2091 3507 quod
2123 3440 2286 3495 homo
2328 3452 2440 3510 est,
2483 3453 2544 3498 ut
2594 3445 2853 3504 liberatus
2903 3453 3139 3519 periculo
3164 3456 3456 3524 passionis,

1870 3528 1976 3583 cito
2004 3532 2415 3588 resuruectionis
2436 3533 2662 3604 gloriam
2692 3552 3076 3610 consequatur.

2397 3645 2664 3717 Expositio
2696 3653 2902 3719 psalmi.

1941 3747 2091 3806 Vers.
2122 3751 2169 3805 I.
2198 3752 2335 3808 Deus
2357 3795 2372 3820 ,
2418 3755 2622 3812 laudent
2654 3778 2815 3815 meam
2860 3780 2922 3819 ne
2962 3772 3212 3837 tacueris,
3244 3775 3365 3840 quia
3402 3793 3458 3830 os

1868 3844 2148 3910 peccatoris
2193 3853 2239 3897 et
2284 3862 2340 3900 os
2365 3847 2531 3903 dolosi
2572 3867 2725 3918 super
2770 3871 2847 3908 me
2892 3850 3124 3924 apertum
3153 3874 3242 3918 est.
3277 3866 3457 3922 Loculi

1870 3943 1987 3989 sunt
2013 3937 2281 3992 adversum
2312 3958 2391 3995 me
2418 3944 2591 4014 lingua
2615 3947 2813 4002 dolosa.
2852 3950 3107 4010 Dominus
3127 3972 3187 4012 ac
3209 3960 3457 4017 Salvator

1871 4036 2055 4080 noster
2081 4029 2210 4095 petit
2244 4045 2339 4098 per
2381 4032 2432 4087 id
2463 4035 2602 4103 quod
2637 4037 2860 4093 formam
2893 4048 3034 4099 servi
3082 4058 3163 4102 est
3208 4051 3455 4120 dignatus

1871 4128 2177 4182 assumere;
2213 4127 2270 4172 ut
2307 4120 2516 4178 laudem
2546 4123 2662 4193 eius
2692 4135 3098 4191 resurrectionis
3129 4138 3287 4196 silere
3320 4142 3451 4213 [θείη

1871 4204 2040 4277 sileri]
2084 4225 2187 4263 non
2220 4210 2376 4266 faciat
2408 4212 2584 4281 Pater,
2633 4219 2723 4288 qui
2749 4224 3042 4280 secundum
3075 4232 3250 4285 carnis
3281 4204 3453 4289 humi;

1872 4297 2072 4350 litatem
2103 4298 2410 4357 Judaeorum
2456 4314 2574 4360 erat
2615 4310 2852 4366 convicia
2881 4314 3011 4369 dura
3037 4333 3309 4386 passurus.
3338 4325 3451 4381 IIoc

1872 4395 1954 4439 est
1978 4386 2117 4440 enim
2138 4430 2152 4453 ,
2183 4389 2407 4447 Laudem
2436 4410 2599 4449 meam
2624 4415 2688 4452 ne
2716 4410 2914 4469 taceas,
2962 4406 3012 4460 id
3064 4421 3145 4464 est
3184 4428 3249 4468 ne
3272 4422 3449 4471 tacere

1873 4474 2001 4547 [ed.,
2037 4480 2231 4552 taceri]
2261 4481 2445 4540 facias.
2489 4487 2584 4541 Est
2628 4490 2770 4546 enim
2799 4493 2995 4553 decora
3026 4499 3346 4570 diversitas;
3394 4521 3452 4561 ut

1876 4568 2127 4634 quoniam
2159 4570 2360 4627 inimici
2390 4579 2665 4635 mendacia
2707 4583 3080 4655 loquebantur,
3127 4568 3450 4652 contraeos

1864 4666 1973 4713 toto
1997 4661 2127 4715 orbe
2157 4663 2393 4720 veritatis
2442 4672 2749 4728 testimonia
2797 4691 3139 4735 canerentur.
3184 4683 3276 4740 Sic
3303 4689 3444 4743 enim

1861 4748 1980 4802 illos
2005 4765 2100 4818 per
2119 4752 2341 4821 gloriam
2379 4771 2491 4813 sua:
2522 4765 2933 4822 resurrectionis
2958 4774 3201 4829 convinci
3233 4776 3445 4835 deside~

1861 5028 2122 5076 mternum
2176 5028 2354 5095 perire
2400 5030 2633 5090 debeant
2682 5050 3045 5098 contumaces.
3095 5046 3223 5113 Quae
3274 5051 3439 5121 ﬁgura

1862 5112 2057 5169 dicitur
2095 5122 2386 5188 syncrisis,
2442 5125 2495 5179 id
2543 5136 2625 5181 est
2670 5132 2917 5200 collatio,
2965 5151 3083 5205 qua:
3120 5112 3191 5193 ﬁt
3228 5112 3441 5210 quando

1860 5208 2262 5273 comparatione
2308 5213 2537 5280 quadam
2584 5217 2865 5286 iustiorem
2929 5240 3144 5283 causam
3200 5208 3435 5288 nostram

1859 5307 2016 5360 quam
2058 5296 2349 5354 adversarii
2392 5303 2842 5367 demonstremus.
2873 5312 2977 5369 Sed
3020 5317 3117 5372 ista
3157 5319 3271 5375 laus
3290 5333 3435 5378 certa

1859 5394 2006 5452 erat,
2052 5388 2175 5456 quia
2221 5391 2288 5445 de
2326 5396 2549 5450 veritate
2598 5402 2866 5459 manabat.
2919 5406 3109 5463 Sermo
3137 5420 3311 5466 autem
3344 5416 3436 5470 ille

1856 5478 2175 5537 falsissimus
2226 5489 2649 5555 cognoscebatur
2700 5510 2851 5563 esse,
2901 5500 2989 5567 qui
3034 5502 3103 5556 de
3132 5518 3226 5558 ore
3263 5504 3435 5560 dolosi

1858 5577 1910 5621 et
1943 5571 2130 5636 perﬁdi
2161 5575 2489 5641 probabatur
2518 5581 2683 5634 exire.
2709 5583 2837 5638 Nam
2870 5591 3313 5655 quemadmodum
3344 5570 3437 5663 po-

1857 5664 1961 5711 test
1992 5660 2094 5713 dici
2118 5678 2326 5730 verum,
2352 5672 2492 5734 quod
2526 5671 2623 5739 ipsi
2646 5676 2852 5729 veritati
2878 5678 3099 5734 docetur
3121 5660 3436 5737 adversum?

1857 5749 2095 5815 Apertum
2133 5754 2309 5822 itaque
2340 5775 2427 5823 os,
2468 5767 2819 5821 contumelias
2869 5770 3110 5841 designat
3150 5789 3281 5842 quas
3315 5789 3433 5842 per-

1855 5842 1975 5894 tu'it
2024 5858 2052 5895 a
2100 5843 2318 5902 ludatis.
2363 5850 2470 5906 Sed
2522 5853 2608 5910 hic
2650 5857 2969 5926 singularem
3002 5878 3278 5917 numerum
3311 5864 3430 5918 ideo
