4032 6340
589 349 687 405 785

1818 349 1882 404 M.
1925 349 2198 406 AURELII
2239 349 2637 408 CASSIODORI
3741 364 3824 420 786

585 469 751 534 ponit,
785 469 907 538 quia
935 468 1091 538 (sicut
1119 481 1262 535 saepe
1291 465 1490 520 dictum
1522 473 1626 537 est)
1655 467 1910 536 populum
1936 477 2162 534 utroque
2195 474 2237 526 Α
2271 465 2502 523 fossione
2527 469 2718 524 salvari
2741 511 2754 531 ,
2796 471 2889 525 sed
2922 470 3295 541 desperatione
3340 478 3602 534 malorum
3659 482 3826 552 laqueo

584 562 742 616 modo
779 561 1037 631 appellari
1091 552 1172 613 fas
1203 567 1318 623 est;
1351 573 1471 612 nam
1504 560 1629 613 licet
1659 557 1878 613 nomine
1905 573 2041 612 unus
2070 574 2164 611 au-

584 657 779 717 diatur,
800 651 1076 707 intellectu
1095 660 1270 705 tamen
1284 651 1444 721 373
1462 649 1672 719 plurimi
1696 664 1819 706 esse
1842 656 2157 704 noscuntur.

583 742 865 812 Sequitur,
909 743 1092 797 Loculi
1139 753 1257 797 sunt
1295 745 1560 798 adversum
1606 759 1687 797 me
1735 744 1909 813 lingua
1963 744 2159 797 dolosa.

577 836 763 889 Loculi
819 843 938 890 sunt
979 837 1145 906 igitur
1197 838 1373 909 lingua
1429 838 1642 900 dolosa,
1680 839 1893 906 quando
1923 845 2160 890 sanctam

577 926 791 980 Homini
830 927 1229 997 simplicitatem
1274 929 1453 982 verbis
1499 929 1904 998 captiosissimis
1947 939 2164 995 appeto-

584 1021 730 1088 bant,
761 1021 1002 1075 dicentes
1034 1039 1046 1075 :
1071 1021 1216 1076 Licet
1242 1022 1484 1076 tributum
1511 1021 1634 1074 dare
1653 1021 1877 1076 Cwsari?
1907 1020 1970 1073 Et
2001 1020 2157 1072 illud:

585 1112 850 1184 Magister,
894 1115 1082 1168 scimus
1126 1115 1247 1184 quia
1286 1129 1437 1167 uerax
1469 1130 1520 1168 es
1546 1113 1738 1184 (Marc.
1763 1111 1988 1180 stu”).
2043 1111 2164 1164 llzec

585 1208 722 1261 enim
747 1210 913 1261 verba
936 1206 1160 1261 subdola
1187 1206 1511 1275 cogitatione
1544 1204 1910 1274 proferebant.

652 1296 801 1350 Vers.
835 1295 889 1349 Ξ.
921 1295 987 1350 Et
1007 1297 1320 1350 sermonibus
1347 1297 1450 1350 odii
1490 1295 1926 1348 circumdederunt
1964 1309 2069 1357 me,
2115 1303 2162 1345 et

583 1397 994 1458 expugnaverunt
1039 1406 1118 1444 me
1161 1389 1339 1459 gratis.
1381 1388 1652 1453 Dicendo,
1703 1387 2016 1441 sermonibus
2056 1386 2163 1438 odii

583 1479 1020 1532 circumdederunt
1066 1495 1173 1544 me,
1216 1488 1425 1546 tempus
1472 1478 1601 1532 illud
1640 1479 1903 1547 signiﬁcat
1947 1476 2159 1546 quando

583 1572 756 1641 iniqua
787 1571 1189 1640 conspiratione
1220 1571 1395 1625 Pilato
1424 1571 1694 1635 dixerunt,
1729 1568 2005 1638 Cruciﬁge,
2047 1586 2160 1622 cru-

582 1661 727 1730 ciﬁge
755 1661 773 1724 (
785 1659 910 1714 Luc.
946 1675 1100 1724 tum,
1125 1661 1239 1730 21).
1267 1661 1397 1714 Nam
1421 1677 1673 1715 sermones
1707 1661 1886 1730 utique
1903 1660 2156 1725 odiorum,

583 1766 686 1806 non
713 1752 955 1805 veritatis
985 1752 1216 1818 luerunt,
1247 1751 1337 1822 qui
1370 1762 1597 1808 mortem
1643 1754 1967 1808 immaculati
1999 1767 2160 1822 expe-

2269 558 2587 624 prael’ocatus
2635 561 2916 626 occubuit;
2960 578 3059 618 nec
3101 567 3275 632 potuit
3320 567 3521 624 habere
3568 571 3824 628 dexteram

2267 649 2507 716 liberam,
2536 653 2622 720 qui
2648 660 2752 706 tota
2785 653 3018 708 sinistra;
3046 658 3208 724 partis
3239 659 3443 713 scelera
3474 662 3732 731 sapiebat.
3754 665 3828 721 Sic

2265 741 2405 793 enim
2435 743 2802 811 unusquisque
2835 743 3010 798 facere
3041 746 3406 816 signiﬁcatur,
3441 753 3619 821 qualis
3649 765 3726 808 est
3752 759 3828 810 ille

2266 829 2358 895 qui
2386 830 2502 898 ejus
2533 831 2806 920 dexteram
2849 841 3012 895 tenet,
3042 845 3099 888 ut
3137 847 3216 890 est
3245 837 3374 892 illud
3406 841 3456 893 in
3489 843 3634 895 malo
3670 859 3684 894 :
3715 843 3842 938 Ποῖα)

2265 934 2370 975 tera
2400 939 2573 976 eorum
2599 967 2613 991 ,
2648 913 2858 978 dextera
2898 927 3180 995 iniquitatis
3212 929 3388 1000 (Psal.
3419 948 3605 998 exuit,
3642 935 3758 1004 il);
3786 918 3828 992 iu

2200 1025 2202 1027 ‘
2265 1011 2404 1066 bono
2436 1030 2449 1064 :
2483 1013 2822 1066 Providebam
2872 1015 3146 1069 Dominum
3177 1020 3230 1072 in
3276 1033 3546 1091 conspectu
3578 1041 3690 1079 meo
3718 1043 3828 1080 sein-

2267 1121 2374 1169 per,
2405 1107 2646 1174 quoniam
2677 1124 2707 1159 a
2733 1107 2928 1161 dextris
2974 1117 3044 1162 cst
3075 1110 3198 1162 mihi
3247 1109 3421 1180 (Psal.
3453 1130 3556 1178 xv,
3599 1116 3679 1186 8).
3709 1118 3828 1183 Qua-

2267 1208 2480 1266 propter
2507 1198 2588 1253 bis
2618 1199 3100 1269 signiﬁcationibus
3134 1203 3296 1258 totius
3335 1207 3460 1262 vitae
3489 1219 3691 1264 nostra
3717 1226 3829 1280 qua-

2267 1290 2384 1340 litas
2413 1289 2692 1345 indicatur.

2319 1377 2487 1432 ‘Vers.
2514 1380 2567 1434 5.
2592 1379 2718 1434 Cum
2731 1381 3004 1452 judicatur
3024 1394 3169 1437 exeat
3195 1386 3586 1453 condemnatus,
3615 1400 3662 1442 et
3681 1395 3827 1445 oratio

2263 1470 2373 1538 ejus
2403 1469 2493 1536 ﬁat
2528 1470 2582 1524 in
2613 1482 2896 1538 peccatum.
2930 1473 3042 1527 Hoc
3078 1474 3277 1530 dicitur
3319 1478 3386 1532 de
3417 1477 3600 1534 futuro
3620 1481 3823 1549 judicio,

2265 1559 2482 1625 quando
2525 1571 2836 1629 peccatores
2880 1563 3177 1634 justissima
3221 1573 3663 1637 pronuntiatione
3701 1575 3825 1628 datu-

2266 1647 2557 1716 nabuntur,
2590 1661 2647 1705 ut
2673 1663 2756 1706 est
2777 1653 2904 1708 illud
2938 1655 3210 1726 Evangelii
3240 1676 3252 1711 :
3284 1659 3544 1716 Discedite
3565 1681 3597 1716 a
3618 1681 3712 1725 me,
3735 1683 3827 1719 ma-

2265 1737 2454 1804 ledicti,
2487 1741 2538 1792 in
2569 1741 2737 1811 ignem
2764 1755 3008 1800 wternum
3030 1789 3046 1814 ,
3077 1748 3169 1818 qui
3218 1761 3431 1817 paratus
3458 1763 3532 1807 est
3562 1757 3762 1809 diabolo
3789 1769 3828 1811 et

581 1855 690 1900 tere
712 1845 1048 1900 videbantur.
1066 1843 1519 1898 Circumdederunt
1539 1853 1740 1908 autem,
1761 1844 2004 1897 insanam
2026 1845 2160 1897 mul-
2193 1845 2234 1900 ll
2265 1833 2458 1901 αη9είί³
2485 1837 2594 1906 eius
2623 1835 2802 1907 (M‘m-
2828 1853 2952 1903 “Vi
2976 1838 3091 1908 Η)·
3119 1840 3183 1894 El
3203 1843 3486 1898 εθιιδίάεη
3519 1848 3663 1915 Ψιοά
3695 1848 3830 1914 dii“.

581 1935 861 1991 titudinem
891 1935 1198 2006 signiﬁcat,
1227 1951 1346 2004 quae
1394 1949 1824 2005 quaquaversum
1871 1936 2033 1991 verba
2067 1952 2161 1989 ne-

579 2029 834 2097 quissima
866 2028 1209 2095 personabat.
1248 2027 1682 2099 Expugnauerunt
1724 2030 1919 2100 gratis,
1950 2028 2162 2098 quando

580 2129 702 2174 ante
737 2121 1019 2189 prznsidem
1065 2121 1367 2175 innocentis
1397 2121 1711 2190 sanguinem
1743 2120 1894 2174 falsis
1937 2135 2160 2174 accusa-

584 2211 824 2266 tionibus
865 2211 1213 2281 impetebant.
1254 2210 1426 2264 Gratis
1458 2227 1583 2265 vero
1613 2212 1779 2278 dixit,
1811 2211 1934 2279 quia
1965 2209 2160 2264 factum

581 2317 764 2357 eorum
813 2303 1018 2356 nullum
1049 2302 1153 2356 illis
1180 2301 1353 2372 potuit
1384 2301 1578 2356 afferre
1625 2301 1999 2370 compendium
2023 2342 2038 2367 ,
2067 2301 2160 2354 sed

578 2396 746 2464 magis
771 2395 1142 2450 detestabilem
1184 2393 1465 2462 pullulavit
1509 2394 1806 2450 interitum.
1853 2393 1986 2447 Nam
2027 2393 2164 2447 sicut

577 2483 708 2554 justi
735 2488 899 2556 gratis
943 2495 1124 2540 amant
1167 2485 1447 2540 Dominum
1477 2523 1491 2550 ,
1520 2500 1640 2540 cum
1674 2501 1794 2539 eum
1842 2492 2061 2554 prapter
2097 2500 2156 2540 se

578 2584 782 2630 tantum
813 2576 1064 2646 diligunt,
1093 2589 1199 2630 non
1229 2583 1449 2644 propter
1479 2575 1690 2645 aliquod
1741 2576 2036 2644 temporale
2069 2578 2163 2632 be-

579 2669 830 2722 neticlum
855 2677 1103 2738 quierunt
1128 2684 1140 2719 :
1170 2667 1244 2722 ita
1276 2667 1422 2737 impii
1447 2669 1612 2736 gratis
1641 2677 2010 2732 exsecrantur,
2039 2672 2156 2738 quia

586 2773 804 2813 causam
843 2758 973 2828 justi
1003 2759 1111 2814 odii
1151 2759 1391 2829 reperire
1420 2775 1524 2813 non
1570 2768 1821 2827 possunt;
1853 2760 1994 2814 sicut
2022 2767 2077 2814 et
2107 2762 2160 2814 in

581 2851 918 2920 sexagesimo
945 2861 1136 2906 octavo
1173 2852 1377 2921 psalmo
1414 2851 1616 2907 dictum
1645 2861 1728 2906 est
1767 2867 1782 2904 :
1829 2851 2162 2921 Multiplicau'

576 2952 688 2996 sunt
729 2958 884 3011 super
911 2941 1126 3013 capillos
1173 2942 1352 3012 capitis
1387 2943 1485 2996 mei
1525 2943 1615 3012 qui
1643 2941 1858 2996 oderunt
1888 2957 1966 2995 nte
2002 2942 2159 3012 gratis

577 3030 748 3097 (Psal.
773 3047 954 3097 vam,
987 3032 1066 3100 5).

646 3121 796 3176 Vers.
825 3123 878 3177 5.
914 3121 1019 3174 Pro
1046 3139 1104 3176 eo
1131 3129 1188 3175 ut
1220 3137 1296 3176 me
1322 3121 1620 3194 diligerent,
1653 3123 1983 3178 detrahebant
2009 3125 2156 3187 mihi;

575 3228 658 3284 rgo
677 3223 782 3266 aut.
797 3229 845 3265 m
873 3215 1104 3267 orabam.

643 3304 792 3358 Vers.
822 3302 876 3357 4.
907 3302 1194 3357 Posuerunt
1231 3305 1496 3358 adversum
1527 3321 1606 3358 me
1625 3305 1763 3358 mala
1785 3322 1878 3376 pro
1905 3307 2077 3372 bonis,
2107 3317 2155 3360 et

576 3395 741 3448 adium
769 3409 860 3462 pro
895 3393 1162 3448 dilectione
1191 3410 1322 3448 utea.
1357 3395 1412 3448 In
1448 3394 1529 3448 his
1558 3395 1764 3450 duobus
1795 3397 2040 3452 versibus
2070 3395 2151 3450 fa-

574 3483 756 3537 cienda
786 3491 870 3538 est
910 3499 1092 3538 rerum
1124 3484 1418 3552 positarum
1451 3485 1702 3540 distincta
1751 3487 2051 3555 separatio,
2097 3497 2153 3540 ut

575 3590 629 3628 ea
661 3590 780 3645 qua:
829 3575 1038 3630 occulte
1065 3575 1205 3630 dicta
1249 3585 1374 3631 sunt
1415 3577 1751 3632 manifestius
1791 3578 2148 3632 innotescunt.

577 3666 760 3720 l‘ribus
809 3668 966 3735 igitur
1021 3668 1193 3722 modis
1248 3677 1524 3737 peccatum
1580 3683 1741 3724 omne
1791 3669 2146 3724 eontraltitur.

572 3759 778 3814 Primus
819 3760 962 3814 delic
987 3775 1138 3814 orum
1177 3759 1372 3830 gradus
1421 3767 1542 3826 est,
1591 3776 1697 3816 non
1733 3760 1961 3816 reddere
2014 3761 2149 3814 bona

569 3865 665 3920 pro
708 3851 878 3906 bonis.
913 3851 1194 3906 Secundus
1238 3851 1462 3906 reddere
1511 3852 1648 3904 mala
1684 3867 1778 3918 pro
1809 3851 1988 3906 malis.
2022 3851 2151 3904 Ter-

568 3941 696 3994 tium
719 3949 1023 3996 extremum
1055 3948 1140 3996 est
1167 3942 1442 4005 vitiorum,
1473 3942 1706 3996 tribuere
1739 3942 1876 3996 mala
1917 3956 2014 4013 pro
2055 3940 2151 3995 bo-

568 4031 669 4086 nis.
707 4030 932 4099 Contra,
960 4031 1050 4086 tali
1078 4047 1305 4105 numero
1327 4032 1612 4086 laudabilia
1646 4041 1998 4102 peraguntur,
2043 4033 2144 4087 im-

574 4123 807 4192 pendere
848 4125 983 4178 bona
1021 4139 1117 4194 pro
1149 4125 1338 4188 bonis;
1385 4125 1621 4179 secundo
1653 4125 1847 4179 malum
1880 4141 1978 4196 pro
2009 4129 2148 4179 man

569 4232 674 4271 non
721 4216 987 4280 reddere;
1041 4219 1197 4271 tertio
1229 4217 1676 4285 perfectissimum
1723 4217 1938 4271 virtutis
1978 4232 2146 4287 genus

568 4317 672 4370 est,
705 4308 899 4360 bonum
925 4322 1020 4376 pro
1041 4308 1181 4361 malo
1209 4308 1461 4362 tribuere.
1490 4307 1555 4360 Et
1583 4316 1708 4361 nota
1735 4308 1986 4376 quoniam
2011 4309 2146 4362 sicut

567 4397 736 4453 Judaei
764 4407 1057 4454 extremam
1087 4399 1230 4452 illam
1260 4398 1663 4453 vitiosissimam
1713 4408 1918 4468 partem
1967 4399 2146 4454 facere

565 4490 952 4557 decreverunt,
1001 4498 1059 4544 ut
1085 4505 1208 4546 cum
1258 4491 1484 4560 diligere
1533 4491 1881 4556 debuissent,
1914 4491 1979 4545 ad
2023 4491 2143 4545 odia

2267 1931 2437 1990 exeat,
2471 1926 2675 1982 scilicet
2704 1929 2770 1982 de
2799 1933 3217 2001 congregatione
3243 1935 3540 2003 justorum,
3570 1941 3711 1995 unde
3733 1959 3830 1996 om-

2269 2017 2353 2070 nis
2409 2019 2501 2087 qui
2550 2021 2823 2090 egreditur
2877 2022 3160 2091 impiorqu
3220 2030 3460 2094 partibus
3510 2045 3830 2101 aggregatur.

2273 2107 2451 2162 Oratio
2481 2125 2606 2163 vero
2646 2113 2780 2180 ejus,
2814 2129 2971 2182 quam
3015 2117 3155 2172 inter
3195 2118 3331 2172 alios
3357 2125 3637 2189 apostolos
3667 2140 3831 2182 susce-

2267 2209 2418 2267 perat
2471 2203 2867 2271 peragendam,
2913 2203 2965 2258 in
3015 2207 3388 2271 gravissimum
3435 2211 3516 2265 illi
3571 2225 3832 2282 peccatum

2265 2291 2518 2356 probatur
2545 2308 2663 2346 esse
2695 2309 2954 2348 conversa
2981 2337 2995 2361 ,
3029 2299 3244 2366 quando
3289 2300 3357 2352 ibi
3387 2304 3698 2357 continetur
3727 2323 3740 2356 :
3771 2305 3830 2358 Et

2264 2384 2459 2438 dini-itte
2484 2385 2625 2438 nobis
2655 2385 2825 2440 debita
2853 2398 3028 2440 nostra
3052 2395 3183 2442 sicut
3211 2399 3258 2444 et
3297 2409 3388 2445 nos
3418 2369 3732 2449 dimiltimus
3757 2401 3835 2450 de-

2264 2474 2506 2530 bitoribus
2531 2479 2716 2531 nostris
2747 2478 2962 2550 (Matth.
2989 2496 3060 2545 vr,
3093 2481 3204 2551 12).
3238 2484 3341 2538 Sed
3373 2486 3501 2554 quid
3529 2488 3624 2542 ille
3653 2489 3836 2544 deben-

2267 2567 2405 2620 tibus
2426 2566 2741 2635 dimitteret,
2776 2570 2868 2637 qui
2913 2571 3294 2626 beneﬁciorum
3325 2576 3566 2628 omnium
3600 2579 3834 2632 tradebat

2262 2659 2573 2711 auctorem?
2603 2659 2789 2714 Merito
2815 2676 2944 2730 ergo
2983 2663 3037 2715 in
3065 2679 3324 2732 pecca'um
3363 2665 3437 2719 illi
3470 2684 3736 2723 conversa
3762 2682 3836 2725 est

2261 2759 2440 2803 sancta
2474 2750 2660 2814 oratio,
2689 2754 2778 2820 qui
2807 2754 3112 2810 detestabili
3139 2759 3378 2825 peccavit
3400 2759 3672 2826 exemplo.

2333 2843 2483 2898 Vers.
2516 2845 2568 2898 6.
2597 2843 2752 2898 Fiant
2781 2847 2887 2900 dies
2915 2850 3024 2910 eius
3055 2850 3228 2915 pauci,
3259 2858 3306 2901 et
3334 2850 3694 2920 episcopatum
3737 2857 3839 2922 ejus

2259 2936 2478 3003 accipiat
2503 2937 2652 2991 alter.
2687 2938 2774 2992 Sic
2799 2939 2929 2994 dicit
2959 2957 3146 3007 paucos
3171 2943 3278 2994 dies
3307 2942 3454 2996 inde
3480 2943 3597 3010 ﬁeri
3615 2943 3840 3009 debere,

2259 3028 2407 3093 quasi
2439 3027 2590 3094 longa
2620 3039 2751 3082 tetas
2788 3029 2907 3098 ejus
2940 3046 3032 3100 per
3073 3031 3498 3086 crudelissimum
3541 3046 3828 3102 peccatum

2261 3116 2535 3171 imminuta
2582 3133 2700 3172 esie
2732 3119 3012 3187 videatur,
3063 3122 3200 3176 sicut
3241 3135 3295 3178 et
3340 3124 3464 3176 alibi
3497 3125 3631 3188 dixit
3667 3143 3684 3179 :
3723 3127 3834 3181 Viri

2186 3231 2229 3290 ρ
2261 3209 2567 3275 sanguinum
2597 3217 2642 3261 et
2671 3208 2837 3262 dolosi
2865 3225 2966 3262 non
3001 3211 3344 3265 dimidiabunt
3371 3215 3480 3266 dies
3507 3231 3630 3268 suos
3662 3215 3834 3286 (Psal.

2261 3311 2366 3363 Liv,
2395 3297 2512 3368 21).
2541 3298 2645 3354 Sed
2678 3299 2777 3354 hoc
2814 3301 2926 3355 ﬁeri
2958 3304 3152 3358 merito
3183 3303 3414 3370 videtur,
3445 3321 3570 3360 cum
3597 3308 3836 3376 juniores

2256 3389 2558 3444 senioribus
2583 3403 2980 3460 comparantur.
3013 3393 3144 3448 Nam
3185 3409 3304 3449 cum
3336 3397 3424 3449 alii
3470 3401 3719 3453 centenis
3751 3415 3836 3453 au-

2257 3477 2340 3531 nis
2371 3481 2552 3534 vivant.
2575 3520 2592 3543 ,
2623 3480 2896 3536 dimidiata
2937 3482 3148 3538 illorum
3187 3493 3318 3540 aetas
3347 3489 3684 3556 conspicitur
3706 3532 3721 3551 ,
3759 3494 3836 3558 qui

2259 3585 2356 3623 nec
2384 3571 2762 3641 quinquaginta
2804 3575 3076 3628 vixerunt.
3107 3574 3195 3630 Sic
3225 3585 3280 3630 et
3321 3577 3478 3631 Judae
3505 3582 3834 3647 apostolatus

2255 3662 2403 3725 pauci
2425 3663 2532 3718 dies
2557 3665 2682 3733 facti
2717 3674 2854 3730 sunt,
2898 3667 3112 3736 quando
3141 3669 3228 3721 alii
3261 3679 3381 3737 post
3410 3671 3592 3738 ipsum
3618 3672 3834 3740 apostoli

2253 3752 2514 3806 custodita
2545 3755 2751 3809 Domini
2783 3758 3056 3812 voluntate
3089 3769 3421 3814 manserunt.
3457 3762 3522 3815 Et
3557 3779 3625 3816 ne
3648 3781 3834 3818 nume-

2255 3860 2344 3899 rus
2375 3846 2462 3900 ille
2485 3847 2883 3904 sacratissimus
2913 3851 3269 3919 apostolorum
3286 3851 3428 3916 Juda
3464 3866 3675 3908 mortuo
3697 3872 3835 3908 runt~

2256 3947 2502 4005 peretur,
2542 3940 2652 4007 jam
2685 3950 2811 3995 tunc
2858 3942 3146 4010 praedictus
3190 3945 3353 3999 estin
3397 3945 3518 4012 cjus
3553 3947 3662 4000 loco
3697 3947 3834 3999 alter

2255 4029 2404 4096 ﬁeri,
2437 4038 2496 4083 ut
2523 4031 2881 4087 duodenarius
2921 4035 3158 4088 calculus
3207 4036 3474 4091 custodita
3535 4039 3836 4108 integritate

2250 4133 2540 4182 constaret.
2600 4127 2943 4198 Episcopatus
2989 4137 3168 4184 autem
3219 4147 3462 4187 summus
3497 4133 3549 4186 in
3599 4132 3832 4187 Ecclesia

2250 4216 2444 4283 gradus
2468 4229 2568 4272 est.
2590 4218 2882 4290 Episcopus
2904 4221 3078 4274 dictus
3123 4223 3584 4292 superinspector,
3609 4240 3679 4278 eo
3701 4224 3834 4293 quod

2255 4305 2466 4360 Domini
2497 4323 2738 4378 gregem,
2783 4310 2953 4377 ipsius
2982 4312 3152 4381 gratia
3190 4313 3537 4385 sull‘ragante,
3567 4317 3726 4384 quasi
3756 4333 3837 4383 pa-

2248 4407 2359 4450 stor
2385 4400 2724 4456 cautissimus
2754 4401 2858 4455 alta
2890 4402 3018 4456 sede
3047 4405 3354 4470 custodiat,
3387 4405 3530 4460 sicut
3585 4407 3832 4461 Ezechiel

2253 4489 2511 4556 propheta
2557 4490 2686 4545 dicit
2719 4510 2732 4543 :
2768 4493 3158 4560 Speculatorem
3206 4503 3254 4548 te
3283 4498 3430 4566 posui
3480 4499 3672 4551 domus
3705 4500 3837 4571 led,

567 4581 747 4651 iniqua
775 4582 1081 4652 prosilirent
1106 4599 1118 4634 :
1141 4583 1210 4635 ita
1235 4581 1493 4636 Dominus
1509 4595 1774 4636 summum
1798 4581 1926 4635 illud
1949 4581 2141 4636 bonum
2175 4593 2223 4652 ι)
2248 4578 2444 4648 domui]
2476 4579 2640 4635 Israel
2667 4581 2882 4650 (Ezech.
2909 4599 2986 4649 ιιι,
3021 4584 3132 4654 li).
3169 4585 3234 4639 Et
3264 4593 3385 4638 nota
3415 4587 3543 4655 quia
3577 4589 3629 4641 in
3660 4589 3833 4641 Veteti

565 4673 797 4744 perfecta
821 4673 1016 4743 pietate
1037 4672 1301 4738 restituit;
1334 4680 1393 4726 ut
1415 4672 1468 4726 in
1499 4687 1660 4726 cruce
1687 4673 1894 4742 positus
1919 4687 2014 4740 pro
2037 4673 2140 4727 illis

564 4773 744 4821 oraret
759 4764 849 4834 qui
867 4780 988 4819 cum
1008 4763 1334 4819 decreverim
1347 4777 1360 4813 ξ.
1384 4762 1545 4832 impia
1560 4763 1832 4817 voluntate
1853 4763 2136 4816 trucidare.

635 4854 788 4911 Vers.
817 4855 1160 4910 4.Constilue
1206 4869 1360 4923 super
1401 4870 1517 4907 eum
1549 4863 1896 4922 μέσσατον-ειη,
1945 4863 1991 4906 et
2031 4855 2142 4905 dia-

563 4948 708 5003 bolus
737 4959 829 5003 stet
856 4966 887 5001 a
908 4949 1100 5004 dextris
1129 4949 1262 5017 ejus.
1301 4947 1456 5000 Venit
1485 4947 1549 5000 ad
1578 4948 1864 5002 secundum
1902 4954 2104 5015 partem
2124 4987 2137 5010 ,

563 5039 616 5094 in
655 5054 758 5108 qua
806 5039 1032 5108 primum
1073 5038 1142 5093 de
1170 5038 1304 5094 Juda
1355 5037 1616 5091 malorum
1663 5037 1902 5091 omnium
1945 5050 2141 5102 capacc

562 5129 730 5184 multa
761 5129 1000 5184 dicturus
1025 5137 1125 5183 est.
1163 5128 1365 5183 Deinde
1398 5127 1589 5195 plurali
1615 5142 1836 5180 numero
1867 5125 2056 5179 miscet
2087 5135 2140 5178 et

563 5220 756 5290 impios
797 5219 1047 5285 Judatos,
1089 5221 1180 5290 qui
1229 5221 1320 5274 lilii
1372 5219 1536 5286 ipsius
1577 5217 1872 5272 imitatione
1922 5219 2139 5272 sceleiis

563 5313 903 5366 exstiterunt.
933 5314 1270 5382 Quapropter
1295 5313 1628 5368 certissimus
1660 5312 1957 5366 futurorum
2004 5329 2141 5380 prte-

563 5403 694 5456 dicit
719 5417 877 5472 supra
903 5402 1088 5457 Judatn
1122 5403 1428 5459 traditurum
1455 5404 1862 5458 constituendum
1885 5420 1989 5456 esse
2019 5405 2104 5455 dia
2122 5434 2134 5442 ο

563 5493 774 5558 bolum;
800 5495 888 5562 qui
916 5495 1106 5550 merito
1128 5504 1362 5564 peccator
1383 5496 1596 5558 dicitur.
1617 5496 1864 5566 quoniam
1883 5497 2138 5550 delictum

563 5583 863 5638 traditionis
892 5585 957 5639 ab
997 5585 1112 5654 ipso
1151 5586 1381 5653 sumpsit
1420 5586 1650 5641 initium.
1711 5587 1773 5640 Et
1813 5602 1879 5639 ne
1912 5586 2135 5638 forsitan

561 5677 835 5730 dubitares
863 5677 929 5732 de
948 5691 1052 5746 quo
1080 5677 1372 5744 diceretur,
1403 5676 1666 5744 adjectum
1691 5685 1796 5739 est,
1830 5686 1878 5728 et
1907 5675 2136 5729 diabolus

563 5776 656 5820 stet
683 5783 713 5820 a
753 5765 944 5821 dextris
977 5768 1126 5837 ejus;
1158 5765 1366 5820 scilicet
1394 5766 1513 5834 quia
1563 5766 1704 5820 nullo
1754 5770 1945 5822 meruit
2013 5783 2136 5821 con-

2250 4670 2599 4726 Testamento
2621 4673 2704 4727 hic
2722 4675 2948 4742 primum
2972 4677 3071 4730 hoc
3093 4692 3286 4730 nomen
3305 4679 3536 4745 positum
3555 4689 3656 4733 est.
3677 4679 3832 4745 Cujus

2249 4765 2324 4817 rei
2347 4767 2596 4820 virtutem
2613 4767 2900 4837 Apostolus
2923 4769 3195 4825 evidenter
3214 4770 3466 4836 insinuat,
3487 4771 3679 4825 dicens
3707 4791 3718 4822 :
3743 4772 3833 4838 Qui

2250 4859 2595 4928 episcopatum
2616 4861 2890 4926 desiderat,
2922 4862 3106 4916 bonum
3139 4880 3265 4932 Opus
3292 4863 3575 4929 desiderat,
3609 4865 3666 4934 (Ι
3705 4866 3830 4919 Tim.

2250 4964 2328 5016 tu,
2353 4949 2432 5020 1).
2461 4959 2567 5006 etc.
2590 4953 2926 5023 Quapropter
2955 4971 3149 5010 nomen
3180 4955 3318 5016 istud
3345 4971 3450 5010 non
3484 4969 3591 5011 tam
3616 4958 3832 5013 honoris

2248 5051 2511 5112 estquam
2545 5046 2762 5100 laboris.
2790 5047 2918 5102 Nam
2953 5048 3043 5116 qui
3083 5048 3218 5102 alios
3263 5050 3624 5117 speculandas
3655 5065 3832 5105 susce-

2247 5132 2355 5199 pit,
2402 5149 2462 5188 se
2508 5135 2618 5206 jugi
2662 5137 2824 5192 debet
2864 5139 3223 5194 excubatione
3254 5142 3598 5208 conSpicere,
3631 5151 3696 5194 ut
3725 5155 3828 5193 non

2245 5223 2315 5275 illi
2347 5227 2620 5297 contingat
2649 5230 2790 5298 quod
2836 5230 2966 5284 dicit
2997 5233 3285 5300 Apostolus
3319 5251 3332 5286 :
3370 5234 3451 5286 Ne
3483 5237 3606 5288 aliis
3634 5231 3830 5312 ρνςάίο

2251 5329 2372 5368 rans
2396 5357 2410 5380 ,
2455 5317 2564 5382 ipse
2591 5325 2832 5384 reprobus
2861 5321 3046 5390 e/ﬁciar
3077 5321 3128 5391 (I
3157 5321 3275 5377 Cor.
3310 5339 3384 5387 ις,
3416 5324 3549 5392 27).
3593 5324 3832 5390 llludqne

2249 5405 2555 5460 meminisse
2582 5423 2679 5462 nos
2705 5413 2955 5464 convenit
2985 5411 3038 5464 in
3067 5412 3290 5468 Aetibus
3317 5415 3692 5481 apostolorum
3724 5412 3830 5466 evi-

2244 5493 2557 5552 dentissime
2585 5498 2908 5554 declaratum
2932 5540 2946 5564 ,
2993 5502 3132 5557 hunc
3164 5519 3376 5558 versum
3423 5504 3490 5558 de
3531 5504 3676 5559 Juda
3706 5515 3829 5557 esse

2245 5589 2630 5656 conscriptum;
2660 5591 2734 5643 ait
2769 5592 2910 5645 enim
2941 5593 3126 5646 Petrus
3154 5610 3169 5646 :
3201 5592 3309 5646 Viri
3351 5598 3541 5662 fratres
3569 5635 3585 5660 ,
3627 5599 3834 5651 omne!

2242 5682 2449 5752 implere
2491 5684 2812 5752 Scripturam
2839 5726 2852 5750 ,
2881 5703 3031 5755 quam
3063 5689 3301 5756 praedixit
3349 5688 3584 5758 Spiritus
3609 5696 3830 5740 sanctus

2247 5789 2334 5840 ραν
2364 5791 2416 5828 os
2443 5772 2606 5828 David
2633 5773 2696 5828 de
2714 5773 2745 5827 J
2753 5776 2873 5840 uda,
2906 5778 2992 5844 qui
3014 5774 3110 5845 fuit
3131 5779 3238 5830 dux
3264 5793 3442 5832 eorum
3471 5780 3561 5847 qui
3581 5791 3826 5845 compre-
