  <div class='ocr_page' id='page_1' title='image "/cluster/home/n/w/nwhite01/storage/ocr_20150623/70/hvd.32044015469356/398.png"; bbox 0 0 4090 6346; ppageno 0'>
   <div class='ocr_carea' id='block_1_1' title="bbox 380 344 481 400">
    <p class='ocr_par' dir='ltr' id='par_1_1' title="bbox 380 344 481 400">
     <span class='ocr_line' id='line_1_1' title="bbox 380 344 481 400; baseline 0.04 -3"><span class='ocrx_word' id='word_1_1' title='bbox 380 344 481 400; x_wconf 65' lang='grc'><strong>785</strong></span> 
     </span>
    </p>
   </div>
   <div class='ocr_carea' id='block_1_2' title="bbox 1306 346 2720 405">
    <p class='ocr_par' dir='ltr' id='par_1_2' title="bbox 1306 346 2720 405">
     <span class='ocr_line' id='line_1_2' title="bbox 1306 346 2720 405; baseline 0 -3"><span class='ocrx_word' id='word_1_2' title='bbox 1306 347 1665 402; x_wconf 69' lang='lat' dir='ltr'><strong>EXPOSI‘I‘lO</strong></span> <span class='ocrx_word' id='word_1_3' title='bbox 1703 347 1765 401; x_wconf 79' lang='lat' dir='ltr'><strong>IN</strong></span> <span class='ocrx_word' id='word_1_4' title='bbox 1808 346 2266 403; x_wconf 67' lang='lat' dir='ltr'><strong>PSALTERIUM.</strong></span> <span class='ocrx_word' id='word_1_5' title='bbox 2312 349 2506 405; x_wconf 74' lang='lat' dir='ltr'><strong>PSAL.</strong></span> <span class='ocrx_word' id='word_1_6' title='bbox 2547 351 2720 405; x_wconf 65' lang='lat' dir='ltr'><strong>CVIII.</strong></span> 
     </span>
    </p>
   </div>
   <div class='ocr_carea' id='block_1_3' title="bbox 3533 345 3636 400">
    <p class='ocr_par' dir='ltr' id='par_1_3' title="bbox 3533 345 3636 400">
     <span class='ocr_line' id='line_1_3' title="bbox 3533 345 3636 400; baseline -0.039 1"><span class='ocrx_word' id='word_1_7' title='bbox 3533 345 3636 400; x_wconf 80' lang='lat'><strong>786</strong></span> 
     </span>
    </p>
   </div>
   <div class='ocr_carea' id='block_1_4' title="bbox 377 456 3638 529">
    <p class='ocr_par' dir='ltr' id='par_1_4' title="bbox 377 456 3638 529">
     <span class='ocr_line' id='line_1_4' title="bbox 377 456 3638 529; baseline -0.001 -17"><span class='ocrx_word' id='word_1_8' title='bbox 377 458 659 512; x_wconf 81' lang='lat' dir='ltr'><strong>hcnderunt</strong></span> <span class='ocrx_word' id='word_1_9' title='bbox 680 456 853 510; x_wconf 85' lang='lat' dir='ltr'><strong>.lesum</strong></span> <span class='ocrx_word' id='word_1_10' title='bbox 884 459 1022 529; x_wconf 78' lang='lat' dir='ltr'><strong>(Act.</strong></span> <span class='ocrx_word' id='word_1_11' title='bbox 1051 477 1088 524; x_wconf 87' lang='grc' dir='ltr'><strong>ι,</strong></span> <span class='ocrx_word' id='word_1_12' title='bbox 1123 459 1231 528; x_wconf 82' lang='grc'><strong>16).</strong></span> <span class='ocrx_word' id='word_1_13' title='bbox 1269 460 1337 513; x_wconf 75' lang='lat' dir='ltr'><strong>Et</strong></span> <span class='ocrx_word' id='word_1_14' title='bbox 1358 461 1513 527; x_wconf 84' lang='lat' dir='ltr'><strong>paulo</strong></span> <span class='ocrx_word' id='word_1_15' title='bbox 1549 469 1668 527; x_wconf 88' lang='lat' dir='ltr'><strong>post</strong></span> <span class='ocrx_word' id='word_1_16' title='bbox 1694 458 1955 527; x_wconf 74' lang='lat' dir='ltr'><strong>sequitur,</strong></span> <span class='ocrx_word' id='word_1_17' title='bbox 1984 460 2036 521; x_wconf 73' lang='grc' dir='ltr'><strong>Α</strong></span> <span class='ocrx_word' id='word_1_18' title='bbox 2062 458 2258 512; x_wconf 87' lang='lat' dir='ltr'><strong>dicina.</strong></span> <span class='ocrx_word' id='word_1_19' title='bbox 2288 459 2488 529; x_wconf 89' lang='lat' dir='ltr'><strong>Pupilli</strong></span> <span class='ocrx_word' id='word_1_20' title='bbox 2521 477 2648 515; x_wconf 88' lang='lat' dir='ltr'><strong>vero</strong></span> <span class='ocrx_word' id='word_1_21' title='bbox 2678 460 2803 513; x_wconf 88' lang='lat' dir='ltr'><strong>dicti</strong></span> <span class='ocrx_word' id='word_1_22' title='bbox 2835 470 2959 513; x_wconf 88' lang='lat' dir='ltr'><strong>sunt</strong></span> <span class='ocrx_word' id='word_1_23' title='bbox 2989 460 3139 528; x_wconf 77' lang='lat' dir='ltr'><strong>quasi</strong></span> <span class='ocrx_word' id='word_1_24' title='bbox 3172 459 3371 528; x_wconf 76' lang='lat' dir='ltr'><strong>pusilli,</strong></span> <span class='ocrx_word' id='word_1_25' title='bbox 3402 458 3488 527; x_wconf 88' lang='lat' dir='ltr'><strong>qui</strong></span> <span class='ocrx_word' id='word_1_26' title='bbox 3520 475 3638 526; x_wconf 86' lang='lat' dir='ltr'><strong>par-</strong></span> 
     </span>
    </p>
   </div>
   <div class='ocr_carea' id='block_1_5' title="bbox 376 549 1957 619">
    <p class='ocr_par' dir='ltr' id='par_1_5' title="bbox 376 549 1957 619">
     <span class='ocr_line' id='line_1_5' title="bbox 376 549 1957 619; baseline -0.002 -14"><span class='ocrx_word' id='word_1_27' title='bbox 376 550 643 619; x_wconf 81' lang='lat' dir='ltr'><strong>Scriptum</strong></span> <span class='ocrx_word' id='word_1_28' title='bbox 669 557 739 601; x_wconf 87' lang='lat' dir='ltr'><strong>est</strong></span> <span class='ocrx_word' id='word_1_29' title='bbox 760 550 893 602; x_wconf 87' lang='lat' dir='ltr'><strong>enim</strong></span> <span class='ocrx_word' id='word_1_30' title='bbox 921 551 973 603; x_wconf 88' lang='lat' dir='ltr'><strong>in</strong></span> <span class='ocrx_word' id='word_1_31' title='bbox 994 551 1124 605; x_wconf 87' lang='lat' dir='ltr'><strong>libro</strong></span> <span class='ocrx_word' id='word_1_32' title='bbox 1150 550 1478 605; x_wconf 83' lang='lat' dir='ltr'><strong>Psalmorum</strong></span> <span class='ocrx_word' id='word_1_33' title='bbox 1505 565 1523 604; x_wconf 92' lang='lat'><strong><em>:</em></strong></span> <span class='ocrx_word' id='word_1_34' title='bbox 1556 549 1679 602; x_wconf 83' lang='lat' dir='ltr'><strong>Fiat</strong></span> <span class='ocrx_word' id='word_1_35' title='bbox 1710 550 1957 603; x_wconf 87' lang='lat' dir='ltr'><strong>habitatio</strong></span> 
     </span>
    </p>
   </div>
   <div class='ocr_carea' id='block_1_6' title="bbox 375 640 1959 713">
    <p class='ocr_par' dir='ltr' id='par_1_6' title="bbox 375 640 1959 713">
     <span class='ocr_line' id='line_1_6' title="bbox 375 640 1959 713; baseline 0.001 -21"><span class='ocrx_word' id='word_1_36' title='bbox 375 655 487 706; x_wconf 78' lang='lat' dir='ltr'><strong>cjus</strong></span> <span class='ocrx_word' id='word_1_37' title='bbox 518 640 747 707; x_wconf 87' lang='lat' dir='ltr'><strong>deserta,</strong></span> <span class='ocrx_word' id='word_1_38' title='bbox 779 651 824 693; x_wconf 88' lang='lat' dir='ltr'><strong>et</strong></span> <span class='ocrx_word' id='word_1_39' title='bbox 866 659 965 695; x_wconf 88' lang='lat' dir='ltr'><strong>non</strong></span> <span class='ocrx_word' id='word_1_40' title='bbox 995 644 1061 696; x_wconf 89' lang='lat' dir='ltr'><strong>sit</strong></span> <span class='ocrx_word' id='word_1_41' title='bbox 1102 645 1191 713; x_wconf 85' lang='lat' dir='ltr'><strong>qui</strong></span> <span class='ocrx_word' id='word_1_42' title='bbox 1213 642 1403 695; x_wconf 89' lang='lat' dir='ltr'><strong>habitet</strong></span> <span class='ocrx_word' id='word_1_43' title='bbox 1434 642 1567 713; x_wconf 86' lang='lat' dir='ltr'><strong>[ed.,</strong></span> <span class='ocrx_word' id='word_1_44' title='bbox 1593 640 1860 711; x_wconf 80' lang='lat' dir='ltr'><strong>inhabitet]</strong></span> <span class='ocrx_word' id='word_1_45' title='bbox 1905 641 1959 693; x_wconf 86' lang='lat' dir='ltr'><strong>in</strong></span> 
     </span>
    </p>
   </div>
   <div class='ocr_carea' id='block_1_7' title="bbox 375 731 1958 803">
    <p class='ocr_par' dir='ltr' id='par_1_7' title="bbox 375 731 1958 803">
     <span class='ocr_line' id='line_1_7' title="bbox 375 731 1958 803; baseline 0.001 -20"><span class='ocrx_word' id='word_1_46' title='bbox 375 746 471 793; x_wconf 79' lang='lat' dir='ltr'><strong>ca;</strong></span> <span class='ocrx_word' id='word_1_47' title='bbox 494 740 539 784; x_wconf 90' lang='lat' dir='ltr'><strong>et</strong></span> <span class='ocrx_word' id='word_1_48' title='bbox 563 731 908 799; x_wconf 80' lang='lat' dir='ltr'><strong>episcopatum</strong></span> <span class='ocrx_word' id='word_1_49' title='bbox 930 735 1040 803; x_wconf 89' lang='lat' dir='ltr'><strong>ejus</strong></span> <span class='ocrx_word' id='word_1_50' title='bbox 1063 736 1281 800; x_wconf 85' lang='lat' dir='ltr'><strong>accipiat</strong></span> <span class='ocrx_word' id='word_1_51' title='bbox 1306 735 1470 798; x_wconf 89' lang='lat' dir='ltr'><strong>alter;</strong></span> <span class='ocrx_word' id='word_1_52' title='bbox 1499 744 1556 787; x_wconf 88' lang='lat' dir='ltr'><strong>ut</strong></span> <span class='ocrx_word' id='word_1_53' title='bbox 1579 734 1710 787; x_wconf 89' lang='lat' dir='ltr'><strong>nulli</strong></span> <span class='ocrx_word' id='word_1_54' title='bbox 1741 733 1958 791; x_wconf 87' lang='lat' dir='ltr'><strong>dubium</strong></span> 
     </span>
    </p>
   </div>
   <div class='ocr_carea' id='block_1_8' title="bbox 376 820 1958 891">
    <p class='ocr_par' dir='ltr' id='par_1_8' title="bbox 376 820 1958 891">
     <span class='ocr_line' id='line_1_8' title="bbox 376 820 1958 891; baseline 0.002 -19"><span class='ocrx_word' id='word_1_55' title='bbox 376 820 447 874; x_wconf 84' lang='lat' dir='ltr'><strong>sit</strong></span> <span class='ocrx_word' id='word_1_56' title='bbox 492 822 558 876; x_wconf 90' lang='lat' dir='ltr'><strong>de</strong></span> <span class='ocrx_word' id='word_1_57' title='bbox 599 823 714 891; x_wconf 91' lang='lat' dir='ltr'><strong>ipso</strong></span> <span class='ocrx_word' id='word_1_58' title='bbox 745 823 846 876; x_wconf 88' lang='lat' dir='ltr'><strong>hoc</strong></span> <span class='ocrx_word' id='word_1_59' title='bbox 897 825 1219 879; x_wconf 83' lang='lat' dir='ltr'><strong>omnimodis</strong></span> <span class='ocrx_word' id='word_1_60' title='bbox 1267 824 1632 878; x_wconf 88' lang='lat' dir='ltr'><strong>sentiendum.</strong></span> <span class='ocrx_word' id='word_1_61' title='bbox 1680 822 1772 877; x_wconf 89' lang='lat' dir='ltr'><strong>Sic</strong></span> <span class='ocrx_word' id='word_1_62' title='bbox 1799 823 1958 876; x_wconf 89' lang='lat' dir='ltr'><strong>istum</strong></span> 
     </span>
    </p>
   </div>
   <div class='ocr_carea' id='block_1_9' title="bbox 378 911 1954 981">
    <p class='ocr_par' dir='ltr' id='par_1_9' title="bbox 378 911 1954 981">
     <span class='ocr_line' id='line_1_9' title="bbox 378 911 1954 981; baseline 0.004 -20"><span class='ocrx_word' id='word_1_63' title='bbox 378 911 642 978; x_wconf 83' lang='lat' dir='ltr'><strong>psalmum</strong></span> <span class='ocrx_word' id='word_1_64' title='bbox 680 912 746 966; x_wconf 92' lang='lat' dir='ltr'><strong>de</strong></span> <span class='ocrx_word' id='word_1_65' title='bbox 784 914 1032 981; x_wconf 84' lang='lat' dir='ltr'><strong>passione</strong></span> <span class='ocrx_word' id='word_1_66' title='bbox 1061 915 1293 981; x_wconf 86' lang='lat' dir='ltr'><strong>Domini,</strong></span> <span class='ocrx_word' id='word_1_67' title='bbox 1321 923 1376 969; x_wconf 92' lang='lat' dir='ltr'><strong>et</strong></span> <span class='ocrx_word' id='word_1_68' title='bbox 1402 913 1724 981; x_wconf 81' lang='lat' dir='ltr'><strong>evangelicis</strong></span> <span class='ocrx_word' id='word_1_69' title='bbox 1752 912 1954 976; x_wconf 86' lang='lat' dir='ltr'><strong>verbis,</strong></span> 
     </span>
    </p>
   </div>
   <div class='ocr_carea' id='block_1_10' title="bbox 350 1002 1958 1073">
    <p class='ocr_par' dir='ltr' id='par_1_10' title="bbox 350 1002 1958 1073">
     <span class='ocr_line' id='line_1_10' title="bbox 350 1002 1958 1073; baseline 0.001 -19"><span class='ocrx_word' id='word_1_70' title='bbox 350 1011 436 1055; x_wconf 72' lang='lat' dir='ltr'><strong>.et</strong></span> <span class='ocrx_word' id='word_1_71' title='bbox 464 1002 600 1055; x_wconf 84' lang='lat' dir='ltr'><strong>Petri</strong></span> <span class='ocrx_word' id='word_1_72' title='bbox 641 1005 869 1071; x_wconf 78' lang='lat' dir='ltr'><strong>apostoli</strong></span> <span class='ocrx_word' id='word_1_73' title='bbox 900 1006 1251 1059; x_wconf 88' lang='lat' dir='ltr'><strong>attestatione</strong></span> <span class='ocrx_word' id='word_1_74' title='bbox 1278 1006 1650 1073; x_wconf 81' lang='lat' dir='ltr'><strong>cognoscimus</strong></span> <span class='ocrx_word' id='word_1_75' title='bbox 1676 1017 1799 1058; x_wconf 89' lang='lat' dir='ltr'><strong>esse</strong></span> <span class='ocrx_word' id='word_1_76' title='bbox 1830 1018 1958 1072; x_wconf 65' lang='lat' dir='ltr'><strong>pro-</strong></span> 
     </span>
    </p>
   </div>
   <div class='ocr_carea' id='block_1_11' title="bbox 382 1093 1961 1165">
    <p class='ocr_par' dir='ltr' id='par_1_11' title="bbox 382 1093 1961 1165">
     <span class='ocr_line' id='line_1_11' title="bbox 382 1093 1961 1165; baseline 0.001 -20"><span class='ocrx_word' id='word_1_77' title='bbox 382 1094 677 1159; x_wconf 86' lang='lat' dir='ltr'><strong>phetatum.</strong></span> <span class='ocrx_word' id='word_1_78' title='bbox 711 1094 774 1148; x_wconf 88' lang='lat' dir='ltr'><strong>In</strong></span> <span class='ocrx_word' id='word_1_79' title='bbox 798 1094 900 1149; x_wconf 88' lang='lat' dir='ltr'><strong>hoc</strong></span> <span class='ocrx_word' id='word_1_80' title='bbox 929 1106 1104 1150; x_wconf 88' lang='lat' dir='ltr'><strong>autem</strong></span> <span class='ocrx_word' id='word_1_81' title='bbox 1133 1110 1291 1150; x_wconf 88' lang='lat' dir='ltr'><strong>versu</strong></span> <span class='ocrx_word' id='word_1_82' title='bbox 1317 1095 1483 1165; x_wconf 80' lang='lat' dir='ltr'><strong>ﬁgura</strong></span> <span class='ocrx_word' id='word_1_83' title='bbox 1504 1102 1587 1149; x_wconf 90' lang='lat' dir='ltr'><strong>est</strong></span> <span class='ocrx_word' id='word_1_84' title='bbox 1616 1093 1961 1162; x_wconf 78' lang='lat' dir='ltr'><strong>intelligenda</strong></span> 
     </span>
    </p>
   </div>
   <div class='ocr_carea' id='block_1_12' title="bbox 384 1183 1962 1253">
    <p class='ocr_par' dir='ltr' id='par_1_12' title="bbox 384 1183 1962 1253">
     <span class='ocr_line' id='line_1_12' title="bbox 384 1183 1962 1253; baseline 0.003 -20"><span class='ocrx_word' id='word_1_85' title='bbox 384 1184 771 1250; x_wconf 76' lang='lat' dir='ltr'><strong>liypexaercsis,</strong></span> <span class='ocrx_word' id='word_1_86' title='bbox 802 1199 919 1252; x_wconf 68' lang='lat' dir='ltr'><strong>quae</strong></span> <span class='ocrx_word' id='word_1_87' title='bbox 951 1184 1138 1238; x_wconf 80' lang='lat' dir='ltr'><strong>Latine</strong></span> <span class='ocrx_word' id='word_1_88' title='bbox 1169 1185 1362 1239; x_wconf 89' lang='lat' dir='ltr'><strong>dicitur</strong></span> <span class='ocrx_word' id='word_1_89' title='bbox 1389 1184 1636 1253; x_wconf 76' lang='lat' dir='ltr'><strong>exceptio</strong></span> <span class='ocrx_word' id='word_1_90' title='bbox 1665 1199 1679 1237; x_wconf 88' lang='lat'><strong>:</strong></span> <span class='ocrx_word' id='word_1_91' title='bbox 1708 1183 1962 1252; x_wconf 87' lang='lat' dir='ltr'><strong>quoniam</strong></span> 
     </span>
    </p>
   </div>
   <div class='ocr_carea' id='block_1_13' title="bbox 382 1273 1963 1346">
    <p class='ocr_par' dir='ltr' id='par_1_13' title="bbox 382 1273 1963 1346">
     <span class='ocr_line' id='line_1_13' title="bbox 382 1273 1963 1346; baseline 0.001 -19"><span class='ocrx_word' id='word_1_92' title='bbox 382 1273 548 1327; x_wconf 77' lang='lat' dir='ltr'><strong>ludas</strong></span> <span class='ocrx_word' id='word_1_93' title='bbox 578 1274 643 1328; x_wconf 84' lang='lat' dir='ltr'><strong>ab</strong></span> <span class='ocrx_word' id='word_1_94' title='bbox 674 1274 875 1328; x_wconf 89' lang='lat' dir='ltr'><strong>honore</strong></span> <span class='ocrx_word' id='word_1_95' title='bbox 904 1277 1241 1346; x_wconf 83' lang='lat' dir='ltr'><strong>episcopatus</strong></span> <span class='ocrx_word' id='word_1_96' title='bbox 1265 1320 1280 1344; x_wconf 87' lang='lat'><strong>,</strong></span> <span class='ocrx_word' id='word_1_97' title='bbox 1310 1277 1364 1331; x_wconf 88' lang='lat' dir='ltr'><strong>id</strong></span> <span class='ocrx_word' id='word_1_98' title='bbox 1396 1285 1479 1331; x_wconf 91' lang='lat' dir='ltr'><strong>est</strong></span> <span class='ocrx_word' id='word_1_99' title='bbox 1508 1275 1843 1344; x_wconf 79' lang='lat' dir='ltr'><strong>apostolatus</strong></span> <span class='ocrx_word' id='word_1_100' title='bbox 1870 1290 1963 1329; x_wconf 82' lang='lat' dir='ltr'><strong>ex-</strong></span> 
     </span>
    </p>
   </div>
   <div class='ocr_carea' id='block_1_14' title="bbox 382 1364 599 1434">
    <p class='ocr_par' dir='ltr' id='par_1_14' title="bbox 382 1364 599 1434">
     <span class='ocr_line' id='line_1_14' title="bbox 382 1364 599 1434; baseline 0 -16"><span class='ocrx_word' id='word_1_101' title='bbox 382 1364 429 1418; x_wconf 91' lang='lat' dir='ltr'><strong>ci</strong></span> <span class='ocrx_word' id='word_1_102' title='bbox 436 1366 599 1434; x_wconf 86' lang='lat' dir='ltr'><strong>pitur.</strong></span> 
     </span>
    </p>
   </div>
   <div class='ocr_carea' id='block_1_15' title="bbox 463 1454 1962 1525">
    <p class='ocr_par' dir='ltr' id='par_1_15' title="bbox 463 1454 1962 1525">
     <span class='ocr_line' id='line_1_15' title="bbox 463 1454 1962 1525; baseline -0.003 -16"><span class='ocrx_word' id='word_1_103' title='bbox 463 1454 610 1509; x_wconf 84' lang='lat' dir='ltr'><strong>Vers.</strong></span> <span class='ocrx_word' id='word_1_104' title='bbox 643 1456 695 1508; x_wconf 88' lang='grc'><strong>7.</strong></span> <span class='ocrx_word' id='word_1_105' title='bbox 721 1454 878 1509; x_wconf 84' lang='lat' dir='ltr'><strong>Fiant</strong></span> <span class='ocrx_word' id='word_1_106' title='bbox 904 1456 1001 1525; x_wconf 78' lang='lat' dir='ltr'><strong>ﬁlii</strong></span> <span class='ocrx_word' id='word_1_107' title='bbox 1029 1460 1138 1522; x_wconf 86' lang='lat' dir='ltr'><strong>ejus</strong></span> <span class='ocrx_word' id='word_1_108' title='bbox 1166 1459 1406 1525; x_wconf 85' lang='lat' dir='ltr'><strong>orphani,</strong></span> <span class='ocrx_word' id='word_1_109' title='bbox 1430 1468 1475 1511; x_wconf 86' lang='lat' dir='ltr'><strong>et</strong></span> <span class='ocrx_word' id='word_1_110' title='bbox 1499 1473 1626 1511; x_wconf 75' lang='lat' dir='ltr'><strong>uxor</strong></span> <span class='ocrx_word' id='word_1_111' title='bbox 1654 1458 1766 1524; x_wconf 88' lang='lat' dir='ltr'><strong>ejus</strong></span> <span class='ocrx_word' id='word_1_112' title='bbox 1789 1455 1962 1507; x_wconf 85' lang='lat' dir='ltr'><strong>vidua.</strong></span> 
     </span>
    </p>
   </div>
   <div class='ocr_carea' id='block_1_16' title="bbox 384 1544 1967 1615">
    <p class='ocr_par' dir='ltr' id='par_1_16' title="bbox 384 1544 1967 1615">
     <span class='ocr_line' id='line_1_16' title="bbox 384 1544 1967 1615; baseline 0.001 -19"><span class='ocrx_word' id='word_1_113' title='bbox 384 1544 640 1610; x_wconf 82' lang='lat' dir='ltr'><strong>Quamvis</strong></span> <span class='ocrx_word' id='word_1_114' title='bbox 669 1545 793 1600; x_wconf 81' lang='lat' dir='ltr'><strong>alibi</strong></span> <span class='ocrx_word' id='word_1_115' title='bbox 846 1562 951 1601; x_wconf 92' lang='lat' dir='ltr'><strong>non</strong></span> <span class='ocrx_word' id='word_1_116' title='bbox 998 1546 1202 1615; x_wconf 81' lang='lat' dir='ltr'><strong>legatur</strong></span> <span class='ocrx_word' id='word_1_117' title='bbox 1230 1547 1421 1602; x_wconf 84' lang='lat' dir='ltr'><strong>Judam</strong></span> <span class='ocrx_word' id='word_1_118' title='bbox 1466 1562 1685 1600; x_wconf 84' lang='lat' dir='ltr'><strong>uxorem</strong></span> <span class='ocrx_word' id='word_1_119' title='bbox 1718 1544 1967 1599; x_wconf 87' lang='lat' dir='ltr'><strong>habuisse</strong></span> 
     </span>
    </p>
   </div>
   <div class='ocr_carea' id='block_1_17' title="bbox 386 1636 1964 1706">
    <p class='ocr_par' dir='ltr' id='par_1_17' title="bbox 386 1636 1964 1706">
     <span class='ocr_line' id='line_1_17' title="bbox 386 1636 1964 1706; baseline -0.001 -17"><span class='ocrx_word' id='word_1_120' title='bbox 386 1636 472 1690; x_wconf 86' lang='lat' dir='ltr'><strong>vel</strong></span> <span class='ocrx_word' id='word_1_121' title='bbox 504 1637 660 1703; x_wconf 87' lang='lat' dir='ltr'><strong>ﬁlios,</strong></span> <span class='ocrx_word' id='word_1_122' title='bbox 690 1650 864 1691; x_wconf 85' lang='lat' dir='ltr'><strong>tamen</strong></span> <span class='ocrx_word' id='word_1_123' title='bbox 896 1652 964 1690; x_wconf 83' lang='lat' dir='ltr'><strong>ex</strong></span> <span class='ocrx_word' id='word_1_124' title='bbox 997 1636 1099 1691; x_wconf 91' lang='lat' dir='ltr'><strong>ista</strong></span> <span class='ocrx_word' id='word_1_125' title='bbox 1121 1638 1399 1706; x_wconf 88' lang='lat' dir='ltr'><strong>prophetia</strong></span> <span class='ocrx_word' id='word_1_126' title='bbox 1427 1654 1547 1692; x_wconf 90' lang='lat' dir='ltr'><strong>eum</strong></span> <span class='ocrx_word' id='word_1_127' title='bbox 1582 1638 1829 1691; x_wconf 85' lang='lat' dir='ltr'><strong>maritum</strong></span> <span class='ocrx_word' id='word_1_128' title='bbox 1868 1651 1964 1703; x_wconf 85' lang='lat' dir='ltr'><strong>pa-</strong></span> 
     </span>
    </p>
   </div>
   <div class='ocr_carea' id='block_1_18' title="bbox 385 1726 1967 1797">
    <p class='ocr_par' dir='ltr' id='par_1_18' title="bbox 385 1726 1967 1797">
     <span class='ocr_line' id='line_1_18' title="bbox 385 1726 1967 1797; baseline -0.001 -19"><span class='ocrx_word' id='word_1_129' title='bbox 385 1736 633 1795; x_wconf 89' lang='lat' dir='ltr'><strong>tremque</strong></span> <span class='ocrx_word' id='word_1_130' title='bbox 675 1726 839 1781; x_wconf 76' lang='lat' dir='ltr'><strong>fuisse</strong></span> <span class='ocrx_word' id='word_1_131' title='bbox 878 1727 1035 1780; x_wconf 89' lang='lat' dir='ltr'><strong>datur</strong></span> <span class='ocrx_word' id='word_1_132' title='bbox 1076 1728 1318 1795; x_wconf 82' lang='lat' dir='ltr'><strong>intelligi.</strong></span> <span class='ocrx_word' id='word_1_133' title='bbox 1364 1726 1526 1797; x_wconf 64' lang='grc'><strong>374</strong></span> <span class='ocrx_word' id='word_1_134' title='bbox 1565 1728 1659 1781; x_wconf 83' lang='grc'><strong>1110</strong></span> <span class='ocrx_word' id='word_1_135' title='bbox 1685 1727 1829 1780; x_wconf 87' lang='lat' dir='ltr'><strong>enim</strong></span> <span class='ocrx_word' id='word_1_136' title='bbox 1876 1740 1967 1778; x_wconf 90' lang='lat' dir='ltr'><strong>oc-</strong></span> 
     </span>
    </p>
   </div>
   <div class='ocr_carea' id='block_1_19' title="bbox 2065 549 3637 622">
    <p class='ocr_par' dir='ltr' id='par_1_19' title="bbox 2065 549 3637 622">
     <span class='ocr_line' id='line_1_19' title="bbox 2065 549 3637 622; baseline 0.001 -21"><span class='ocrx_word' id='word_1_137' title='bbox 2065 552 2226 605; x_wconf 85' lang='lat' dir='ltr'><strong>vitate</strong></span> <span class='ocrx_word' id='word_1_138' title='bbox 2248 555 2421 607; x_wconf 80' lang='lat' dir='ltr'><strong>:etatis</strong></span> <span class='ocrx_word' id='word_1_139' title='bbox 2450 555 2512 607; x_wconf 85' lang='lat' dir='ltr'><strong>ad</strong></span> <span class='ocrx_word' id='word_1_140' title='bbox 2537 555 2827 622; x_wconf 80' lang='lat' dir='ltr'><strong>regendum</strong></span> <span class='ocrx_word' id='word_1_141' title='bbox 2850 569 2911 608; x_wconf 88' lang='lat' dir='ltr'><strong>se</strong></span> <span class='ocrx_word' id='word_1_142' title='bbox 2936 554 3225 622; x_wconf 84' lang='lat' dir='ltr'><strong>probantur</strong></span> <span class='ocrx_word' id='word_1_143' title='bbox 3252 552 3469 606; x_wconf 86' lang='lat' dir='ltr'><strong>infirmi.</strong></span> <span class='ocrx_word' id='word_1_144' title='bbox 3487 549 3637 606; x_wconf 85' lang='lat' dir='ltr'><strong>Unde</strong></span> 
     </span>
    </p>
   </div>
   <div class='ocr_carea' id='block_1_20' title="bbox 2061 643 3642 714">
    <p class='ocr_par' dir='ltr' id='par_1_20' title="bbox 2061 643 3642 714">
     <span class='ocr_line' id='line_1_20' title="bbox 2061 643 3642 714; baseline 0.001 -20"><span class='ocrx_word' id='word_1_145' title='bbox 2061 654 2107 694; x_wconf 82' lang='lat' dir='ltr'><strong>et</strong></span> <span class='ocrx_word' id='word_1_146' title='bbox 2143 643 2340 710; x_wconf 78' lang='lat' dir='ltr'><strong>pUpilla</strong></span> <span class='ocrx_word' id='word_1_147' title='bbox 2364 648 2639 697; x_wconf 81' lang='lat' dir='ltr'><strong>oculorum</strong></span> <span class='ocrx_word' id='word_1_148' title='bbox 2663 646 2804 698; x_wconf 90' lang='lat' dir='ltr'><strong>dicta</strong></span> <span class='ocrx_word' id='word_1_149' title='bbox 2825 654 2929 709; x_wconf 91' lang='lat' dir='ltr'><strong>est,</strong></span> <span class='ocrx_word' id='word_1_150' title='bbox 2952 644 3071 714; x_wconf 83' lang='lat' dir='ltr'><strong>quia</strong></span> <span class='ocrx_word' id='word_1_151' title='bbox 3097 644 3314 697; x_wconf 89' lang='lat' dir='ltr'><strong>omnino</strong></span> <span class='ocrx_word' id='word_1_152' title='bbox 3341 646 3392 697; x_wconf 92' lang='lat' dir='ltr'><strong>in</strong></span> <span class='ocrx_word' id='word_1_153' title='bbox 3416 656 3642 711; x_wconf 84' lang='lat' dir='ltr'><strong>corpore</strong></span> 
     </span>
    </p>
   </div>
   <div class='ocr_carea' id='block_1_21' title="bbox 2063 734 2733 804">
    <p class='ocr_par' dir='ltr' id='par_1_21' title="bbox 2063 734 2733 804">
     <span class='ocr_line' id='line_1_21' title="bbox 2063 734 2733 804; baseline 0.007 -21"><span class='ocrx_word' id='word_1_154' title='bbox 2063 742 2247 785; x_wconf 90' lang='lat' dir='ltr'><strong>nostro</strong></span> <span class='ocrx_word' id='word_1_155' title='bbox 2277 734 2487 787; x_wconf 88' lang='lat' dir='ltr'><strong>videtur</strong></span> <span class='ocrx_word' id='word_1_156' title='bbox 2516 736 2733 804; x_wconf 81' lang='lat' dir='ltr'><strong>exigua.</strong></span> 
     </span>
    </p>
   </div>
   <div class='ocr_carea' id='block_1_22' title="bbox 2139 820 3635 895">
    <p class='ocr_par' dir='ltr' id='par_1_22' title="bbox 2139 820 3635 895">
     <span class='ocr_line' id='line_1_22' title="bbox 2139 820 3635 895; baseline 0.001 -21"><span class='ocrx_word' id='word_1_157' title='bbox 2139 822 2289 874; x_wconf 80' lang='lat' dir='ltr'><strong>Vers.</strong></span> <span class='ocrx_word' id='word_1_158' title='bbox 2310 822 2332 871; x_wconf 87' lang='lat' dir='ltr'><strong>l</strong></span> <span class='ocrx_word' id='word_1_159' title='bbox 2348 825 2394 875; x_wconf 82' lang='grc'><strong>1.</strong></span> <span class='ocrx_word' id='word_1_160' title='bbox 2417 820 2572 875; x_wconf 80' lang='lat' dir='ltr'><strong>Fiant</strong></span> <span class='ocrx_word' id='word_1_161' title='bbox 2592 824 2701 876; x_wconf 88' lang='lat' dir='ltr'><strong>nati</strong></span> <span class='ocrx_word' id='word_1_162' title='bbox 2724 827 2834 895; x_wconf 84' lang='lat' dir='ltr'><strong>ejus</strong></span> <span class='ocrx_word' id='word_1_163' title='bbox 2856 825 2907 876; x_wconf 91' lang='lat' dir='ltr'><strong>in</strong></span> <span class='ocrx_word' id='word_1_164' title='bbox 2924 824 3219 888; x_wconf 79' lang='lat' dir='ltr'><strong>interitum;</strong></span> <span class='ocrx_word' id='word_1_165' title='bbox 3241 824 3294 876; x_wconf 88' lang='lat' dir='ltr'><strong>in</strong></span> <span class='ocrx_word' id='word_1_166' title='bbox 3311 823 3635 893; x_wconf 81' lang='lat' dir='ltr'><strong>generatione</strong></span> 
     </span>
    </p>
   </div>
   <div class='ocr_carea' id='block_1_23' title="bbox 2062 909 3639 980">
    <p class='ocr_par' dir='ltr' id='par_1_23' title="bbox 2062 909 3639 980">
     <span class='ocr_line' id='line_1_23' title="bbox 2062 909 3639 980; baseline 0.001 -19"><span class='ocrx_word' id='word_1_167' title='bbox 2062 924 2166 962; x_wconf 90' lang='lat' dir='ltr'><strong>una</strong></span> <span class='ocrx_word' id='word_1_168' title='bbox 2194 909 2424 965; x_wconf 85' lang='lat' dir='ltr'><strong>deleatur</strong></span> <span class='ocrx_word' id='word_1_169' title='bbox 2454 927 2636 965; x_wconf 81' lang='lat' dir='ltr'><strong>nomen</strong></span> <span class='ocrx_word' id='word_1_170' title='bbox 2680 916 2809 979; x_wconf 84' lang='lat' dir='ltr'><strong>ejus.</strong></span> <span class='ocrx_word' id='word_1_171' title='bbox 2855 912 3083 966; x_wconf 83' lang='lat' dir='ltr'><strong>Eosdem</strong></span> <span class='ocrx_word' id='word_1_172' title='bbox 3132 920 3276 965; x_wconf 82' lang='lat' dir='ltr'><strong>natos</strong></span> <span class='ocrx_word' id='word_1_173' title='bbox 3316 911 3475 974; x_wconf 88' lang='lat' dir='ltr'><strong>dicit,</strong></span> <span class='ocrx_word' id='word_1_174' title='bbox 3505 924 3639 980; x_wconf 87' lang='lat' dir='ltr'><strong>quos</strong></span> 
     </span>
    </p>
   </div>
   <div class='ocr_carea' id='block_1_24' title="bbox 2063 1001 3638 1071">
    <p class='ocr_par' dir='ltr' id='par_1_24' title="bbox 2063 1001 3638 1071">
     <span class='ocr_line' id='line_1_24' title="bbox 2063 1001 3638 1071; baseline -0.001 -19"><span class='ocrx_word' id='word_1_175' title='bbox 2063 1002 2312 1069; x_wconf 87' lang='lat' dir='ltr'><strong>superius</strong></span> <span class='ocrx_word' id='word_1_176' title='bbox 2338 1002 2571 1070; x_wconf 83' lang='lat' dir='ltr'><strong>pupillos</strong></span> <span class='ocrx_word' id='word_1_177' title='bbox 2597 1004 2703 1067; x_wconf 73' lang='lat' dir='ltr'><strong>ait;</strong></span> <span class='ocrx_word' id='word_1_178' title='bbox 2734 1012 2789 1057; x_wconf 91' lang='lat' dir='ltr'><strong>et</strong></span> <span class='ocrx_word' id='word_1_179' title='bbox 2825 1003 3079 1071; x_wconf 87' lang='lat' dir='ltr'><strong>quoniam</strong></span> <span class='ocrx_word' id='word_1_180' title='bbox 3104 1003 3284 1056; x_wconf 86' lang='lat' dir='ltr'><strong>solent</strong></span> <span class='ocrx_word' id='word_1_181' title='bbox 3322 1001 3481 1070; x_wconf 82' lang='lat' dir='ltr'><strong>aliqui</strong></span> <span class='ocrx_word' id='word_1_182' title='bbox 3516 1016 3638 1068; x_wconf 76' lang='lat' dir='ltr'><strong>pec-</strong></span> 
     </span>
    </p>
   </div>
   <div class='ocr_carea' id='block_1_25' title="bbox 2063 1096 3639 1165">
    <p class='ocr_par' dir='ltr' id='par_1_25' title="bbox 2063 1096 3639 1165">
     <span class='ocr_line' id='line_1_25' title="bbox 2063 1096 3639 1165; baseline 0.001 -21"><span class='ocrx_word' id='word_1_183' title='bbox 2063 1101 2303 1147; x_wconf 88' lang='lat' dir='ltr'><strong>catorum</strong></span> <span class='ocrx_word' id='word_1_184' title='bbox 2326 1109 2496 1163; x_wconf 76' lang='lat' dir='ltr'><strong>genus</strong></span> <span class='ocrx_word' id='word_1_185' title='bbox 2517 1110 2815 1165; x_wconf 81' lang='lat' dir='ltr'><strong>propagare</strong></span> <span class='ocrx_word' id='word_1_186' title='bbox 2841 1096 3210 1164; x_wconf 82' lang='lat' dir='ltr'><strong>longinquum,</strong></span> <span class='ocrx_word' id='word_1_187' title='bbox 3233 1096 3402 1163; x_wconf 89' lang='lat' dir='ltr'><strong>ipsam</strong></span> <span class='ocrx_word' id='word_1_188' title='bbox 3428 1108 3639 1160; x_wconf 84' lang='lat' dir='ltr'><strong>quoque</strong></span> 
     </span>
    </p>
   </div>
   <div class='ocr_carea' id='block_1_26' title="bbox 2061 1179 3630 1252">
    <p class='ocr_par' dir='ltr' id='par_1_26' title="bbox 2061 1179 3630 1252">
     <span class='ocr_line' id='line_1_26' title="bbox 2061 1179 3630 1252; baseline -0.003 -17"><span class='ocrx_word' id='word_1_189' title='bbox 2061 1195 2213 1249; x_wconf 87' lang='lat' dir='ltr'><strong>spem</strong></span> <span class='ocrx_word' id='word_1_190' title='bbox 2246 1182 2349 1236; x_wconf 90' lang='lat' dir='ltr'><strong>illis</strong></span> <span class='ocrx_word' id='word_1_191' title='bbox 2378 1184 2710 1252; x_wconf 86' lang='lat' dir='ltr'><strong>posteritatis</strong></span> <span class='ocrx_word' id='word_1_192' title='bbox 2741 1183 2992 1248; x_wconf 81' lang='lat' dir='ltr'><strong>abscidit,</strong></span> <span class='ocrx_word' id='word_1_193' title='bbox 3018 1198 3083 1237; x_wconf 92' lang='lat' dir='ltr'><strong>ne</strong></span> <span class='ocrx_word' id='word_1_194' title='bbox 3106 1199 3211 1252; x_wconf 90' lang='lat' dir='ltr'><strong>quo</strong></span> <span class='ocrx_word' id='word_1_195' title='bbox 3238 1198 3295 1236; x_wconf 86' lang='lat' dir='ltr'><strong>se</strong></span> <span class='ocrx_word' id='word_1_196' title='bbox 3321 1182 3461 1236; x_wconf 89' lang='lat' dir='ltr'><strong>bono</strong></span> <span class='ocrx_word' id='word_1_197' title='bbox 3487 1179 3630 1251; x_wconf 86' lang='lat' dir='ltr'><strong>[mss.</strong></span> 
     </span>
    </p>
   </div>
   <div class='ocr_carea' id='block_1_27' title="bbox 2062 1269 3632 1343">
    <p class='ocr_par' dir='ltr' id='par_1_27' title="bbox 2062 1269 3632 1343">
     <span class='ocr_line' id='line_1_27' title="bbox 2062 1269 3632 1343; baseline -0.006 -14"><span class='ocrx_word' id='word_1_198' title='bbox 2062 1272 2151 1335; x_wconf 84' lang='lat' dir='ltr'><strong>A.,</strong></span> <span class='ocrx_word' id='word_1_199' title='bbox 2177 1269 2265 1336; x_wconf 88' lang='lat' dir='ltr'><strong>B.,</strong></span> <span class='ocrx_word' id='word_1_200' title='bbox 2297 1274 2485 1340; x_wconf 87' lang='lat' dir='ltr'><strong>quovis</strong></span> <span class='ocrx_word' id='word_1_201' title='bbox 2532 1273 2691 1343; x_wconf 79' lang='lat' dir='ltr'><strong>bono]</strong></span> <span class='ocrx_word' id='word_1_202' title='bbox 2735 1284 2938 1327; x_wconf 82' lang='lat' dir='ltr'><strong>mentes</strong></span> <span class='ocrx_word' id='word_1_203' title='bbox 2968 1274 3218 1343; x_wconf 70' lang='lat' dir='ltr'><strong>pessima:</strong></span> <span class='ocrx_word' id='word_1_204' title='bbox 3264 1271 3632 1325; x_wconf 83' lang='lat' dir='ltr'><strong>consolentur.</strong></span> 
     </span>
    </p>
   </div>
   <div class='ocr_carea' id='block_1_28' title="bbox 2065 1358 3641 1431">
    <p class='ocr_par' dir='ltr' id='par_1_28' title="bbox 2065 1358 3641 1431">
     <span class='ocr_line' id='line_1_28' title="bbox 2065 1358 3641 1431; baseline -0.003 -19"><span class='ocrx_word' id='word_1_205' title='bbox 2065 1358 2191 1413; x_wconf 89' lang='lat' dir='ltr'><strong>Sive</strong></span> <span class='ocrx_word' id='word_1_206' title='bbox 2216 1361 2384 1429; x_wconf 83' lang='lat' dir='ltr'><strong>magis</strong></span> <span class='ocrx_word' id='word_1_207' title='bbox 2414 1377 2516 1414; x_wconf 87' lang='lat' dir='ltr'><strong>una</strong></span> <span class='ocrx_word' id='word_1_208' title='bbox 2556 1363 2818 1431; x_wconf 84' lang='lat' dir='ltr'><strong>generatio</strong></span> <span class='ocrx_word' id='word_1_209' title='bbox 2866 1362 2958 1415; x_wconf 88' lang='lat' dir='ltr'><strong>illa</strong></span> <span class='ocrx_word' id='word_1_210' title='bbox 3008 1362 3232 1416; x_wconf 90' lang='lat' dir='ltr'><strong>dicenda</strong></span> <span class='ocrx_word' id='word_1_211' title='bbox 3274 1368 3390 1425; x_wconf 87' lang='lat' dir='ltr'><strong>est,</strong></span> <span class='ocrx_word' id='word_1_212' title='bbox 3428 1358 3641 1428; x_wconf 77' lang='lat' dir='ltr'><strong>quando</strong></span> 
     </span>
    </p>
   </div>
   <div class='ocr_carea' id='block_1_29' title="bbox 2066 1449 3637 1523">
    <p class='ocr_par' dir='ltr' id='par_1_29' title="bbox 2066 1449 3637 1523">
     <span class='ocr_line' id='line_1_29' title="bbox 2066 1449 3637 1523; baseline -0.004 -18"><span class='ocrx_word' id='word_1_213' title='bbox 2066 1452 2336 1505; x_wconf 89' lang='lat' dir='ltr'><strong>nascimur</strong></span> <span class='ocrx_word' id='word_1_214' title='bbox 2365 1452 2420 1505; x_wconf 88' lang='lat' dir='ltr'><strong>in</strong></span> <span class='ocrx_word' id='word_1_215' title='bbox 2448 1455 2703 1523; x_wconf 82' lang='lat' dir='ltr'><strong>peccatis.</strong></span> <span class='ocrx_word' id='word_1_216' title='bbox 2741 1452 2806 1506; x_wconf 85' lang='lat' dir='ltr'><strong>Et</strong></span> <span class='ocrx_word' id='word_1_217' title='bbox 2839 1453 2961 1506; x_wconf 92' lang='lat' dir='ltr'><strong>ideo</strong></span> <span class='ocrx_word' id='word_1_218' title='bbox 2993 1454 3123 1520; x_wconf 87' lang='lat' dir='ltr'><strong>petit</strong></span> <span class='ocrx_word' id='word_1_219' title='bbox 3151 1461 3209 1505; x_wconf 91' lang='lat' dir='ltr'><strong>ut</strong></span> <span class='ocrx_word' id='word_1_220' title='bbox 3238 1449 3302 1504; x_wconf 90' lang='lat' dir='ltr'><strong>ad</strong></span> <span class='ocrx_word' id='word_1_221' title='bbox 3330 1449 3637 1513; x_wconf 80' lang='lat' dir='ltr'><strong>secundam,</strong></span> 
     </span>
    </p>
   </div>
   <div class='ocr_carea' id='block_1_30' title="bbox 2066 1538 3638 1610">
    <p class='ocr_par' dir='ltr' id='par_1_30' title="bbox 2066 1538 3638 1610">
     <span class='ocr_line' id='line_1_30' title="bbox 2066 1538 3638 1610; baseline -0.004 -15"><span class='ocrx_word' id='word_1_222' title='bbox 2066 1542 2117 1595; x_wconf 91' lang='lat' dir='ltr'><strong>id</strong></span> <span class='ocrx_word' id='word_1_223' title='bbox 2149 1551 2231 1596; x_wconf 90' lang='lat' dir='ltr'><strong>est</strong></span> <span class='ocrx_word' id='word_1_224' title='bbox 2259 1542 2718 1610; x_wconf 82' lang='lat' dir='ltr'><strong>regenerationem</strong></span> <span class='ocrx_word' id='word_1_225' title='bbox 2751 1556 2857 1595; x_wconf 89' lang='lat' dir='ltr'><strong>non</strong></span> <span class='ocrx_word' id='word_1_226' title='bbox 2889 1542 3209 1610; x_wconf 86' lang='lat' dir='ltr'><strong>perveniant</strong></span> <span class='ocrx_word' id='word_1_227' title='bbox 3237 1540 3349 1609; x_wconf 87' lang='lat' dir='ltr'><strong>(qui</strong></span> <span class='ocrx_word' id='word_1_228' title='bbox 3382 1551 3558 1593; x_wconf 89' lang='lat' dir='ltr'><strong>tamen</strong></span> <span class='ocrx_word' id='word_1_229' title='bbox 3588 1538 3638 1590; x_wconf 91' lang='lat' dir='ltr'><strong>in</strong></span> 
     </span>
    </p>
   </div>
   <div class='ocr_carea' id='block_1_31' title="bbox 2067 1632 3637 1702">
    <p class='ocr_par' dir='ltr' id='par_1_31' title="bbox 2067 1632 3637 1702">
     <span class='ocr_line' id='line_1_31' title="bbox 2067 1632 3637 1702; baseline -0.002 -18"><span class='ocrx_word' id='word_1_230' title='bbox 2067 1632 2537 1701; x_wconf 69' lang='lat' dir='ltr'><strong>prmdestinatione</strong></span> <span class='ocrx_word' id='word_1_231' title='bbox 2576 1633 2776 1702; x_wconf 89' lang='lat' dir='ltr'><strong>repulsi</strong></span> <span class='ocrx_word' id='word_1_232' title='bbox 2832 1632 3011 1701; x_wconf 88' lang='lat' dir='ltr'><strong>sunt),</strong></span> <span class='ocrx_word' id='word_1_233' title='bbox 3066 1640 3122 1684; x_wconf 89' lang='lat' dir='ltr'><strong>ut</strong></span> <span class='ocrx_word' id='word_1_234' title='bbox 3158 1632 3211 1685; x_wconf 92' lang='lat' dir='ltr'><strong>in</strong></span> <span class='ocrx_word' id='word_1_235' title='bbox 3254 1632 3419 1697; x_wconf 90' lang='lat' dir='ltr'><strong>prima</strong></span> <span class='ocrx_word' id='word_1_236' title='bbox 3450 1643 3637 1698; x_wconf 83' lang='lat' dir='ltr'><strong>pecca—</strong></span> 
     </span>
    </p>
   </div>
   <div class='ocr_carea' id='block_1_32' title="bbox 2066 1716 3641 1790">
    <p class='ocr_par' dir='ltr' id='par_1_32' title="bbox 2066 1716 3641 1790">
     <span class='ocr_line' id='line_1_32' title="bbox 2066 1716 3641 1790; baseline -0.003 -17"><span class='ocrx_word' id='word_1_237' title='bbox 2066 1729 2240 1773; x_wconf 87' lang='lat' dir='ltr'><strong>torum</strong></span> <span class='ocrx_word' id='word_1_238' title='bbox 2264 1736 2483 1774; x_wconf 87' lang='lat' dir='ltr'><strong>suorum</strong></span> <span class='ocrx_word' id='word_1_239' title='bbox 2511 1721 2644 1776; x_wconf 53' lang='lat' dir='ltr'><strong>faece</strong></span> <span class='ocrx_word' id='word_1_240' title='bbox 2671 1721 3006 1790; x_wconf 90' lang='lat' dir='ltr'><strong>dispereant,</strong></span> <span class='ocrx_word' id='word_1_241' title='bbox 3033 1734 3134 1775; x_wconf 90' lang='lat' dir='ltr'><strong>nec</strong></span> <span class='ocrx_word' id='word_1_242' title='bbox 3157 1718 3407 1773; x_wconf 65' lang='lat' dir='ltr'><strong>secundae</strong></span> <span class='ocrx_word' id='word_1_243' title='bbox 3454 1716 3641 1769; x_wconf 83' lang='lat' dir='ltr'><strong>nativi-</strong></span> 
     </span>
    </p>
   </div>
   <div class='ocr_carea' id='block_1_33' title="bbox 384 1808 3644 1886">
    <p class='ocr_par' dir='ltr' id='par_1_33' title="bbox 384 1808 3644 1886">
     <span class='ocr_line' id='line_1_33' title="bbox 384 1808 3644 1886; baseline -0.003 -15"><span class='ocrx_word' id='word_1_244' title='bbox 384 1817 704 1883; x_wconf 65' lang='lat' dir='ltr'><strong>cunibentc,</strong></span> <span class='ocrx_word' id='word_1_245' title='bbox 736 1817 1015 1873; x_wconf 69' lang='lat' dir='ltr'><strong>affectibus</strong></span> <span class='ocrx_word' id='word_1_246' title='bbox 1055 1818 1172 1886; x_wconf 89' lang='lat' dir='ltr'><strong>ejus</strong></span> <span class='ocrx_word' id='word_1_247' title='bbox 1214 1820 1330 1872; x_wconf 89' lang='lat' dir='ltr'><strong>sine</strong></span> <span class='ocrx_word' id='word_1_248' title='bbox 1369 1818 1532 1872; x_wconf 85' lang='lat' dir='ltr'><strong>dubio</strong></span> <span class='ocrx_word' id='word_1_249' title='bbox 1561 1817 1686 1871; x_wconf 88' lang='lat' dir='ltr'><strong>talia</strong></span> <span class='ocrx_word' id='word_1_250' title='bbox 1729 1816 1968 1885; x_wconf 83' lang='lat' dir='ltr'><strong>contige-</strong></span> <span class='ocrx_word' id='word_1_251' title='bbox 1998 1821 2041 1878; x_wconf 79' lang='grc' dir='ltr'><strong>Β</strong></span> <span class='ocrx_word' id='word_1_252' title='bbox 2070 1812 2196 1864; x_wconf 84' lang='lat' dir='ltr'><strong>tatis</strong></span> <span class='ocrx_word' id='word_1_253' title='bbox 2227 1812 2486 1869; x_wconf 72' lang='lat' dir='ltr'><strong>beneﬁcio</strong></span> <span class='ocrx_word' id='word_1_254' title='bbox 2514 1814 2759 1881; x_wconf 85' lang='lat' dir='ltr'><strong>laqueum</strong></span> <span class='ocrx_word' id='word_1_255' title='bbox 2802 1814 2993 1867; x_wconf 89' lang='lat' dir='ltr'><strong>mortis</strong></span> <span class='ocrx_word' id='word_1_256' title='bbox 3034 1811 3285 1866; x_wconf 80' lang='lat' dir='ltr'><strong>evadant.</strong></span> <span class='ocrx_word' id='word_1_257' title='bbox 3313 1808 3419 1865; x_wconf 85' lang='lat' dir='ltr'><strong>Sed</strong></span> <span class='ocrx_word' id='word_1_258' title='bbox 3449 1809 3562 1862; x_wconf 76' lang='lat' dir='ltr'><strong>haec</strong></span> <span class='ocrx_word' id='word_1_259' title='bbox 3591 1819 3644 1861; x_wconf 91' lang='lat' dir='ltr'><strong>et</strong></span> 
     </span>
    </p>
   </div>
   <div class='ocr_carea' id='block_1_34' title="bbox 388 1907 1963 1977">
    <p class='ocr_par' dir='ltr' id='par_1_34' title="bbox 388 1907 1963 1977">
     <span class='ocr_line' id='line_1_34' title="bbox 388 1907 1963 1977; baseline -0.003 -16"><span class='ocrx_word' id='word_1_260' title='bbox 388 1917 532 1975; x_wconf 87' lang='lat' dir='ltr'><strong>runt,</strong></span> <span class='ocrx_word' id='word_1_261' title='bbox 564 1916 623 1962; x_wconf 92' lang='lat' dir='ltr'><strong>ut</strong></span> <span class='ocrx_word' id='word_1_262' title='bbox 646 1909 799 1961; x_wconf 85' lang='lat' dir='ltr'><strong>vidua</strong></span> <span class='ocrx_word' id='word_1_263' title='bbox 828 1910 972 1977; x_wconf 82' lang='lat' dir='ltr'><strong>ﬁeret</strong></span> <span class='ocrx_word' id='word_1_264' title='bbox 1002 1926 1129 1962; x_wconf 69' lang='lat' dir='ltr'><strong>uxor</strong></span> <span class='ocrx_word' id='word_1_265' title='bbox 1156 1908 1362 1971; x_wconf 90' lang='lat' dir='ltr'><strong>relicta,</strong></span> <span class='ocrx_word' id='word_1_266' title='bbox 1391 1917 1444 1962; x_wconf 91' lang='lat' dir='ltr'><strong>et</strong></span> <span class='ocrx_word' id='word_1_267' title='bbox 1480 1908 1575 1975; x_wconf 76' lang='lat' dir='ltr'><strong>ﬁlii</strong></span> <span class='ocrx_word' id='word_1_268' title='bbox 1602 1907 1816 1977; x_wconf 86' lang='lat' dir='ltr'><strong>orphani</strong></span> <span class='ocrx_word' id='word_1_269' title='bbox 1845 1920 1963 1960; x_wconf 88' lang='lat' dir='ltr'><strong>cum</strong></span> 
     </span>
    </p>
   </div>
   <div class='ocr_carea' id='block_1_35' title="bbox 388 1994 1967 2066">
    <p class='ocr_par' dir='ltr' id='par_1_35' title="bbox 388 1994 1967 2066">
     <span class='ocr_line' id='line_1_35' title="bbox 388 1994 1967 2066; baseline -0.002 -15"><span class='ocrx_word' id='word_1_270' title='bbox 388 2008 542 2066; x_wconf 84' lang='lat' dir='ltr'><strong>patre</strong></span> <span class='ocrx_word' id='word_1_271' title='bbox 567 1999 887 2053; x_wconf 85' lang='lat' dir='ltr'><strong>caruissent.</strong></span> <span class='ocrx_word' id='word_1_272' title='bbox 909 1999 1060 2065; x_wconf 87' lang='lat' dir='ltr'><strong>Quod</strong></span> <span class='ocrx_word' id='word_1_273' title='bbox 1085 1999 1128 2051; x_wconf 90' lang='lat' dir='ltr'><strong>si</strong></span> <span class='ocrx_word' id='word_1_274' title='bbox 1152 1998 1217 2050; x_wconf 92' lang='lat' dir='ltr'><strong>ad</strong></span> <span class='ocrx_word' id='word_1_275' title='bbox 1239 1997 1572 2066; x_wconf 89' lang='lat' dir='ltr'><strong>spiritualem</strong></span> <span class='ocrx_word' id='word_1_276' title='bbox 1597 2010 1813 2050; x_wconf 88' lang='lat' dir='ltr'><strong>sensum</strong></span> <span class='ocrx_word' id='word_1_277' title='bbox 1835 1994 1967 2049; x_wconf 87' lang='lat' dir='ltr'><strong>velis</strong></span> 
     </span>
    </p>
   </div>
   <div class='ocr_carea' id='block_1_36' title="bbox 390 2085 1965 2157">
    <p class='ocr_par' dir='ltr' id='par_1_36' title="bbox 390 2085 1965 2157">
     <span class='ocr_line' id='line_1_36' title="bbox 390 2085 1965 2157; baseline -0.001 -18"><span class='ocrx_word' id='word_1_278' title='bbox 390 2086 627 2153; x_wconf 79' lang='lat' dir='ltr'><strong>referre,</strong></span> <span class='ocrx_word' id='word_1_279' title='bbox 653 2086 755 2154; x_wconf 81' lang='lat' dir='ltr'><strong>ﬁlii</strong></span> <span class='ocrx_word' id='word_1_280' title='bbox 800 2097 1022 2157; x_wconf 88' lang='lat' dir='ltr'><strong>possunt</strong></span> <span class='ocrx_word' id='word_1_281' title='bbox 1062 2088 1281 2155; x_wconf 79' lang='lat' dir='ltr'><strong>intelligi</strong></span> <span class='ocrx_word' id='word_1_282' title='bbox 1314 2087 1404 2156; x_wconf 88' lang='lat' dir='ltr'><strong>qui</strong></span> <span class='ocrx_word' id='word_1_283' title='bbox 1435 2102 1556 2141; x_wconf 92' lang='lat' dir='ltr'><strong>eum</strong></span> <span class='ocrx_word' id='word_1_284' title='bbox 1585 2087 1638 2140; x_wconf 94' lang='lat' dir='ltr'><strong>in</strong></span> <span class='ocrx_word' id='word_1_285' title='bbox 1678 2086 1766 2139; x_wconf 88' lang='lat' dir='ltr'><strong>illa</strong></span> <span class='ocrx_word' id='word_1_286' title='bbox 1802 2085 1965 2139; x_wconf 82' lang='lat' dir='ltr'><strong>tradi-</strong></span> 
     </span>
    </p>
   </div>
   <div class='ocr_carea' id='block_1_37' title="bbox 388 2176 1966 2246">
    <p class='ocr_par' dir='ltr' id='par_1_37' title="bbox 388 2176 1966 2246">
     <span class='ocr_line' id='line_1_37' title="bbox 388 2176 1966 2246; baseline 0 -16"><span class='ocrx_word' id='word_1_287' title='bbox 388 2178 534 2232; x_wconf 89' lang='lat' dir='ltr'><strong>tione</strong></span> <span class='ocrx_word' id='word_1_288' title='bbox 563 2179 733 2233; x_wconf 85' lang='lat' dir='ltr'><strong>secuti</strong></span> <span class='ocrx_word' id='word_1_289' title='bbox 783 2188 907 2232; x_wconf 90' lang='lat' dir='ltr'><strong>sunt</strong></span> <span class='ocrx_word' id='word_1_290' title='bbox 954 2197 967 2230; x_wconf 89' lang='lat'><strong>:</strong></span> <span class='ocrx_word' id='word_1_291' title='bbox 1001 2195 1130 2232; x_wconf 79' lang='lat' dir='ltr'><strong>uxor</strong></span> <span class='ocrx_word' id='word_1_292' title='bbox 1174 2178 1422 2233; x_wconf 86' lang='lat' dir='ltr'><strong>voluntas</strong></span> <span class='ocrx_word' id='word_1_293' title='bbox 1448 2217 1462 2240; x_wconf 89' lang='lat'><strong>,</strong></span> <span class='ocrx_word' id='word_1_294' title='bbox 1501 2193 1621 2246; x_wconf 75' lang='lat' dir='ltr'><strong>qua:</strong></span> <span class='ocrx_word' id='word_1_295' title='bbox 1654 2176 1809 2231; x_wconf 90' lang='lat' dir='ltr'><strong>nobis</strong></span> <span class='ocrx_word' id='word_1_296' title='bbox 1848 2186 1966 2230; x_wconf 80' lang='lat' dir='ltr'><strong>tan-</strong></span> 
     </span>
    </p>
   </div>
   <div class='ocr_carea' id='block_1_38' title="bbox 388 2267 1969 2339">
    <p class='ocr_par' dir='ltr' id='par_1_38' title="bbox 388 2267 1969 2339">
     <span class='ocr_line' id='line_1_38' title="bbox 388 2267 1969 2339; baseline -0.001 -18"><span class='ocrx_word' id='word_1_297' title='bbox 388 2284 549 2338; x_wconf 84' lang='lat' dir='ltr'><strong>quam</strong></span> <span class='ocrx_word' id='word_1_298' title='bbox 571 2269 765 2339; x_wconf 82' lang='lat' dir='ltr'><strong>conjux</strong></span> <span class='ocrx_word' id='word_1_299' title='bbox 805 2285 1016 2339; x_wconf 87' lang='lat' dir='ltr'><strong>semper</strong></span> <span class='ocrx_word' id='word_1_300' title='bbox 1042 2270 1288 2338; x_wconf 86' lang='lat' dir='ltr'><strong>adjuncta</strong></span> <span class='ocrx_word' id='word_1_301' title='bbox 1318 2280 1401 2322; x_wconf 90' lang='lat' dir='ltr'><strong>est</strong></span> <span class='ocrx_word' id='word_1_302' title='bbox 1429 2284 1444 2322; x_wconf 74' lang='grc' dir='ltr'>ε</span> <span class='ocrx_word' id='word_1_303' title='bbox 1474 2269 1541 2323; x_wconf 85' lang='lat' dir='ltr'><strong>de</strong></span> <span class='ocrx_word' id='word_1_304' title='bbox 1565 2283 1668 2337; x_wconf 89' lang='lat' dir='ltr'><strong>qua</strong></span> <span class='ocrx_word' id='word_1_305' title='bbox 1716 2267 1855 2321; x_wconf 89' lang='lat' dir='ltr'><strong>ﬁlios</strong></span> <span class='ocrx_word' id='word_1_306' title='bbox 1877 2283 1969 2335; x_wconf 89' lang='lat' dir='ltr'><strong>pa-</strong></span> 
     </span>
    </p>
   </div>
   <div class='ocr_carea' id='block_1_39' title="bbox 390 2359 1965 2430">
    <p class='ocr_par' dir='ltr' id='par_1_39' title="bbox 390 2359 1965 2430">
     <span class='ocr_line' id='line_1_39' title="bbox 390 2359 1965 2430; baseline 0.001 -18"><span class='ocrx_word' id='word_1_307' title='bbox 390 2361 559 2414; x_wconf 91' lang='lat' dir='ltr'><strong>rimus</strong></span> <span class='ocrx_word' id='word_1_308' title='bbox 588 2401 603 2427; x_wconf 93' lang='lat'><strong>,</strong></span> <span class='ocrx_word' id='word_1_309' title='bbox 645 2376 763 2415; x_wconf 90' lang='lat' dir='ltr'><strong>cum</strong></span> <span class='ocrx_word' id='word_1_310' title='bbox 790 2375 953 2430; x_wconf 87' lang='lat' dir='ltr'><strong>opera</strong></span> <span class='ocrx_word' id='word_1_311' title='bbox 985 2367 1193 2427; x_wconf 89' lang='lat' dir='ltr'><strong>nostra,</strong></span> <span class='ocrx_word' id='word_1_312' title='bbox 1218 2360 1367 2428; x_wconf 91' lang='lat' dir='ltr'><strong>quasi</strong></span> <span class='ocrx_word' id='word_1_313' title='bbox 1401 2359 1630 2427; x_wconf 89' lang='lat' dir='ltr'><strong>quodam</strong></span> <span class='ocrx_word' id='word_1_314' title='bbox 1661 2364 1845 2413; x_wconf 88' lang='lat' dir='ltr'><strong>ventre</strong></span> <span class='ocrx_word' id='word_1_315' title='bbox 1872 2372 1965 2426; x_wconf 83' lang='lat' dir='ltr'><strong>ge-</strong></span> 
     </span>
    </p>
   </div>
   <div class='ocr_carea' id='block_1_40' title="bbox 390 2467 659 2506">
    <p class='ocr_par' dir='ltr' id='par_1_40' title="bbox 390 2467 659 2506">
     <span class='ocr_line' id='line_1_40' title="bbox 390 2467 659 2506; baseline 0.007 -2"><span class='ocrx_word' id='word_1_316' title='bbox 390 2467 659 2506; x_wconf 85' lang='lat' dir='ltr'><strong>neratnus.</strong></span> 
     </span>
    </p>
   </div>
   <div class='ocr_carea' id='block_1_41' title="bbox 469 2541 1969 2612">
    <p class='ocr_par' dir='ltr' id='par_1_41' title="bbox 469 2541 1969 2612">
     <span class='ocr_line' id='line_1_41' title="bbox 469 2541 1969 2612; baseline -0.001 -17"><span class='ocrx_word' id='word_1_317' title='bbox 469 2541 618 2597; x_wconf 78' lang='lat' dir='ltr'><strong>Veis.</strong></span> <span class='ocrx_word' id='word_1_318' title='bbox 643 2542 697 2597; x_wconf 86' lang='lat'><strong>8.</strong></span> <span class='ocrx_word' id='word_1_319' title='bbox 739 2541 986 2596; x_wconf 88' lang='lat' dir='ltr'><strong>Commoti</strong></span> <span class='ocrx_word' id='word_1_320' title='bbox 1014 2550 1341 2596; x_wconf 74' lang='lat' dir='ltr'><strong>amoveantur</strong></span> <span class='ocrx_word' id='word_1_321' title='bbox 1375 2541 1472 2609; x_wconf 80' lang='lat' dir='ltr'><strong>ﬁlii</strong></span> <span class='ocrx_word' id='word_1_322' title='bbox 1513 2544 1653 2612; x_wconf 90' lang='lat' dir='ltr'><strong>ejus,</strong></span> <span class='ocrx_word' id='word_1_323' title='bbox 1690 2550 1737 2595; x_wconf 89' lang='lat' dir='ltr'><strong>et</strong></span> <span class='ocrx_word' id='word_1_324' title='bbox 1777 2542 1969 2594; x_wconf 86' lang='lat' dir='ltr'><strong>mendi-</strong></span> 
     </span>
    </p>
   </div>
   <div class='ocr_carea' id='block_1_42' title="bbox 386 2633 1970 2703">
    <p class='ocr_par' dir='ltr' id='par_1_42' title="bbox 386 2633 1970 2703">
     <span class='ocr_line' id='line_1_42' title="bbox 386 2633 1970 2703; baseline 0.002 -18"><span class='ocrx_word' id='word_1_325' title='bbox 386 2642 534 2687; x_wconf 82' lang='lat' dir='ltr'><strong>cent:</strong></span> <span class='ocrx_word' id='word_1_326' title='bbox 564 2634 839 2703; x_wconf 85' lang='lat' dir='ltr'><strong>ejiciantur</strong></span> <span class='ocrx_word' id='word_1_327' title='bbox 873 2634 936 2686; x_wconf 86' lang='lat' dir='ltr'><strong>de</strong></span> <span class='ocrx_word' id='word_1_328' title='bbox 974 2634 1367 2686; x_wconf 79' lang='lat' dir='ltr'><strong>habitationibus</strong></span> <span class='ocrx_word' id='word_1_329' title='bbox 1401 2633 1525 2686; x_wconf 89' lang='lat' dir='ltr'><strong>suis.</strong></span> <span class='ocrx_word' id='word_1_330' title='bbox 1572 2633 1652 2685; x_wconf 79' lang='lat' dir='ltr'><strong>Ad</strong></span> <span class='ocrx_word' id='word_1_331' title='bbox 1688 2641 1970 2700; x_wconf 85' lang='lat' dir='ltr'><strong>utrumque</strong></span> 
     </span>
    </p>
   </div>
   <div class='ocr_carea' id='block_1_43' title="bbox 388 2721 1972 2791">
    <p class='ocr_par' dir='ltr' id='par_1_43' title="bbox 388 2721 1972 2791">
     <span class='ocr_line' id='line_1_43' title="bbox 388 2721 1972 2791; baseline 0.003 -18"><span class='ocrx_word' id='word_1_332' title='bbox 388 2722 537 2787; x_wconf 84' lang='lat' dir='ltr'><strong>quod</strong></span> <span class='ocrx_word' id='word_1_333' title='bbox 561 2721 761 2775; x_wconf 84' lang='lat' dir='ltr'><strong>dietum</strong></span> <span class='ocrx_word' id='word_1_334' title='bbox 789 2731 874 2776; x_wconf 89' lang='lat' dir='ltr'><strong>est</strong></span> <span class='ocrx_word' id='word_1_335' title='bbox 917 2725 1117 2791; x_wconf 91' lang='lat' dir='ltr'><strong>poterit</strong></span> <span class='ocrx_word' id='word_1_336' title='bbox 1158 2722 1427 2791; x_wconf 89' lang='lat' dir='ltr'><strong>pertinere</strong></span> <span class='ocrx_word' id='word_1_337' title='bbox 1453 2765 1465 2789; x_wconf 93' lang='lat'><strong>,</strong></span> <span class='ocrx_word' id='word_1_338' title='bbox 1498 2722 1609 2776; x_wconf 92' lang='lat' dir='ltr'><strong>sive</strong></span> <span class='ocrx_word' id='word_1_339' title='bbox 1633 2724 1698 2774; x_wconf 87' lang='lat' dir='ltr'><strong>ad</strong></span> <span class='ocrx_word' id='word_1_340' title='bbox 1727 2723 1972 2777; x_wconf 89' lang='lat' dir='ltr'><strong>carnales</strong></span> 
     </span>
    </p>
   </div>
   <div class='ocr_carea' id='block_1_44' title="bbox 384 2812 1972 2882">
    <p class='ocr_par' dir='ltr' id='par_1_44' title="bbox 384 2812 1972 2882">
     <span class='ocr_line' id='line_1_44' title="bbox 384 2812 1972 2882; baseline 0.001 -17"><span class='ocrx_word' id='word_1_341' title='bbox 384 2814 535 2866; x_wconf 84' lang='lat' dir='ltr'><strong>filios</strong></span> <span class='ocrx_word' id='word_1_342' title='bbox 564 2853 580 2877; x_wconf 92' lang='lat'><strong>,</strong></span> <span class='ocrx_word' id='word_1_343' title='bbox 610 2813 725 2868; x_wconf 91' lang='lat' dir='ltr'><strong>sive</strong></span> <span class='ocrx_word' id='word_1_344' title='bbox 749 2813 814 2866; x_wconf 92' lang='lat' dir='ltr'><strong>ad</strong></span> <span class='ocrx_word' id='word_1_345' title='bbox 858 2829 1017 2882; x_wconf 85' lang='lat' dir='ltr'><strong>opera</strong></span> <span class='ocrx_word' id='word_1_346' title='bbox 1063 2824 1265 2870; x_wconf 87' lang='lat' dir='ltr'><strong>nostra.</strong></span> <span class='ocrx_word' id='word_1_347' title='bbox 1296 2812 1547 2867; x_wconf 87' lang='lat' dir='ltr'><strong>Commoti</strong></span> <span class='ocrx_word' id='word_1_348' title='bbox 1567 2812 1829 2882; x_wconf 83' lang='lat' dir='ltr'><strong>signiﬁcat</strong></span> <span class='ocrx_word' id='word_1_349' title='bbox 1856 2813 1972 2867; x_wconf 89' lang='lat' dir='ltr'><strong>vio-</strong></span> 
     </span>
    </p>
   </div>
   <div class='ocr_carea' id='block_1_45' title="bbox 384 2902 1972 2973">
    <p class='ocr_par' dir='ltr' id='par_1_45' title="bbox 384 2902 1972 2973">
     <span class='ocr_line' id='line_1_45' title="bbox 384 2902 1972 2973; baseline 0.002 -19"><span class='ocrx_word' id='word_1_350' title='bbox 384 2902 563 2956; x_wconf 91' lang='lat' dir='ltr'><strong>lenter</strong></span> <span class='ocrx_word' id='word_1_351' title='bbox 590 2903 832 2971; x_wconf 84' lang='lat' dir='ltr'><strong>expulsi;</strong></span> <span class='ocrx_word' id='word_1_352' title='bbox 863 2913 919 2957; x_wconf 92' lang='lat' dir='ltr'><strong>ut</strong></span> <span class='ocrx_word' id='word_1_353' title='bbox 948 2903 1049 2958; x_wconf 88' lang='lat' dir='ltr'><strong>hoc</strong></span> <span class='ocrx_word' id='word_1_354' title='bbox 1072 2904 1310 2973; x_wconf 72' lang='lat' dir='ltr'><strong>graviter</strong></span> <span class='ocrx_word' id='word_1_355' title='bbox 1336 2904 1569 2965; x_wconf 89' lang='lat' dir='ltr'><strong>doleant,</strong></span> <span class='ocrx_word' id='word_1_356' title='bbox 1604 2904 1742 2972; x_wconf 86' lang='lat' dir='ltr'><strong>quod</strong></span> <span class='ocrx_word' id='word_1_357' title='bbox 1767 2904 1972 2972; x_wconf 83' lang='lat' dir='ltr'><strong>patiun-</strong></span> 
     </span>
    </p>
   </div>
   <div class='ocr_carea' id='block_1_46' title="bbox 387 2992 1967 3063">
    <p class='ocr_par' dir='ltr' id='par_1_46' title="bbox 387 2992 1967 3063">
     <span class='ocr_line' id='line_1_46' title="bbox 387 2992 1967 3063; baseline 0.005 -20"><span class='ocrx_word' id='word_1_358' title='bbox 387 3002 478 3045; x_wconf 89' lang='lat' dir='ltr'><strong>tur</strong></span> <span class='ocrx_word' id='word_1_359' title='bbox 507 2992 682 3047; x_wconf 89' lang='lat' dir='ltr'><strong>inviti.</strong></span> <span class='ocrx_word' id='word_1_360' title='bbox 722 2992 1053 3063; x_wconf 80' lang='lat' dir='ltr'><strong>Mendicent,</strong></span> <span class='ocrx_word' id='word_1_361' title='bbox 1085 2995 1345 3050; x_wconf 87' lang='lat' dir='ltr'><strong>bonarum</strong></span> <span class='ocrx_word' id='word_1_362' title='bbox 1396 3011 1576 3049; x_wconf 89' lang='lat' dir='ltr'><strong>rerum</strong></span> <span class='ocrx_word' id='word_1_363' title='bbox 1621 2996 1967 3063; x_wconf 81' lang='lat' dir='ltr'><strong>indigentiam</strong></span> 
     </span>
    </p>
   </div>
   <div class='ocr_carea' id='block_1_47' title="bbox 387 3082 1975 3157">
    <p class='ocr_par' dir='ltr' id='par_1_47' title="bbox 387 3082 1975 3157">
     <span class='ocr_line' id='line_1_47' title="bbox 387 3082 1975 3157; baseline 0.006 -23"><span class='ocrx_word' id='word_1_364' title='bbox 387 3082 686 3152; x_wconf 77' lang='lat' dir='ltr'><strong>signiﬁcat,</strong></span> <span class='ocrx_word' id='word_1_365' title='bbox 720 3098 776 3140; x_wconf 91' lang='lat' dir='ltr'><strong>ut</strong></span> <span class='ocrx_word' id='word_1_366' title='bbox 808 3086 1057 3141; x_wconf 91' lang='lat' dir='ltr'><strong>omnibus</strong></span> <span class='ocrx_word' id='word_1_367' title='bbox 1101 3096 1277 3156; x_wconf 87' lang='lat' dir='ltr'><strong>pateat</strong></span> <span class='ocrx_word' id='word_1_368' title='bbox 1304 3087 1503 3141; x_wconf 80' lang='lat' dir='ltr'><strong>nullam</strong></span> <span class='ocrx_word' id='word_1_369' title='bbox 1544 3102 1638 3146; x_wconf 90' lang='lat' dir='ltr'><strong>eos</strong></span> <span class='ocrx_word' id='word_1_370' title='bbox 1668 3103 1824 3157; x_wconf 88' lang='lat' dir='ltr'><strong>opem</strong></span> <span class='ocrx_word' id='word_1_371' title='bbox 1873 3089 1975 3143; x_wconf 75' lang='lat' dir='ltr'><strong>ha-</strong></span> 
     </span>
    </p>
   </div>
   <div class='ocr_carea' id='block_1_48' title="bbox 2072 1898 3643 1972">
    <p class='ocr_par' dir='ltr' id='par_1_48' title="bbox 2072 1898 3643 1972">
     <span class='ocr_line' id='line_1_48' title="bbox 2072 1898 3643 1972; baseline -0.003 -17"><span class='ocrx_word' id='word_1_372' title='bbox 2072 1901 2153 1955; x_wconf 90' lang='lat' dir='ltr'><strong>his</strong></span> <span class='ocrx_word' id='word_1_373' title='bbox 2175 1901 2369 1955; x_wconf 86' lang='lat' dir='ltr'><strong>similia</strong></span> <span class='ocrx_word' id='word_1_374' title='bbox 2411 1902 2480 1957; x_wconf 91' lang='lat' dir='ltr'><strong>de</strong></span> <span class='ocrx_word' id='word_1_375' title='bbox 2511 1903 2615 1958; x_wconf 91' lang='lat' dir='ltr'><strong>illis</strong></span> <span class='ocrx_word' id='word_1_376' title='bbox 2655 1902 2904 1957; x_wconf 90' lang='lat' dir='ltr'><strong>dicuntur</strong></span> <span class='ocrx_word' id='word_1_377' title='bbox 2951 1902 3043 1972; x_wconf 90' lang='lat' dir='ltr'><strong>qui</strong></span> <span class='ocrx_word' id='word_1_378' title='bbox 3088 1902 3142 1956; x_wconf 90' lang='lat' dir='ltr'><strong>in</strong></span> <span class='ocrx_word' id='word_1_379' title='bbox 3188 1898 3397 1955; x_wconf 88' lang='lat' dir='ltr'><strong>Domini</strong></span> <span class='ocrx_word' id='word_1_380' title='bbox 3438 1898 3643 1968; x_wconf 85' lang='lat' dir='ltr'><strong>judica-</strong></span> 
     </span>
    </p>
   </div>
   <div class='ocr_carea' id='block_1_49' title="bbox 2071 1995 2716 2049">
    <p class='ocr_par' dir='ltr' id='par_1_49' title="bbox 2071 1995 2716 2049">
     <span class='ocr_line' id='line_1_49' title="bbox 2071 1995 2716 2049; baseline 0.002 -2"><span class='ocrx_word' id='word_1_381' title='bbox 2071 1995 2217 2048; x_wconf 89' lang='lat' dir='ltr'><strong>tione</strong></span> <span class='ocrx_word' id='word_1_382' title='bbox 2250 1995 2537 2048; x_wconf 87' lang='lat' dir='ltr'><strong>damnandi</strong></span> <span class='ocrx_word' id='word_1_383' title='bbox 2567 2004 2716 2049; x_wconf 86' lang='lat' dir='ltr'><strong>sunt.</strong></span> 
     </span>
    </p>
   </div>
   <div class='ocr_carea' id='block_1_50' title="bbox 2142 2084 3642 2155">
    <p class='ocr_par' dir='ltr' id='par_1_50' title="bbox 2142 2084 3642 2155">
     <span class='ocr_line' id='line_1_50' title="bbox 2142 2084 3642 2155; baseline -0.005 -15"><span class='ocrx_word' id='word_1_384' title='bbox 2142 2084 2297 2141; x_wconf 82' lang='lat' dir='ltr'><strong>Vers.</strong></span> <span class='ocrx_word' id='word_1_385' title='bbox 2344 2086 2432 2140; x_wconf 72' lang='grc'><strong>12.</strong></span> <span class='ocrx_word' id='word_1_386' title='bbox 2474 2084 2541 2139; x_wconf 85' lang='lat' dir='ltr'><strong>In</strong></span> <span class='ocrx_word' id='word_1_387' title='bbox 2584 2088 2882 2140; x_wconf 86' lang='lat' dir='ltr'><strong>memoriam</strong></span> <span class='ocrx_word' id='word_1_388' title='bbox 2926 2087 3101 2141; x_wconf 86' lang='lat' dir='ltr'><strong>redeat</strong></span> <span class='ocrx_word' id='word_1_389' title='bbox 3150 2085 3393 2155; x_wconf 76' lang='lat' dir='ltr'><strong>iniquitas</strong></span> <span class='ocrx_word' id='word_1_390' title='bbox 3442 2092 3642 2153; x_wconf 86' lang='lat' dir='ltr'><strong>patrum</strong></span> 
     </span>
    </p>
   </div>
   <div class='ocr_carea' id='block_1_51' title="bbox 2071 2177 3644 2248">
    <p class='ocr_par' dir='ltr' id='par_1_51' title="bbox 2071 2177 3644 2248">
     <span class='ocr_line' id='line_1_51' title="bbox 2071 2177 3644 2248; baseline -0.002 -18"><span class='ocrx_word' id='word_1_391' title='bbox 2071 2179 2177 2247; x_wconf 88' lang='lat' dir='ltr'><strong>ejus</strong></span> <span class='ocrx_word' id='word_1_392' title='bbox 2209 2179 2263 2230; x_wconf 85' lang='lat' dir='ltr'><strong>in</strong></span> <span class='ocrx_word' id='word_1_393' title='bbox 2300 2188 2569 2247; x_wconf 86' lang='lat' dir='ltr'><strong>conspectu</strong></span> <span class='ocrx_word' id='word_1_394' title='bbox 2593 2178 2824 2247; x_wconf 87' lang='lat' dir='ltr'><strong>Domini,</strong></span> <span class='ocrx_word' id='word_1_395' title='bbox 2849 2188 2895 2232; x_wconf 87' lang='lat' dir='ltr'><strong>et</strong></span> <span class='ocrx_word' id='word_1_396' title='bbox 2926 2189 3187 2248; x_wconf 88' lang='lat' dir='ltr'><strong>peccatum</strong></span> <span class='ocrx_word' id='word_1_397' title='bbox 3207 2177 3383 2231; x_wconf 85' lang='lat' dir='ltr'><strong>matris</strong></span> <span class='ocrx_word' id='word_1_398' title='bbox 3412 2178 3521 2246; x_wconf 83' lang='lat' dir='ltr'><strong>ejus</strong></span> <span class='ocrx_word' id='word_1_399' title='bbox 3543 2190 3644 2228; x_wconf 83' lang='lat' dir='ltr'><strong>non</strong></span> 
     </span>
    </p>
   </div>
   <div class='ocr_carea' id='block_1_52' title="bbox 2071 2268 3646 2340">
    <p class='ocr_par' dir='ltr' id='par_1_52' title="bbox 2071 2268 3646 2340">
     <span class='ocr_line' id='line_1_52' title="bbox 2071 2268 3646 2340; baseline -0.001 -18"><span class='ocrx_word' id='word_1_400' title='bbox 2071 2271 2326 2324; x_wconf 88' lang='lat' dir='ltr'><strong>deleatur.</strong></span> <span class='ocrx_word' id='word_1_401' title='bbox 2360 2271 2460 2324; x_wconf 89' lang='lat' dir='ltr'><strong>Per</strong></span> <span class='ocrx_word' id='word_1_402' title='bbox 2489 2272 2835 2340; x_wconf 81' lang='lat' dir='ltr'><strong>tropologiam</strong></span> <span class='ocrx_word' id='word_1_403' title='bbox 2869 2272 3082 2337; x_wconf 85' lang='lat' dir='ltr'><strong>dicitur,</strong></span> <span class='ocrx_word' id='word_1_404' title='bbox 3117 2269 3183 2324; x_wconf 90' lang='lat' dir='ltr'><strong>In</strong></span> <span class='ocrx_word' id='word_1_405' title='bbox 3215 2269 3512 2322; x_wconf 84' lang='lat' dir='ltr'><strong>memoriam</strong></span> <span class='ocrx_word' id='word_1_406' title='bbox 3543 2268 3646 2321; x_wconf 84' lang='lat' dir='ltr'><strong>Do-</strong></span> 
     </span>
    </p>
   </div>
   <div class='ocr_carea' id='block_1_53' title="bbox 2071 2359 3643 2430">
    <p class='ocr_par' dir='ltr' id='par_1_53' title="bbox 2071 2359 3643 2430">
     <span class='ocr_line' id='line_1_53' title="bbox 2071 2359 3643 2430; baseline -0.003 -15"><span class='ocrx_word' id='word_1_407' title='bbox 2071 2361 2202 2415; x_wconf 92' lang='lat' dir='ltr'><strong>mini</strong></span> <span class='ocrx_word' id='word_1_408' title='bbox 2232 2368 2446 2428; x_wconf 85' lang='lat' dir='ltr'><strong>peccata</strong></span> <span class='ocrx_word' id='word_1_409' title='bbox 2477 2362 2643 2414; x_wconf 85' lang='lat' dir='ltr'><strong>redire</strong></span> <span class='ocrx_word' id='word_1_410' title='bbox 2669 2361 2964 2430; x_wconf 86' lang='lat' dir='ltr'><strong>majorum;</strong></span> <span class='ocrx_word' id='word_1_411' title='bbox 2999 2373 3055 2416; x_wconf 89' lang='lat' dir='ltr'><strong>ut</strong></span> <span class='ocrx_word' id='word_1_412' title='bbox 3092 2369 3149 2416; x_wconf 89' lang='lat' dir='ltr'><strong>et</strong></span> <span class='ocrx_word' id='word_1_413' title='bbox 3191 2362 3343 2414; x_wconf 90' lang='lat' dir='ltr'><strong>novis</strong></span> <span class='ocrx_word' id='word_1_414' title='bbox 3378 2359 3522 2430; x_wconf 86' lang='lat' dir='ltr'><strong>[mss.</strong></span> <span class='ocrx_word' id='word_1_415' title='bbox 3552 2361 3643 2425; x_wconf 83' lang='lat' dir='ltr'><strong>A.,</strong></span> 
     </span>
    </p>
   </div>
   <div class='ocr_carea' id='block_1_54' title="bbox 2072 2449 3643 2520">
    <p class='ocr_par' dir='ltr' id='par_1_54' title="bbox 2072 2449 3643 2520">
     <span class='ocr_line' id='line_1_54' title="bbox 2072 2449 3643 2520; baseline -0.001 -17"><span class='ocrx_word' id='word_1_416' title='bbox 2072 2451 2162 2515; x_wconf 89' lang='lat' dir='ltr'><strong>B.,</strong></span> <span class='ocrx_word' id='word_1_417' title='bbox 2193 2450 2289 2516; x_wconf 84' lang='lat' dir='ltr'><strong>F.,</strong></span> <span class='ocrx_word' id='word_1_418' title='bbox 2312 2449 2443 2520; x_wconf 89' lang='lat' dir='ltr'><strong>suis]</strong></span> <span class='ocrx_word' id='word_1_419' title='bbox 2468 2452 2677 2507; x_wconf 88' lang='lat' dir='ltr'><strong>delictis</strong></span> <span class='ocrx_word' id='word_1_420' title='bbox 2704 2452 2940 2507; x_wconf 87' lang='lat' dir='ltr'><strong>nefarius</strong></span> <span class='ocrx_word' id='word_1_421' title='bbox 2967 2452 3132 2508; x_wconf 88' lang='lat' dir='ltr'><strong>Judas</strong></span> <span class='ocrx_word' id='word_1_422' title='bbox 3160 2458 3215 2505; x_wconf 85' lang='lat' dir='ltr'><strong>et</strong></span> <span class='ocrx_word' id='word_1_423' title='bbox 3244 2459 3522 2519; x_wconf 90' lang='lat' dir='ltr'><strong>parentum</strong></span> <span class='ocrx_word' id='word_1_424' title='bbox 3552 2464 3643 2502; x_wconf 87' lang='lat' dir='ltr'><strong>er-</strong></span> 
     </span>
    </p>
   </div>
   <div class='ocr_carea' id='block_1_55' title="bbox 2072 2540 3644 2613">
    <p class='ocr_par' dir='ltr' id='par_1_55' title="bbox 2072 2540 3644 2613">
     <span class='ocr_line' id='line_1_55' title="bbox 2072 2540 3644 2613; baseline -0.001 -17"><span class='ocrx_word' id='word_1_425' title='bbox 2072 2541 2284 2596; x_wconf 90' lang='lat' dir='ltr'><strong>roribus</strong></span> <span class='ocrx_word' id='word_1_426' title='bbox 2332 2549 2663 2613; x_wconf 87' lang='lat' dir='ltr'><strong>torqueatur.</strong></span> <span class='ocrx_word' id='word_1_427' title='bbox 2694 2543 2998 2601; x_wconf 85' lang='lat' dir='ltr'><strong>Priscorum</strong></span> <span class='ocrx_word' id='word_1_428' title='bbox 3042 2542 3186 2597; x_wconf 89' lang='lat' dir='ltr'><strong>enim</strong></span> <span class='ocrx_word' id='word_1_429' title='bbox 3221 2541 3455 2610; x_wconf 89' lang='lat' dir='ltr'><strong>peccatis</strong></span> <span class='ocrx_word' id='word_1_430' title='bbox 3488 2540 3644 2607; x_wconf 87' lang='lat' dir='ltr'><strong>(sicut</strong></span> 
     </span>
    </p>
   </div>
   <div class='ocr_carea' id='block_1_56' title="bbox 2072 2630 3644 2702">
    <p class='ocr_par' dir='ltr' id='par_1_56' title="bbox 2072 2630 3644 2702">
     <span class='ocr_line' id='line_1_56' title="bbox 2072 2630 3644 2702; baseline -0.001 -17"><span class='ocrx_word' id='word_1_431' title='bbox 2072 2645 2216 2699; x_wconf 85' lang='lat' dir='ltr'><strong>saepe</strong></span> <span class='ocrx_word' id='word_1_432' title='bbox 2244 2630 2501 2701; x_wconf 77' lang='lat' dir='ltr'><strong>diximus)</strong></span> <span class='ocrx_word' id='word_1_433' title='bbox 2526 2633 2597 2685; x_wconf 85' lang='lat' dir='ltr'><strong>ita</strong></span> <span class='ocrx_word' id='word_1_434' title='bbox 2622 2633 2742 2702; x_wconf 90' lang='lat' dir='ltr'><strong>quis</strong></span> <span class='ocrx_word' id='word_1_435' title='bbox 2766 2647 2891 2687; x_wconf 88' lang='lat' dir='ltr'><strong>reus</strong></span> <span class='ocrx_word' id='word_1_436' title='bbox 2917 2642 2999 2687; x_wconf 86' lang='lat' dir='ltr'><strong>est</strong></span> <span class='ocrx_word' id='word_1_437' title='bbox 3017 2673 3032 2697; x_wconf 94' lang='lat'><strong>,</strong></span> <span class='ocrx_word' id='word_1_438' title='bbox 3074 2630 3290 2700; x_wconf 89' lang='lat' dir='ltr'><strong>quando</strong></span> <span class='ocrx_word' id='word_1_439' title='bbox 3315 2645 3500 2684; x_wconf 91' lang='lat' dir='ltr'><strong>eorum</strong></span> <span class='ocrx_word' id='word_1_440' title='bbox 3524 2644 3644 2683; x_wconf 89' lang='lat' dir='ltr'><strong>sce-</strong></span> 
     </span>
    </p>
   </div>
   <div class='ocr_carea' id='block_1_57' title="bbox 2073 2721 3644 2791">
    <p class='ocr_par' dir='ltr' id='par_1_57' title="bbox 2073 2721 3644 2791">
     <span class='ocr_line' id='line_1_57' title="bbox 2073 2721 3644 2791; baseline -0.002 -15"><span class='ocrx_word' id='word_1_441' title='bbox 2073 2723 2273 2777; x_wconf 87' lang='lat' dir='ltr'><strong>leribus</strong></span> <span class='ocrx_word' id='word_1_442' title='bbox 2302 2723 2716 2790; x_wconf 86' lang='lat' dir='ltr'><strong>sequacissimns</strong></span> <span class='ocrx_word' id='word_1_443' title='bbox 2742 2724 3033 2778; x_wconf 87' lang='lat' dir='ltr'><strong>invenitur.</strong></span> <span class='ocrx_word' id='word_1_444' title='bbox 3062 2723 3130 2776; x_wconf 80' lang='lat' dir='ltr'><strong>In</strong></span> <span class='ocrx_word' id='word_1_445' title='bbox 3154 2730 3425 2791; x_wconf 86' lang='lat' dir='ltr'><strong>conspectu</strong></span> <span class='ocrx_word' id='word_1_446' title='bbox 3462 2721 3644 2774; x_wconf 88' lang='lat' dir='ltr'><strong>Domi-</strong></span> 
     </span>
    </p>
   </div>
   <div class='ocr_carea' id='block_1_58' title="bbox 2073 2812 3643 2883">
    <p class='ocr_par' dir='ltr' id='par_1_58' title="bbox 2073 2812 3643 2883">
     <span class='ocr_line' id='line_1_58' title="bbox 2073 2812 3643 2883; baseline -0.002 -17"><span class='ocrx_word' id='word_1_447' title='bbox 2073 2815 2164 2879; x_wconf 88' lang='lat' dir='ltr'><strong>ni,</strong></span> <span class='ocrx_word' id='word_1_448' title='bbox 2216 2814 2265 2867; x_wconf 92' lang='lat' dir='ltr'><strong>id</strong></span> <span class='ocrx_word' id='word_1_449' title='bbox 2316 2824 2400 2868; x_wconf 88' lang='lat' dir='ltr'><strong>est</strong></span> <span class='ocrx_word' id='word_1_450' title='bbox 2443 2819 2498 2867; x_wconf 92' lang='lat' dir='ltr'><strong>in</strong></span> <span class='ocrx_word' id='word_1_451' title='bbox 2541 2814 2924 2882; x_wconf 88' lang='lat' dir='ltr'><strong>disceptatione</strong></span> <span class='ocrx_word' id='word_1_452' title='bbox 2967 2814 3154 2883; x_wconf 87' lang='lat' dir='ltr'><strong>judicii</strong></span> <span class='ocrx_word' id='word_1_453' title='bbox 3184 2830 3196 2865; x_wconf 90' lang='lat'><strong>:</strong></span> <span class='ocrx_word' id='word_1_454' title='bbox 3229 2813 3478 2882; x_wconf 89' lang='lat' dir='ltr'><strong>quoniam</strong></span> <span class='ocrx_word' id='word_1_455' title='bbox 3517 2812 3643 2864; x_wconf 82' lang='lat' dir='ltr'><strong>dum</strong></span> 
     </span>
    </p>
   </div>
   <div class='ocr_carea' id='block_1_59' title="bbox 2075 2902 3644 2973">
    <p class='ocr_par' dir='ltr' id='par_1_59' title="bbox 2075 2902 3644 2973">
     <span class='ocr_line' id='line_1_59' title="bbox 2075 2902 3644 2973; baseline -0.002 -15"><span class='ocrx_word' id='word_1_456' title='bbox 2075 2914 2290 2973; x_wconf 85' lang='lat' dir='ltr'><strong>peccata</strong></span> <span class='ocrx_word' id='word_1_457' title='bbox 2336 2905 2593 2959; x_wconf 91' lang='lat' dir='ltr'><strong>Dominus</strong></span> <span class='ocrx_word' id='word_1_458' title='bbox 2618 2905 2870 2973; x_wconf 87' lang='lat' dir='ltr'><strong>respicit,</strong></span> <span class='ocrx_word' id='word_1_459' title='bbox 2900 2913 3146 2959; x_wconf 88' lang='lat' dir='ltr'><strong>auctores</strong></span> <span class='ocrx_word' id='word_1_460' title='bbox 3186 2918 3369 2958; x_wconf 87' lang='lat' dir='ltr'><strong>eorum</strong></span> <span class='ocrx_word' id='word_1_461' title='bbox 3401 2905 3517 2958; x_wconf 85' lang='lat' dir='ltr'><strong>sine</strong></span> <span class='ocrx_word' id='word_1_462' title='bbox 3544 2902 3644 2957; x_wconf 91' lang='lat' dir='ltr'><strong>du-</strong></span> 
     </span>
    </p>
   </div>
   <div class='ocr_carea' id='block_1_60' title="bbox 2074 2994 3645 3063">
    <p class='ocr_par' dir='ltr' id='par_1_60' title="bbox 2074 2994 3645 3063">
     <span class='ocr_line' id='line_1_60' title="bbox 2074 2994 3645 3063; baseline -0.003 -13"><span class='ocrx_word' id='word_1_463' title='bbox 2074 2996 2327 3050; x_wconf 86' lang='lat' dir='ltr'><strong>bitalione</strong></span> <span class='ocrx_word' id='word_1_464' title='bbox 2364 2996 2625 3063; x_wconf 90' lang='lat' dir='ltr'><strong>percellit.</strong></span> <span class='ocrx_word' id='word_1_465' title='bbox 2658 2995 2783 3049; x_wconf 89' lang='lat' dir='ltr'><strong>Inde</strong></span> <span class='ocrx_word' id='word_1_466' title='bbox 2811 3006 2865 3049; x_wconf 89' lang='lat' dir='ltr'><strong>et</strong></span> <span class='ocrx_word' id='word_1_467' title='bbox 2896 2997 3154 3063; x_wconf 80' lang='lat' dir='ltr'><strong>prOpheta</strong></span> <span class='ocrx_word' id='word_1_468' title='bbox 3182 2994 3379 3048; x_wconf 88' lang='lat' dir='ltr'><strong>clamat</strong></span> <span class='ocrx_word' id='word_1_469' title='bbox 3413 3010 3425 3045; x_wconf 87' lang='lat'><strong>:</strong></span> <span class='ocrx_word' id='word_1_470' title='bbox 3462 2994 3645 3046; x_wconf 79' lang='lat' dir='ltr'><strong>Averte</strong></span> 
     </span>
    </p>
   </div>
   <div class='ocr_carea' id='block_1_61' title="bbox 2076 3081 3646 3156">
    <p class='ocr_par' dir='ltr' id='par_1_61' title="bbox 2076 3081 3646 3156">
     <span class='ocr_line' id='line_1_61' title="bbox 2076 3081 3646 3156; baseline -0.002 -18"><span class='ocrx_word' id='word_1_471' title='bbox 2076 3086 2258 3156; x_wconf 74' lang='lat' dir='ltr'><strong>faciem</strong></span> <span class='ocrx_word' id='word_1_472' title='bbox 2287 3092 2430 3137; x_wconf 88' lang='lat' dir='ltr'><strong>tuam</strong></span> <span class='ocrx_word' id='word_1_473' title='bbox 2469 3101 2501 3137; x_wconf 90' lang='lat' dir='ltr'><strong>a</strong></span> <span class='ocrx_word' id='word_1_474' title='bbox 2532 3088 2748 3154; x_wconf 86' lang='lat' dir='ltr'><strong>peccatis</strong></span> <span class='ocrx_word' id='word_1_475' title='bbox 2787 3085 2912 3139; x_wconf 84' lang='lat' dir='ltr'><strong>meis</strong></span> <span class='ocrx_word' id='word_1_476' title='bbox 2941 3082 3109 3154; x_wconf 89' lang='lat' dir='ltr'><strong>(Psal.</strong></span> <span class='ocrx_word' id='word_1_477' title='bbox 3147 3099 3197 3148; x_wconf 75' lang='grc' dir='ltr'><strong>ι,</strong></span> <span class='ocrx_word' id='word_1_478' title='bbox 3234 3083 3341 3151; x_wconf 82' lang='grc' dir='ltr'><strong>Η).</strong></span> <span class='ocrx_word' id='word_1_479' title='bbox 3372 3081 3646 3136; x_wconf 85' lang='lat' dir='ltr'><strong>Peccatum</strong></span> 
     </span>
    </p>
   </div>
   <div class='ocr_carea' id='block_1_62' title="bbox 394 3174 3646 3249">
    <p class='ocr_par' dir='ltr' id='par_1_62' title="bbox 394 3174 3646 3249">
     <span class='ocr_line' id='line_1_62' title="bbox 394 3174 3646 3249; baseline 0.001 -23"><span class='ocrx_word' id='word_1_480' title='bbox 394 3174 573 3228; x_wconf 88' lang='lat' dir='ltr'><strong>bnisse</strong></span> <span class='ocrx_word' id='word_1_481' title='bbox 604 3177 846 3243; x_wconf 84' lang='lat' dir='ltr'><strong>rationis,</strong></span> <span class='ocrx_word' id='word_1_482' title='bbox 876 3179 967 3246; x_wconf 83' lang='lat' dir='ltr'><strong>qui</strong></span> <span class='ocrx_word' id='word_1_483' title='bbox 997 3178 1119 3231; x_wconf 85' lang='lat' dir='ltr'><strong>talia</strong></span> <span class='ocrx_word' id='word_1_484' title='bbox 1148 3186 1274 3233; x_wconf 93' lang='lat' dir='ltr'><strong>sunt</strong></span> <span class='ocrx_word' id='word_1_485' title='bbox 1301 3178 1488 3232; x_wconf 88' lang='lat' dir='ltr'><strong>secuti.</strong></span> <span class='ocrx_word' id='word_1_486' title='bbox 1517 3176 1814 3249; x_wconf 85' lang='lat' dir='ltr'><strong>Ejiciuutur</strong></span> <span class='ocrx_word' id='word_1_487' title='bbox 1842 3194 1970 3234; x_wconf 92' lang='lat' dir='ltr'><strong>vero</strong></span> <span class='ocrx_word' id='word_1_488' title='bbox 2000 3187 2043 3249; x_wconf 71' lang='grc' dir='ltr'><strong>ρ</strong></span> <span class='ocrx_word' id='word_1_489' title='bbox 2080 3190 2203 3230; x_wconf 75' lang='lat' dir='ltr'><strong>vero</strong></span> <span class='ocrx_word' id='word_1_490' title='bbox 2232 3177 2412 3231; x_wconf 87' lang='lat' dir='ltr'><strong>matris</strong></span> <span class='ocrx_word' id='word_1_491' title='bbox 2439 3177 2548 3245; x_wconf 84' lang='lat' dir='ltr'><strong>ejus</strong></span> <span class='ocrx_word' id='word_1_492' title='bbox 2572 3216 2587 3241; x_wconf 94' lang='lat'><strong>,</strong></span> <span class='ocrx_word' id='word_1_493' title='bbox 2617 3184 2703 3231; x_wconf 90' lang='lat' dir='ltr'><strong>est</strong></span> <span class='ocrx_word' id='word_1_494' title='bbox 2743 3175 3036 3246; x_wconf 77' lang='lat' dir='ltr'><strong>Synagogae</strong></span> <span class='ocrx_word' id='word_1_495' title='bbox 3064 3185 3185 3229; x_wconf 89' lang='lat' dir='ltr'><strong>nota</strong></span> <span class='ocrx_word' id='word_1_496' title='bbox 3221 3175 3560 3245; x_wconf 88' lang='lat' dir='ltr'><strong>protervitas,</strong></span> <span class='ocrx_word' id='word_1_497' title='bbox 3590 3183 3646 3229; x_wconf 92' lang='lat' dir='ltr'><strong>ut</strong></span> 
     </span>
    </p>
   </div>
   <div class='ocr_carea' id='block_1_63' title="bbox 390 3265 1971 3338">
    <p class='ocr_par' dir='ltr' id='par_1_63' title="bbox 390 3265 1971 3338">
     <span class='ocr_line' id='line_1_63' title="bbox 390 3265 1971 3338; baseline 0.005 -22"><span class='ocrx_word' id='word_1_498' title='bbox 390 3265 458 3317; x_wconf 85' lang='lat' dir='ltr'><strong>de</strong></span> <span class='ocrx_word' id='word_1_499' title='bbox 498 3265 891 3321; x_wconf 87' lang='lat' dir='ltr'><strong>habitationibus</strong></span> <span class='ocrx_word' id='word_1_500' title='bbox 917 3269 1041 3335; x_wconf 83' lang='lat' dir='ltr'><strong>suis,</strong></span> <span class='ocrx_word' id='word_1_501' title='bbox 1075 3271 1289 3337; x_wconf 90' lang='lat' dir='ltr'><strong>quando</strong></span> <span class='ocrx_word' id='word_1_502' title='bbox 1325 3269 1392 3322; x_wconf 92' lang='lat' dir='ltr'><strong>de</strong></span> <span class='ocrx_word' id='word_1_503' title='bbox 1426 3271 1836 3338; x_wconf 81' lang='lat' dir='ltr'><strong>congregatione</strong></span> <span class='ocrx_word' id='word_1_504' title='bbox 1867 3271 1971 3324; x_wconf 86' lang='lat' dir='ltr'><strong>Du-</strong></span> 
     </span>
    </p>
   </div>
   <div class='ocr_carea' id='block_1_64' title="bbox 394 3353 1973 3429">
    <p class='ocr_par' dir='ltr' id='par_1_64' title="bbox 394 3353 1973 3429">
     <span class='ocr_line' id='line_1_64' title="bbox 394 3353 1973 3429; baseline 0.006 -23"><span class='ocrx_word' id='word_1_505' title='bbox 394 3353 575 3409; x_wconf 88' lang='lat' dir='ltr'><strong>minici</strong></span> <span class='ocrx_word' id='word_1_506' title='bbox 605 3357 784 3426; x_wconf 90' lang='lat' dir='ltr'><strong>populi</strong></span> <span class='ocrx_word' id='word_1_507' title='bbox 812 3358 1106 3413; x_wconf 89' lang='lat' dir='ltr'><strong>redduntur</strong></span> <span class='ocrx_word' id='word_1_508' title='bbox 1136 3359 1295 3413; x_wconf 88' lang='lat' dir='ltr'><strong>alieni</strong></span> <span class='ocrx_word' id='word_1_509' title='bbox 1328 3377 1340 3411; x_wconf 90' lang='lat'><strong>:</strong></span> <span class='ocrx_word' id='word_1_510' title='bbox 1375 3359 1463 3413; x_wconf 91' lang='lat' dir='ltr'><strong>ubi</strong></span> <span class='ocrx_word' id='word_1_511' title='bbox 1492 3376 1597 3413; x_wconf 91' lang='lat' dir='ltr'><strong>non</strong></span> <span class='ocrx_word' id='word_1_512' title='bbox 1631 3368 1808 3414; x_wconf 87' lang='lat' dir='ltr'><strong>mente</strong></span> <span class='ocrx_word' id='word_1_513' title='bbox 1833 3404 1847 3429; x_wconf 88' lang='lat'><strong>,</strong></span> <span class='ocrx_word' id='word_1_514' title='bbox 1874 3360 1973 3415; x_wconf 85' lang='lat' dir='ltr'><strong>sed</strong></span> 
     </span>
    </p>
   </div>
   <div class='ocr_carea' id='block_1_65' title="bbox 397 3448 1703 3517">
    <p class='ocr_par' dir='ltr' id='par_1_65' title="bbox 397 3448 1703 3517">
     <span class='ocr_line' id='line_1_65' title="bbox 397 3448 1703 3517; baseline 0.005 -20"><span class='ocrx_word' id='word_1_515' title='bbox 397 3449 606 3499; x_wconf 85' lang='lat' dir='ltr'><strong>tantum</strong></span> <span class='ocrx_word' id='word_1_516' title='bbox 636 3461 868 3516; x_wconf 89' lang='lat' dir='ltr'><strong>corpore</strong></span> <span class='ocrx_word' id='word_1_517' title='bbox 898 3448 1046 3517; x_wconf 90' lang='lat' dir='ltr'><strong>prius</strong></span> <span class='ocrx_word' id='word_1_518' title='bbox 1074 3448 1345 3503; x_wconf 89' lang='lat' dir='ltr'><strong>habitasse</strong></span> <span class='ocrx_word' id='word_1_519' title='bbox 1372 3450 1703 3503; x_wconf 86' lang='lat' dir='ltr'><strong>videbantur.</strong></span> 
     </span>
    </p>
   </div>
   <div class='ocr_carea' id='block_1_66' title="bbox 467 3536 1970 3609">
    <p class='ocr_par' dir='ltr' id='par_1_66' title="bbox 467 3536 1970 3609">
     <span class='ocr_line' id='line_1_66' title="bbox 467 3536 1970 3609; baseline 0.005 -20"><span class='ocrx_word' id='word_1_520' title='bbox 467 3536 616 3593; x_wconf 84' lang='lat' dir='ltr'><strong>Vers.</strong></span> <span class='ocrx_word' id='word_1_521' title='bbox 672 3540 725 3594; x_wconf 88' lang='lat'><strong>9.</strong></span> <span class='ocrx_word' id='word_1_522' title='bbox 776 3540 1044 3595; x_wconf 85' lang='lat' dir='ltr'><strong>Scrutetur</strong></span> <span class='ocrx_word' id='word_1_523' title='bbox 1092 3542 1344 3609; x_wconf 79' lang='lat' dir='ltr'><strong>fenerator</strong></span> <span class='ocrx_word' id='word_1_524' title='bbox 1391 3558 1592 3596; x_wconf 87' lang='lat' dir='ltr'><strong>omnem</strong></span> <span class='ocrx_word' id='word_1_525' title='bbox 1638 3543 1970 3597; x_wconf 85' lang='lat' dir='ltr'><strong>substantiam</strong></span> 
     </span>
    </p>
   </div>
   <div class='ocr_carea' id='block_1_67' title="bbox 386 3632 1969 3700">
    <p class='ocr_par' dir='ltr' id='par_1_67' title="bbox 386 3632 1969 3700">
     <span class='ocr_line' id='line_1_67' title="bbox 386 3632 1969 3700; baseline 0.006 -18"><span class='ocrx_word' id='word_1_526' title='bbox 386 3632 524 3700; x_wconf 76' lang='lat' dir='ltr'><strong>ejus,</strong></span> <span class='ocrx_word' id='word_1_527' title='bbox 548 3640 594 3683; x_wconf 89' lang='lat' dir='ltr'><strong>et</strong></span> <span class='ocrx_word' id='word_1_528' title='bbox 629 3632 874 3699; x_wconf 87' lang='lat' dir='ltr'><strong>diripiant</strong></span> <span class='ocrx_word' id='word_1_529' title='bbox 907 3634 1062 3687; x_wconf 89' lang='lat' dir='ltr'><strong>alieni</strong></span> <span class='ocrx_word' id='word_1_530' title='bbox 1088 3651 1258 3689; x_wconf 88' lang='lat' dir='ltr'><strong>omnes</strong></span> <span class='ocrx_word' id='word_1_531' title='bbox 1293 3635 1492 3689; x_wconf 86' lang='lat' dir='ltr'><strong>labores</strong></span> <span class='ocrx_word' id='word_1_532' title='bbox 1520 3638 1651 3696; x_wconf 82' lang='lat' dir='ltr'><strong>eius.</strong></span> <span class='ocrx_word' id='word_1_533' title='bbox 1691 3636 1791 3691; x_wconf 88' lang='lat' dir='ltr'><strong>Per</strong></span> <span class='ocrx_word' id='word_1_534' title='bbox 1819 3652 1969 3692; x_wconf 91' lang='lat' dir='ltr'><strong>com-</strong></span> 
     </span>
    </p>
   </div>
   <div class='ocr_carea' id='block_1_68' title="bbox 387 3719 1971 3789">
    <p class='ocr_par' dir='ltr' id='par_1_68' title="bbox 387 3719 1971 3789">
     <span class='ocr_line' id='line_1_68' title="bbox 387 3719 1971 3789; baseline 0.006 -18"><span class='ocrx_word' id='word_1_535' title='bbox 387 3719 693 3785; x_wconf 83' lang='lat' dir='ltr'><strong>parationes</strong></span> <span class='ocrx_word' id='word_1_536' title='bbox 725 3722 895 3777; x_wconf 83' lang='lat' dir='ltr'><strong>factas</strong></span> <span class='ocrx_word' id='word_1_537' title='bbox 933 3738 1118 3779; x_wconf 88' lang='lat' dir='ltr'><strong>versus</strong></span> <span class='ocrx_word' id='word_1_538' title='bbox 1149 3723 1247 3779; x_wconf 89' lang='lat' dir='ltr'><strong>iste</strong></span> <span class='ocrx_word' id='word_1_539' title='bbox 1274 3725 1627 3780; x_wconf 83' lang='lat' dir='ltr'><strong>declarandus</strong></span> <span class='ocrx_word' id='word_1_540' title='bbox 1663 3736 1766 3789; x_wconf 89' lang='lat' dir='ltr'><strong>est,</strong></span> <span class='ocrx_word' id='word_1_541' title='bbox 1804 3739 1860 3781; x_wconf 88' lang='lat' dir='ltr'><strong>ut</strong></span> <span class='ocrx_word' id='word_1_542' title='bbox 1890 3738 1971 3780; x_wconf 88' lang='lat' dir='ltr'><strong>to-</strong></span> 
     </span>
    </p>
   </div>
   <div class='ocr_carea' id='block_1_69' title="bbox 392 3808 1965 3872">
    <p class='ocr_par' dir='ltr' id='par_1_69' title="bbox 392 3808 1965 3872">
     <span class='ocr_line' id='line_1_69' title="bbox 392 3808 1965 3872; baseline 0.007 -11"><span class='ocrx_word' id='word_1_543' title='bbox 392 3808 502 3862; x_wconf 82' lang='lat' dir='ltr'><strong>tius</strong></span> <span class='ocrx_word' id='word_1_544' title='bbox 530 3810 685 3864; x_wconf 88' lang='lat' dir='ltr'><strong>nobis</strong></span> <span class='ocrx_word' id='word_1_545' title='bbox 726 3813 1058 3868; x_wconf 86' lang='lat' dir='ltr'><strong>confusionis</strong></span> <span class='ocrx_word' id='word_1_546' title='bbox 1086 3826 1427 3869; x_wconf 84' lang='lat' dir='ltr'><strong>removeatur</strong></span> <span class='ocrx_word' id='word_1_547' title='bbox 1450 3816 1769 3871; x_wconf 88' lang='lat' dir='ltr'><strong>obscuritas.</strong></span> <span class='ocrx_word' id='word_1_548' title='bbox 1801 3818 1965 3872; x_wconf 89' lang='lat' dir='ltr'><strong>Debi-</strong></span> 
     </span>
    </p>
   </div>
   <div class='ocr_carea' id='block_1_70' title="bbox 389 3904 1970 3980">
    <p class='ocr_par' dir='ltr' id='par_1_70' title="bbox 389 3904 1970 3980">
     <span class='ocr_line' id='line_1_70' title="bbox 389 3904 1970 3980; baseline 0.008 -27"><span class='ocrx_word' id='word_1_549' title='bbox 389 3911 476 3956; x_wconf 91' lang='lat' dir='ltr'><strong>tor</strong></span> <span class='ocrx_word' id='word_1_550' title='bbox 504 3904 716 3970; x_wconf 85' lang='lat' dir='ltr'><strong>quando</strong></span> <span class='ocrx_word' id='word_1_551' title='bbox 744 3906 807 3957; x_wconf 89' lang='lat' dir='ltr'><strong>ad</strong></span> <span class='ocrx_word' id='word_1_552' title='bbox 841 3907 1252 3974; x_wconf 85' lang='lat' dir='ltr'><strong>persolvendum</strong></span> <span class='ocrx_word' id='word_1_553' title='bbox 1310 3910 1535 3963; x_wconf 91' lang='lat' dir='ltr'><strong>idoneus</strong></span> <span class='ocrx_word' id='word_1_554' title='bbox 1584 3926 1688 3964; x_wconf 88' lang='lat' dir='ltr'><strong>non</strong></span> <span class='ocrx_word' id='word_1_555' title='bbox 1737 3920 1847 3975; x_wconf 90' lang='lat' dir='ltr'><strong>est,</strong></span> <span class='ocrx_word' id='word_1_556' title='bbox 1891 3912 1970 3980; x_wconf 75' lang='lat' dir='ltr'><strong>{e-</strong></span> 
     </span>
    </p>
   </div>
   <div class='ocr_carea' id='block_1_71' title="bbox 387 3998 1968 4069">
    <p class='ocr_par' dir='ltr' id='par_1_71' title="bbox 387 3998 1968 4069">
     <span class='ocr_line' id='line_1_71' title="bbox 387 3998 1968 4069; baseline 0.006 -24"><span class='ocrx_word' id='word_1_557' title='bbox 387 4005 595 4048; x_wconf 85' lang='lat' dir='ltr'><strong>nerator</strong></span> <span class='ocrx_word' id='word_1_558' title='bbox 642 3998 781 4065; x_wconf 87' lang='lat' dir='ltr'><strong>ejus,</strong></span> <span class='ocrx_word' id='word_1_559' title='bbox 831 4013 862 4052; x_wconf 91' lang='lat' dir='ltr'><strong>a</strong></span> <span class='ocrx_word' id='word_1_560' title='bbox 898 4000 1078 4067; x_wconf 83' lang='lat' dir='ltr'><strong>judice</strong></span> <span class='ocrx_word' id='word_1_561' title='bbox 1129 4009 1382 4068; x_wconf 83' lang='lat' dir='ltr'><strong>percepta</strong></span> <span class='ocrx_word' id='word_1_562' title='bbox 1422 4000 1633 4066; x_wconf 89' lang='lat' dir='ltr'><strong>ﬁducia,</strong></span> <span class='ocrx_word' id='word_1_563' title='bbox 1677 4002 1968 4069; x_wconf 66' lang='lat' dir='ltr'><strong>ingreditur</strong></span> 
     </span>
    </p>
   </div>
   <div class='ocr_carea' id='block_1_72' title="bbox 386 4087 1969 4160">
    <p class='ocr_par' dir='ltr' id='par_1_72' title="bbox 386 4087 1969 4160">
     <span class='ocr_line' id='line_1_72' title="bbox 386 4087 1969 4160; baseline 0.006 -22"><span class='ocrx_word' id='word_1_564' title='bbox 386 4087 604 4140; x_wconf 91' lang='lat' dir='ltr'><strong>domum</strong></span> <span class='ocrx_word' id='word_1_565' title='bbox 633 4089 849 4143; x_wconf 78' lang='lat' dir='ltr'><strong>obnoxii</strong></span> <span class='ocrx_word' id='word_1_566' title='bbox 880 4091 981 4156; x_wconf 89' lang='lat' dir='ltr'><strong>sui,</strong></span> <span class='ocrx_word' id='word_1_567' title='bbox 1008 4099 1062 4145; x_wconf 91' lang='lat' dir='ltr'><strong>et</strong></span> <span class='ocrx_word' id='word_1_568' title='bbox 1089 4091 1268 4144; x_wconf 88' lang='lat' dir='ltr'><strong>omnia</strong></span> <span class='ocrx_word' id='word_1_569' title='bbox 1292 4106 1622 4159; x_wconf 61' lang='lat' dir='ltr'><strong>qualicunque</strong></span> <span class='ocrx_word' id='word_1_570' title='bbox 1646 4092 1843 4145; x_wconf 89' lang='lat' dir='ltr'><strong>habere</strong></span> <span class='ocrx_word' id='word_1_571' title='bbox 1874 4109 1969 4160; x_wconf 89' lang='lat' dir='ltr'><strong>po-</strong></span> 
     </span>
    </p>
   </div>
   <div class='ocr_carea' id='block_1_73' title="bbox 389 4177 1963 4248">
    <p class='ocr_par' dir='ltr' id='par_1_73' title="bbox 389 4177 1963 4248">
     <span class='ocr_line' id='line_1_73' title="bbox 389 4177 1963 4248; baseline 0.005 -22"><span class='ocrx_word' id='word_1_572' title='bbox 389 4184 498 4229; x_wconf 83' lang='lat' dir='ltr'><strong>test</strong></span> <span class='ocrx_word' id='word_1_573' title='bbox 526 4177 724 4246; x_wconf 87' lang='lat' dir='ltr'><strong>diripit,</strong></span> <span class='ocrx_word' id='word_1_574' title='bbox 763 4186 818 4233; x_wconf 88' lang='lat' dir='ltr'><strong>et</strong></span> <span class='ocrx_word' id='word_1_575' title='bbox 856 4179 1116 4233; x_wconf 85' lang='lat' dir='ltr'><strong>satisl&#39;acit</strong></span> <span class='ocrx_word' id='word_1_576' title='bbox 1142 4180 1239 4233; x_wconf 87' lang='lat' dir='ltr'><strong>sibi</strong></span> <span class='ocrx_word' id='word_1_577' title='bbox 1281 4194 1379 4248; x_wconf 89' lang='lat' dir='ltr'><strong>pro</strong></span> <span class='ocrx_word' id='word_1_578' title='bbox 1425 4180 1651 4247; x_wconf 89' lang='lat' dir='ltr'><strong>pecunia</strong></span> <span class='ocrx_word' id='word_1_579' title='bbox 1683 4190 1921 4233; x_wconf 89' lang='lat' dir='ltr'><strong>mutuata</strong></span> <span class='ocrx_word' id='word_1_580' title='bbox 1949 4197 1963 4234; x_wconf 94' lang='lat'>:</span> 
     </span>
    </p>
   </div>
   <div class='ocr_carea' id='block_1_74' title="bbox 390 4268 1965 4339">
    <p class='ocr_par' dir='ltr' id='par_1_74' title="bbox 390 4268 1965 4339">
     <span class='ocr_line' id='line_1_74' title="bbox 390 4268 1965 4339; baseline 0.005 -21"><span class='ocrx_word' id='word_1_581' title='bbox 390 4268 474 4321; x_wconf 71' lang='lat' dir='ltr'><strong>sic</strong></span> <span class='ocrx_word' id='word_1_582' title='bbox 514 4278 568 4321; x_wconf 90' lang='lat' dir='ltr'><strong>et</strong></span> <span class='ocrx_word' id='word_1_583' title='bbox 617 4269 882 4335; x_wconf 84' lang='lat' dir='ltr'><strong>diabolus,</strong></span> <span class='ocrx_word' id='word_1_584' title='bbox 916 4272 1128 4339; x_wconf 86' lang='lat' dir='ltr'><strong>quando</strong></span> <span class='ocrx_word' id='word_1_585' title='bbox 1176 4281 1390 4339; x_wconf 82' lang='lat' dir='ltr'><strong>peccata</strong></span> <span class='ocrx_word' id='word_1_586' title='bbox 1445 4272 1747 4326; x_wconf 91' lang='lat' dir='ltr'><strong>hominibus</strong></span> <span class='ocrx_word' id='word_1_587' title='bbox 1804 4274 1965 4327; x_wconf 88' lang='lat' dir='ltr'><strong>multa</strong></span> 
     </span>
    </p>
   </div>
   <div class='ocr_carea' id='block_1_75' title="bbox 383 4344 1965 4432">
    <p class='ocr_par' dir='ltr' id='par_1_75' title="bbox 383 4344 1965 4432">
     <span class='ocr_line' id='line_1_75' title="bbox 383 4344 1965 4432; baseline 0.004 -20"><span class='ocrx_word' id='word_1_588' title='bbox 383 4363 818 4429; x_wconf 79' lang='lat' dir='ltr'><strong>congregaverit,</strong></span> <span class='ocrx_word' id='word_1_589' title='bbox 852 4363 986 4416; x_wconf 87' lang='lat' dir='ltr'><strong>etin</strong></span> <span class='ocrx_word' id='word_1_590' title='bbox 1018 4363 1097 4417; x_wconf 88' lang='lat' dir='ltr'><strong>eis</strong></span> <span class='ocrx_word' id='word_1_591' title='bbox 1122 4363 1381 4417; x_wconf 87' lang='lat' dir='ltr'><strong>obstinata</strong></span> <span class='ocrx_word' id='word_1_592' title='bbox 1413 4344 1686 4417; x_wconf 77' lang='lat' dir='ltr'><strong>voluntate</strong></span> <span class='ocrx_word' id='word_1_593' title='bbox 1714 4365 1965 4432; x_wconf 85' lang='lat' dir='ltr'><strong>perstite-</strong></span> 
     </span>
    </p>
   </div>
   <div class='ocr_carea' id='block_1_76' title="bbox 384 4451 1965 4522">
    <p class='ocr_par' dir='ltr' id='par_1_76' title="bbox 384 4451 1965 4522">
     <span class='ocr_line' id='line_1_76' title="bbox 384 4451 1965 4522; baseline 0.004 -18"><span class='ocrx_word' id='word_1_594' title='bbox 384 4451 517 4516; x_wconf 76' lang='lat' dir='ltr'><strong>rint,</strong></span> <span class='ocrx_word' id='word_1_595' title='bbox 547 4453 736 4520; x_wconf 83' lang='lat' dir='ltr'><strong>accipit</strong></span> <span class='ocrx_word' id='word_1_596' title='bbox 766 4462 1086 4522; x_wconf 88' lang='lat' dir='ltr'><strong>potestatem</strong></span> <span class='ocrx_word' id='word_1_597' title='bbox 1118 4464 1175 4507; x_wconf 92' lang='lat' dir='ltr'><strong>ut</strong></span> <span class='ocrx_word' id='word_1_598' title='bbox 1200 4454 1419 4508; x_wconf 78' lang='lat' dir='ltr'><strong>obnoxii</strong></span> <span class='ocrx_word' id='word_1_599' title='bbox 1452 4456 1809 4510; x_wconf 87' lang='lat' dir='ltr'><strong>substantiam</strong></span> <span class='ocrx_word' id='word_1_600' title='bbox 1838 4456 1965 4511; x_wconf 90' lang='lat' dir='ltr'><strong>diri-</strong></span> 
     </span>
    </p>
   </div>
   <div class='ocr_carea' id='block_1_77' title="bbox 2076 3266 3648 3337">
    <p class='ocr_par' dir='ltr' id='par_1_77' title="bbox 2076 3266 3648 3337">
     <span class='ocr_line' id='line_1_77' title="bbox 2076 3266 3648 3337; baseline -0.001 -15"><span class='ocrx_word' id='word_1_601' title='bbox 2076 3274 2133 3322; x_wconf 87' lang='lat' dir='ltr'><strong>et</strong></span> <span class='ocrx_word' id='word_1_602' title='bbox 2159 3267 2447 3334; x_wconf 82' lang='lat' dir='ltr'><strong>prOpbetas</strong></span> <span class='ocrx_word' id='word_1_603' title='bbox 2472 3266 2760 3331; x_wconf 90' lang='lat' dir='ltr'><strong>occideret,</strong></span> <span class='ocrx_word' id='word_1_604' title='bbox 2793 3281 2893 3322; x_wconf 90' lang='lat' dir='ltr'><strong>nec</strong></span> <span class='ocrx_word' id='word_1_605' title='bbox 2932 3268 2998 3322; x_wconf 89' lang='lat' dir='ltr'><strong>ab</strong></span> <span class='ocrx_word' id='word_1_606' title='bbox 3040 3266 3172 3337; x_wconf 89' lang='lat' dir='ltr'><strong>ipsis</strong></span> <span class='ocrx_word' id='word_1_607' title='bbox 3212 3266 3516 3322; x_wconf 74' lang='lat' dir='ltr'><strong>daemonum</strong></span> <span class='ocrx_word' id='word_1_608' title='bbox 3560 3280 3648 3321; x_wconf 76' lang='lat' dir='ltr'><strong>sa-</strong></span> 
     </span>
    </p>
   </div>
   <div class='ocr_carea' id='block_1_78' title="bbox 2074 3355 3646 3427">
    <p class='ocr_par' dir='ltr' id='par_1_78' title="bbox 2074 3355 3646 3427">
     <span class='ocr_line' id='line_1_78' title="bbox 2074 3355 3646 3427; baseline 0.001 -16"><span class='ocrx_word' id='word_1_609' title='bbox 2074 3355 2289 3411; x_wconf 84' lang='lat' dir='ltr'><strong>crificiis</strong></span> <span class='ocrx_word' id='word_1_610' title='bbox 2319 3356 2634 3412; x_wconf 90' lang='lat' dir='ltr'><strong>abstineret.</strong></span> <span class='ocrx_word' id='word_1_611' title='bbox 2684 3356 2942 3427; x_wconf 76' lang='lat' dir='ltr'><strong>Sacrilegi</strong></span> <span class='ocrx_word' id='word_1_612' title='bbox 2994 3357 3137 3412; x_wconf 90' lang='lat' dir='ltr'><strong>enim</strong></span> <span class='ocrx_word' id='word_1_613' title='bbox 3176 3356 3327 3412; x_wconf 65' lang='lat' dir='ltr'><strong>ludat</strong></span> <span class='ocrx_word' id='word_1_614' title='bbox 3373 3356 3646 3412; x_wconf 81' lang='lat' dir='ltr'><strong>traditoris</strong></span> 
     </span>
    </p>
   </div>
   <div class='ocr_carea' id='block_1_79' title="bbox 2073 3447 3647 3519">
    <p class='ocr_par' dir='ltr' id='par_1_79' title="bbox 2073 3447 3647 3519">
     <span class='ocr_line' id='line_1_79' title="bbox 2073 3447 3647 3519; baseline 0.001 -17"><span class='ocrx_word' id='word_1_615' title='bbox 2073 3447 2221 3502; x_wconf 88' lang='lat' dir='ltr'><strong>illam</strong></span> <span class='ocrx_word' id='word_1_616' title='bbox 2252 3459 2460 3518; x_wconf 89' lang='lat' dir='ltr'><strong>partem</strong></span> <span class='ocrx_word' id='word_1_617' title='bbox 2489 3450 2620 3504; x_wconf 91' lang='lat' dir='ltr'><strong>dicit</strong></span> <span class='ocrx_word' id='word_1_618' title='bbox 2653 3464 2774 3505; x_wconf 88' lang='lat' dir='ltr'><strong>esse</strong></span> <span class='ocrx_word' id='word_1_619' title='bbox 2814 3450 3127 3519; x_wconf 77' lang='lat' dir='ltr'><strong>genitricem</strong></span> <span class='ocrx_word' id='word_1_620' title='bbox 3155 3489 3171 3515; x_wconf 94' lang='lat'><strong>,</strong></span> <span class='ocrx_word' id='word_1_621' title='bbox 3210 3465 3317 3505; x_wconf 92' lang='lat' dir='ltr'><strong>non</strong></span> <span class='ocrx_word' id='word_1_622' title='bbox 3358 3464 3478 3519; x_wconf 62' lang='lat' dir='ltr'><strong>quas</strong></span> <span class='ocrx_word' id='word_1_623' title='bbox 3508 3449 3647 3503; x_wconf 82' lang='lat' dir='ltr'><strong>viros</strong></span> 
     </span>
    </p>
   </div>
   <div class='ocr_carea' id='block_1_80' title="bbox 2073 3539 3644 3612">
    <p class='ocr_par' dir='ltr' id='par_1_80' title="bbox 2073 3539 3644 3612">
     <span class='ocr_line' id='line_1_80' title="bbox 2073 3539 3644 3612; baseline 0.001 -20"><span class='ocrx_word' id='word_1_624' title='bbox 2073 3546 2290 3594; x_wconf 88' lang='lat' dir='ltr'><strong>sanctos</strong></span> <span class='ocrx_word' id='word_1_625' title='bbox 2330 3540 2589 3609; x_wconf 89' lang='lat' dir='ltr'><strong>protulit,</strong></span> <span class='ocrx_word' id='word_1_626' title='bbox 2621 3539 2717 3595; x_wconf 88' lang='lat' dir='ltr'><strong>sed</strong></span> <span class='ocrx_word' id='word_1_627' title='bbox 2754 3554 2874 3610; x_wconf 67' lang='lat' dir='ltr'><strong>quae</strong></span> <span class='ocrx_word' id='word_1_628' title='bbox 2917 3540 3285 3612; x_wconf 84' lang='lat' dir='ltr'><strong>innocentium</strong></span> <span class='ocrx_word' id='word_1_629' title='bbox 3332 3541 3644 3610; x_wconf 75' lang='lat' dir='ltr'><strong>sanguinem</strong></span> 
     </span>
    </p>
   </div>
   <div class='ocr_carea' id='block_1_81' title="bbox 2071 3628 2226 3684">
    <p class='ocr_par' dir='ltr' id='par_1_81' title="bbox 2071 3628 2226 3684">
     <span class='ocr_line' id='line_1_81' title="bbox 2071 3628 2226 3684; baseline 0.013 -2"><span class='ocrx_word' id='word_1_630' title='bbox 2071 3628 2226 3684; x_wconf 85' lang='lat' dir='ltr'><strong>fudit.</strong></span> 
     </span>
    </p>
   </div>
   <div class='ocr_carea' id='block_1_82' title="bbox 2144 3729 3647 3802">
    <p class='ocr_par' dir='ltr' id='par_1_82' title="bbox 2144 3729 3647 3802">
     <span class='ocr_line' id='line_1_82' title="bbox 2144 3729 3647 3802; baseline 0.001 -19"><span class='ocrx_word' id='word_1_631' title='bbox 2144 3729 2298 3785; x_wconf 79' lang='lat' dir='ltr'><strong>Vers.</strong></span> <span class='ocrx_word' id='word_1_632' title='bbox 2327 3730 2416 3785; x_wconf 74' lang='grc'><strong>13.</strong></span> <span class='ocrx_word' id='word_1_633' title='bbox 2446 3729 2601 3785; x_wconf 84' lang='lat' dir='ltr'><strong>Fiant</strong></span> <span class='ocrx_word' id='word_1_634' title='bbox 2620 3740 2799 3785; x_wconf 89' lang='lat' dir='ltr'><strong>contra</strong></span> <span class='ocrx_word' id='word_1_635' title='bbox 2823 3731 3098 3786; x_wconf 88' lang='lat' dir='ltr'><strong>Dominum</strong></span> <span class='ocrx_word' id='word_1_636' title='bbox 3124 3747 3341 3801; x_wconf 88' lang='lat' dir='ltr'><strong>semper,</strong></span> <span class='ocrx_word' id='word_1_637' title='bbox 3372 3741 3418 3786; x_wconf 87' lang='lat' dir='ltr'><strong>et</strong></span> <span class='ocrx_word' id='word_1_638' title='bbox 3444 3732 3647 3802; x_wconf 84' lang='lat' dir='ltr'><strong>disper-</strong></span> 
     </span>
    </p>
   </div>
   <div class='ocr_carea' id='block_1_83' title="bbox 2072 3823 3645 3892">
    <p class='ocr_par' dir='ltr' id='par_1_83' title="bbox 2072 3823 3645 3892">
     <span class='ocr_line' id='line_1_83' title="bbox 2072 3823 3645 3892; baseline 0 -17"><span class='ocrx_word' id='word_1_639' title='bbox 2072 3831 2151 3875; x_wconf 88' lang='lat' dir='ltr'><strong>eat</strong></span> <span class='ocrx_word' id='word_1_640' title='bbox 2172 3826 2233 3876; x_wconf 84' lang='lat' dir='ltr'><strong>de</strong></span> <span class='ocrx_word' id='word_1_641' title='bbox 2254 3823 2396 3876; x_wconf 80' lang='lat' dir='ltr'><strong>terra</strong></span> <span class='ocrx_word' id='word_1_642' title='bbox 2409 3825 2654 3877; x_wconf 88' lang='lat' dir='ltr'><strong>memoria</strong></span> <span class='ocrx_word' id='word_1_643' title='bbox 2676 3840 2872 3878; x_wconf 90' lang='lat' dir='ltr'><strong>eorum.</strong></span> <span class='ocrx_word' id='word_1_644' title='bbox 2905 3824 3057 3878; x_wconf 88' lang='lat' dir='ltr'><strong>Nunc</strong></span> <span class='ocrx_word' id='word_1_645' title='bbox 3088 3825 3343 3892; x_wconf 88' lang='lat' dir='ltr'><strong>pluralem</strong></span> <span class='ocrx_word' id='word_1_646' title='bbox 3364 3838 3645 3877; x_wconf 89' lang='lat' dir='ltr'><strong>numerum</strong></span> 
     </span>
    </p>
   </div>
   <div class='ocr_carea' id='block_1_84' title="bbox 2074 3911 3643 3984">
    <p class='ocr_par' dir='ltr' id='par_1_84' title="bbox 2074 3911 3643 3984">
     <span class='ocr_line' id='line_1_84' title="bbox 2074 3911 3643 3984; baseline -0.003 -16"><span class='ocrx_word' id='word_1_647' title='bbox 2074 3914 2243 3984; x_wconf 90' lang='lat' dir='ltr'><strong>ponit,</strong></span> <span class='ocrx_word' id='word_1_648' title='bbox 2272 3915 2397 3982; x_wconf 90' lang='lat' dir='ltr'><strong>quia</strong></span> <span class='ocrx_word' id='word_1_649' title='bbox 2419 3915 2634 3968; x_wconf 68' lang='lat' dir='ltr'><strong>.ludteos</strong></span> <span class='ocrx_word' id='word_1_650' title='bbox 2658 3916 2860 3969; x_wconf 90' lang='lat' dir='ltr'><strong>mavult</strong></span> <span class='ocrx_word' id='word_1_651' title='bbox 2880 3924 3221 3968; x_wconf 89' lang='lat' dir='ltr'><strong>contumaces</strong></span> <span class='ocrx_word' id='word_1_652' title='bbox 3242 3911 3643 3981; x_wconf 81' lang='lat' dir='ltr'><strong>intelligi.-Nam</strong></span> 
     </span>
    </p>
   </div>
   <div class='ocr_carea' id='block_1_85' title="bbox 2070 4002 3645 4066">
    <p class='ocr_par' dir='ltr' id='par_1_85' title="bbox 2070 4002 3645 4066">
     <span class='ocr_line' id='line_1_85' title="bbox 2070 4002 3645 4066; baseline -0.003 -8"><span class='ocrx_word' id='word_1_653' title='bbox 2070 4005 2208 4058; x_wconf 91' lang='lat' dir='ltr'><strong>sicut</strong></span> <span class='ocrx_word' id='word_1_654' title='bbox 2233 4004 2285 4056; x_wconf 92' lang='lat' dir='ltr'><strong>in</strong></span> <span class='ocrx_word' id='word_1_655' title='bbox 2318 4017 2423 4056; x_wconf 91' lang='lat' dir='ltr'><strong>uno</strong></span> <span class='ocrx_word' id='word_1_656' title='bbox 2449 4010 2635 4056; x_wconf 91' lang='lat' dir='ltr'><strong>sancto</strong></span> <span class='ocrx_word' id='word_1_657' title='bbox 2662 4003 2856 4056; x_wconf 92' lang='lat' dir='ltr'><strong>multos</strong></span> <span class='ocrx_word' id='word_1_658' title='bbox 2885 4002 3073 4057; x_wconf 90' lang='lat' dir='ltr'><strong>beatos</strong></span> <span class='ocrx_word' id='word_1_659' title='bbox 3102 4002 3452 4066; x_wconf 88' lang='lat' dir='ltr'><strong>advertimus,</strong></span> <span class='ocrx_word' id='word_1_660' title='bbox 3485 4009 3543 4053; x_wconf 88' lang='lat' dir='ltr'><strong>ut</strong></span> <span class='ocrx_word' id='word_1_661' title='bbox 3565 4012 3645 4055; x_wconf 91' lang='lat' dir='ltr'><strong>est</strong></span> 
     </span>
    </p>
   </div>
   <div class='ocr_carea' id='block_1_86' title="bbox 2071 4089 3643 4160">
    <p class='ocr_par' dir='ltr' id='par_1_86' title="bbox 2071 4089 3643 4160">
     <span class='ocr_line' id='line_1_86' title="bbox 2071 4089 3643 4160; baseline -0.004 -13"><span class='ocrx_word' id='word_1_662' title='bbox 2071 4091 2200 4147; x_wconf 90' lang='lat' dir='ltr'><strong>illud</strong></span> <span class='ocrx_word' id='word_1_663' title='bbox 2233 4109 2246 4144; x_wconf 95' lang='lat'>:</span> <span class='ocrx_word' id='word_1_664' title='bbox 2281 4091 2358 4143; x_wconf 88' lang='lat' dir='ltr'><strong>Tu</strong></span> <span class='ocrx_word' id='word_1_665' title='bbox 2386 4107 2437 4144; x_wconf 90' lang='lat' dir='ltr'><strong>es</strong></span> <span class='ocrx_word' id='word_1_666' title='bbox 2466 4090 2676 4153; x_wconf 82' lang='lat' dir='ltr'><strong>Petrus,</strong></span> <span class='ocrx_word' id='word_1_667' title='bbox 2703 4099 2749 4144; x_wconf 88' lang='lat' dir='ltr'><strong>et</strong></span> <span class='ocrx_word' id='word_1_668' title='bbox 2775 4107 2929 4159; x_wconf 86' lang='lat' dir='ltr'><strong>super</strong></span> <span class='ocrx_word' id='word_1_669' title='bbox 2957 4092 3089 4144; x_wconf 89' lang='lat' dir='ltr'><strong>hanc</strong></span> <span class='ocrx_word' id='word_1_670' title='bbox 3141 4100 3335 4160; x_wconf 85' lang='lat' dir='ltr'><strong>petram</strong></span> <span class='ocrx_word' id='word_1_671' title='bbox 3374 4089 3643 4157; x_wconf 77' lang='lat' dir='ltr'><strong>cediﬁcabo</strong></span> 
     </span>
    </p>
   </div>
   <div class='ocr_carea' id='block_1_87' title="bbox 2070 4180 3642 4250">
    <p class='ocr_par' dir='ltr' id='par_1_87' title="bbox 2070 4180 3642 4250">
     <span class='ocr_line' id='line_1_87' title="bbox 2070 4180 3642 4250; baseline -0.003 -15"><span class='ocrx_word' id='word_1_672' title='bbox 2070 4181 2354 4237; x_wconf 83' lang='lat' dir='ltr'><strong>Ecclesium</strong></span> <span class='ocrx_word' id='word_1_673' title='bbox 2383 4197 2543 4235; x_wconf 85' lang='lat' dir='ltr'><strong>meam</strong></span> <span class='ocrx_word' id='word_1_674' title='bbox 2575 4180 2790 4250; x_wconf 76' lang='lat' dir='ltr'><strong>(Matth.</strong></span> <span class='ocrx_word' id='word_1_675' title='bbox 2818 4196 2925 4245; x_wconf 81' lang='lat' dir='ltr'><strong>xvi,</strong></span> <span class='ocrx_word' id='word_1_676' title='bbox 2962 4182 3052 4250; x_wconf 85' lang='grc'><strong>18)</strong></span> <span class='ocrx_word' id='word_1_677' title='bbox 3082 4183 3199 4235; x_wconf 89' lang='lat' dir='ltr'><strong>:sic</strong></span> <span class='ocrx_word' id='word_1_678' title='bbox 3228 4182 3420 4235; x_wconf 89' lang='lat' dir='ltr'><strong>iterum</strong></span> <span class='ocrx_word' id='word_1_679' title='bbox 3450 4182 3503 4234; x_wconf 93' lang='lat' dir='ltr'><strong>in</strong></span> <span class='ocrx_word' id='word_1_680' title='bbox 3536 4196 3642 4232; x_wconf 86' lang='lat' dir='ltr'><strong>uno</strong></span> 
     </span>
    </p>
   </div>
   <div class='ocr_carea' id='block_1_88' title="bbox 2071 4272 3642 4343">
    <p class='ocr_par' dir='ltr' id='par_1_88' title="bbox 2071 4272 3642 4343">
     <span class='ocr_line' id='line_1_88' title="bbox 2071 4272 3642 4343; baseline -0.003 -13"><span class='ocrx_word' id='word_1_681' title='bbox 2071 4276 2304 4343; x_wconf 90' lang='lat' dir='ltr'><strong>pessimo</strong></span> <span class='ocrx_word' id='word_1_682' title='bbox 2332 4274 2483 4328; x_wconf 88' lang='lat' dir='ltr'><strong>multi</strong></span> <span class='ocrx_word' id='word_1_683' title='bbox 2516 4273 2860 4328; x_wconf 79' lang='lat' dir='ltr'><strong>deteStabiles</strong></span> <span class='ocrx_word' id='word_1_684' title='bbox 2884 4274 3245 4328; x_wconf 86' lang='lat' dir='ltr'><strong>continentur.</strong></span> <span class='ocrx_word' id='word_1_685' title='bbox 3279 4273 3470 4328; x_wconf 89' lang='lat' dir='ltr'><strong>Petrus</strong></span> <span class='ocrx_word' id='word_1_686' title='bbox 3500 4272 3642 4327; x_wconf 88' lang='lat' dir='ltr'><strong>enim</strong></span> 
     </span>
    </p>
   </div>
   <div class='ocr_carea' id='block_1_89' title="bbox 2069 4363 3644 4436">
    <p class='ocr_par' dir='ltr' id='par_1_89' title="bbox 2069 4363 3644 4436">
     <span class='ocr_line' id='line_1_89' title="bbox 2069 4363 3644 4436; baseline -0.001 -17"><span class='ocrx_word' id='word_1_687' title='bbox 2069 4367 2209 4436; x_wconf 74' lang='lat' dir='ltr'><strong>gerit</strong></span> <span class='ocrx_word' id='word_1_688' title='bbox 2234 4364 2486 4420; x_wconf 73' lang='lat' dir='ltr'><strong>Ecclesia:</strong></span> <span class='ocrx_word' id='word_1_689' title='bbox 2512 4373 2717 4434; x_wconf 84' lang='lat' dir='ltr'><strong>typum,</strong></span> <span class='ocrx_word' id='word_1_690' title='bbox 2753 4363 2919 4419; x_wconf 85' lang='lat' dir='ltr'><strong>Judas</strong></span> <span class='ocrx_word' id='word_1_691' title='bbox 2962 4379 3090 4418; x_wconf 90' lang='lat' dir='ltr'><strong>vero</strong></span> <span class='ocrx_word' id='word_1_692' title='bbox 3126 4363 3441 4419; x_wconf 69' lang='lat' dir='ltr'><strong>damnanda:</strong></span> <span class='ocrx_word' id='word_1_693' title='bbox 3470 4363 3644 4434; x_wconf 84' lang='lat' dir='ltr'><strong>Baby-</strong></span> 
     </span>
    </p>
   </div>
   <div class='ocr_carea' id='block_1_90' title="bbox 2069 4453 3645 4525">
    <p class='ocr_par' dir='ltr' id='par_1_90' title="bbox 2069 4453 3645 4525">
     <span class='ocr_line' id='line_1_90' title="bbox 2069 4453 3645 4525; baseline -0.001 -16"><span class='ocrx_word' id='word_1_694' title='bbox 2069 4455 2230 4509; x_wconf 74' lang='lat' dir='ltr'><strong>lonia:</strong></span> <span class='ocrx_word' id='word_1_695' title='bbox 2276 4464 2450 4523; x_wconf 87' lang='lat' dir='ltr'><strong>portat</strong></span> <span class='ocrx_word' id='word_1_696' title='bbox 2498 4454 2808 4525; x_wconf 83' lang='lat' dir='ltr'><strong>imaginem.</strong></span> <span class='ocrx_word' id='word_1_697' title='bbox 2844 4453 2997 4510; x_wconf 90' lang='lat' dir='ltr'><strong>Unde</strong></span> <span class='ocrx_word' id='word_1_698' title='bbox 3027 4457 3218 4510; x_wconf 89' lang='lat' dir='ltr'><strong>merito</strong></span> <span class='ocrx_word' id='word_1_699' title='bbox 3262 4464 3381 4522; x_wconf 90' lang='lat' dir='ltr'><strong>post</strong></span> <span class='ocrx_word' id='word_1_700' title='bbox 3417 4471 3537 4508; x_wconf 89' lang='lat' dir='ltr'><strong>eum</strong></span> <span class='ocrx_word' id='word_1_701' title='bbox 3577 4457 3645 4508; x_wconf 87' lang='lat' dir='ltr'><strong>de</strong></span> 
     </span>
    </p>
   </div>
   <div class='ocr_carea' id='block_1_91' title="bbox 384 4538 3645 4616">
    <p class='ocr_par' dir='ltr' id='par_1_91' title="bbox 384 4538 3645 4616">
     <span class='ocr_line' id='line_1_91' title="bbox 384 4538 3645 4616; baseline 0.002 -24"><span class='ocrx_word' id='word_1_702' title='bbox 384 4538 501 4607; x_wconf 76' lang='lat' dir='ltr'><strong>piat</strong></span> <span class='ocrx_word' id='word_1_703' title='bbox 524 4582 539 4604; x_wconf 92' lang='lat'><strong>,</strong></span> <span class='ocrx_word' id='word_1_704' title='bbox 571 4551 625 4595; x_wconf 87' lang='lat' dir='ltr'><strong>et</strong></span> <span class='ocrx_word' id='word_1_705' title='bbox 664 4556 762 4610; x_wconf 89' lang='lat' dir='ltr'><strong>pro</strong></span> <span class='ocrx_word' id='word_1_706' title='bbox 808 4543 957 4597; x_wconf 89' lang='lat' dir='ltr'><strong>Iibito</strong></span> <span class='ocrx_word' id='word_1_707' title='bbox 997 4558 1094 4598; x_wconf 88' lang='lat' dir='ltr'><strong>suo</strong></span> <span class='ocrx_word' id='word_1_708' title='bbox 1124 4543 1190 4598; x_wconf 87' lang='lat' dir='ltr'><strong>de</strong></span> <span class='ocrx_word' id='word_1_709' title='bbox 1220 4544 1449 4598; x_wconf 88' lang='lat' dir='ltr'><strong>humana</strong></span> <span class='ocrx_word' id='word_1_710' title='bbox 1496 4546 1597 4600; x_wconf 89' lang='lat' dir='ltr'><strong>sibi</strong></span> <span class='ocrx_word' id='word_1_711' title='bbox 1637 4546 1963 4602; x_wconf 89' lang='lat' dir='ltr'><strong>laceratione</strong></span> <span class='ocrx_word' id='word_1_712' title='bbox 1990 4554 2042 4613; x_wconf 88' lang='lat' dir='ltr'><strong>D</strong></span> <span class='ocrx_word' id='word_1_713' title='bbox 2070 4546 2287 4616; x_wconf 80' lang='lat' dir='ltr'><strong>perfidis</strong></span> <span class='ocrx_word' id='word_1_714' title='bbox 2317 4546 2470 4612; x_wconf 89' lang='lat' dir='ltr'><strong>dicit,</strong></span> <span class='ocrx_word' id='word_1_715' title='bbox 2501 4546 2625 4615; x_wconf 91' lang='lat' dir='ltr'><strong>quia</strong></span> <span class='ocrx_word' id='word_1_716' title='bbox 2656 4546 2830 4614; x_wconf 90' lang='lat' dir='ltr'><strong>ipsum</strong></span> <span class='ocrx_word' id='word_1_717' title='bbox 2855 4547 3106 4601; x_wconf 86' lang='lat' dir='ltr'><strong>scelerati</strong></span> <span class='ocrx_word' id='word_1_718' title='bbox 3138 4545 3291 4600; x_wconf 88' lang='lat' dir='ltr'><strong>malis</strong></span> <span class='ocrx_word' id='word_1_719' title='bbox 3317 4544 3645 4599; x_wconf 82' lang='lat' dir='ltr'><strong>facinoribus</strong></span> 
     </span>
    </p>
   </div>
   <div class='ocr_carea' id='block_1_92' title="bbox 384 4632 1961 4709">
    <p class='ocr_par' dir='ltr' id='par_1_92' title="bbox 384 4632 1961 4709">
     <span class='ocr_line' id='line_1_92' title="bbox 384 4632 1961 4709; baseline 0.007 -26"><span class='ocrx_word' id='word_1_720' title='bbox 384 4632 698 4686; x_wconf 80' lang='lat' dir='ltr'><strong>satisfaciat.</strong></span> <span class='ocrx_word' id='word_1_721' title='bbox 732 4634 842 4688; x_wconf 88' lang='lat' dir='ltr'><strong>lloc</strong></span> <span class='ocrx_word' id='word_1_722' title='bbox 874 4649 1014 4689; x_wconf 90' lang='lat' dir='ltr'><strong>nunc</strong></span> <span class='ocrx_word' id='word_1_723' title='bbox 1040 4645 1256 4704; x_wconf 91' lang='lat' dir='ltr'><strong>optatur</strong></span> <span class='ocrx_word' id='word_1_724' title='bbox 1277 4636 1449 4701; x_wconf 69' lang='lat' dir='ltr'><strong>Judr,</strong></span> <span class='ocrx_word' id='word_1_725' title='bbox 1482 4647 1543 4691; x_wconf 91' lang='lat' dir='ltr'><strong>ut</strong></span> <span class='ocrx_word' id='word_1_726' title='bbox 1582 4639 1737 4693; x_wconf 88' lang='lat' dir='ltr'><strong>datus</strong></span> <span class='ocrx_word' id='word_1_727' title='bbox 1781 4640 1836 4694; x_wconf 93' lang='lat' dir='ltr'><strong>in</strong></span> <span class='ocrx_word' id='word_1_728' title='bbox 1868 4656 1961 4709; x_wconf 90' lang='lat' dir='ltr'><strong>pn-</strong></span> 
     </span>
    </p>
   </div>
   <div class='ocr_carea' id='block_1_93' title="bbox 386 4725 1960 4802">
    <p class='ocr_par' dir='ltr' id='par_1_93' title="bbox 386 4725 1960 4802">
     <span class='ocr_line' id='line_1_93' title="bbox 386 4725 1960 4802; baseline 0.005 -27"><span class='ocrx_word' id='word_1_729' title='bbox 386 4734 582 4778; x_wconf 88' lang='lat' dir='ltr'><strong>testate</strong></span> <span class='ocrx_word' id='word_1_730' title='bbox 607 4725 804 4780; x_wconf 86' lang='lat' dir='ltr'><strong>diaboli</strong></span> <span class='ocrx_word' id='word_1_731' title='bbox 833 4728 985 4781; x_wconf 92' lang='lat' dir='ltr'><strong>bonis</strong></span> <span class='ocrx_word' id='word_1_732' title='bbox 1030 4728 1279 4783; x_wconf 88' lang='lat' dir='ltr'><strong>omnibus</strong></span> <span class='ocrx_word' id='word_1_733' title='bbox 1318 4730 1598 4783; x_wconf 63' lang='lat' dir='ltr'><strong>enudetur.</strong></span> <span class='ocrx_word' id='word_1_734' title='bbox 1626 4732 1791 4785; x_wconf 81' lang='lat' dir='ltr'><strong>Alieni</strong></span> <span class='ocrx_word' id='word_1_735' title='bbox 1822 4749 1960 4802; x_wconf 81' lang='lat' dir='ltr'><strong>qun-</strong></span> 
     </span>
    </p>
   </div>
   <div class='ocr_carea' id='block_1_94' title="bbox 379 4816 1954 4892">
    <p class='ocr_par' dir='ltr' id='par_1_94' title="bbox 379 4816 1954 4892">
     <span class='ocr_line' id='line_1_94' title="bbox 379 4816 1954 4892; baseline 0.006 -26"><span class='ocrx_word' id='word_1_736' title='bbox 379 4829 491 4882; x_wconf 78' lang='lat' dir='ltr'><strong>que</strong></span> <span class='ocrx_word' id='word_1_737' title='bbox 518 4826 640 4869; x_wconf 88' lang='lat' dir='ltr'><strong>sunt</strong></span> <span class='ocrx_word' id='word_1_738' title='bbox 661 4816 878 4884; x_wconf 88' lang='lat' dir='ltr'><strong>spiritus</strong></span> <span class='ocrx_word' id='word_1_739' title='bbox 905 4818 1408 4887; x_wconf 81' lang='lat' dir='ltr'><strong>immundi,&#39;quibus</strong></span> <span class='ocrx_word' id='word_1_740' title='bbox 1434 4820 1677 4875; x_wconf 91' lang='lat' dir='ltr'><strong>diabolus</strong></span> <span class='ocrx_word' id='word_1_741' title='bbox 1701 4830 1954 4892; x_wconf 88' lang='lat' dir='ltr'><strong>tanquam</strong></span> 
     </span>
    </p>
   </div>
   <div class='ocr_carea' id='block_1_95' title="bbox 378 4908 1953 4977">
    <p class='ocr_par' dir='ltr' id='par_1_95' title="bbox 378 4908 1953 4977">
     <span class='ocr_line' id='line_1_95' title="bbox 378 4908 1953 4977; baseline 0.006 -17"><span class='ocrx_word' id='word_1_742' title='bbox 378 4908 667 4977; x_wconf 72' lang='lat' dir='ltr'><strong>mancipiis</strong></span> <span class='ocrx_word' id='word_1_743' title='bbox 710 4910 934 4977; x_wconf 83' lang='lat' dir='ltr'><strong>imperat</strong></span> <span class='ocrx_word' id='word_1_744' title='bbox 960 4910 1026 4963; x_wconf 89' lang='lat' dir='ltr'><strong>ad</strong></span> <span class='ocrx_word' id='word_1_745' title='bbox 1056 4911 1381 4967; x_wconf 88' lang='lat' dir='ltr'><strong>nocendum.</strong></span> <span class='ocrx_word' id='word_1_746' title='bbox 1416 4914 1485 4967; x_wconf 88' lang='lat' dir='ltr'><strong>Et</strong></span> <span class='ocrx_word' id='word_1_747' title='bbox 1515 4914 1652 4969; x_wconf 91' lang='lat' dir='ltr'><strong>bene</strong></span> <span class='ocrx_word' id='word_1_748' title='bbox 1681 4915 1806 4969; x_wconf 91' lang='lat' dir='ltr'><strong>dicti</strong></span> <span class='ocrx_word' id='word_1_749' title='bbox 1835 4925 1953 4969; x_wconf 89' lang='lat' dir='ltr'><strong>sunt</strong></span> 
     </span>
    </p>
   </div>
   <div class='ocr_carea' id='block_1_96' title="bbox 378 4999 1960 5071">
    <p class='ocr_par' dir='ltr' id='par_1_96' title="bbox 378 4999 1960 5071">
     <span class='ocr_line' id='line_1_96' title="bbox 378 4999 1960 5071; baseline 0.005 -21"><span class='ocrx_word' id='word_1_750' title='bbox 378 4999 544 5051; x_wconf 82' lang='lat' dir='ltr'><strong>alieni</strong></span> <span class='ocrx_word' id='word_1_751' title='bbox 565 5038 581 5064; x_wconf 94' lang='lat'><strong>,</strong></span> <span class='ocrx_word' id='word_1_752' title='bbox 612 4999 754 5068; x_wconf 91' lang='lat' dir='ltr'><strong>quia</strong></span> <span class='ocrx_word' id='word_1_753' title='bbox 783 5015 953 5071; x_wconf 80' lang='lat' dir='ltr'><strong>regno</strong></span> <span class='ocrx_word' id='word_1_754' title='bbox 1006 5000 1218 5055; x_wconf 79' lang='lat' dir='ltr'><strong>Domini</strong></span> <span class='ocrx_word' id='word_1_755' title='bbox 1245 5003 1540 5070; x_wconf 88' lang='lat' dir='ltr'><strong>probantur</strong></span> <span class='ocrx_word' id='word_1_756' title='bbox 1571 5007 1833 5061; x_wconf 86' lang='lat' dir='ltr'><strong>extranei.</strong></span> <span class='ocrx_word' id='word_1_757' title='bbox 1870 5005 1960 5059; x_wconf 85' lang='lat' dir='ltr'><strong>isti</strong></span> 
     </span>
    </p>
   </div>
   <div class='ocr_carea' id='block_1_97' title="bbox 381 5091 1957 5165">
    <p class='ocr_par' dir='ltr' id='par_1_97' title="bbox 381 5091 1957 5165">
     <span class='ocr_line' id='line_1_97' title="bbox 381 5091 1957 5165; baseline 0.004 -22"><span class='ocrx_word' id='word_1_758' title='bbox 381 5091 585 5145; x_wconf 80' lang='lat' dir='ltr'><strong>labores</strong></span> <span class='ocrx_word' id='word_1_759' title='bbox 610 5091 858 5162; x_wconf 84' lang='lat' dir='ltr'><strong>diripiunt</strong></span> <span class='ocrx_word' id='word_1_760' title='bbox 890 5092 1135 5146; x_wconf 90' lang='lat' dir='ltr'><strong>mandata</strong></span> <span class='ocrx_word' id='word_1_761' title='bbox 1170 5092 1382 5148; x_wconf 91' lang='lat' dir='ltr'><strong>Domini</strong></span> <span class='ocrx_word' id='word_1_762' title='bbox 1430 5095 1957 5165; x_wconf 85' lang='lat' dir='ltr'><strong>transgredientium,</strong></span> 
     </span>
    </p>
   </div>
   <div class='ocr_carea' id='block_1_98' title="bbox 378 5164 1957 5255">
    <p class='ocr_par' dir='ltr' id='par_1_98' title="bbox 378 5164 1957 5255">
     <span class='ocr_line' id='line_1_98' title="bbox 378 5164 1957 5255; baseline 0.005 -22"><span class='ocrx_word' id='word_1_763' title='bbox 378 5181 512 5234; x_wconf 80' lang='lat' dir='ltr'><strong>dum</strong></span> <span class='ocrx_word' id='word_1_764' title='bbox 536 5196 629 5236; x_wconf 89' lang='lat' dir='ltr'><strong>eos</strong></span> <span class='ocrx_word' id='word_1_765' title='bbox 646 5182 798 5235; x_wconf 92' lang='lat' dir='ltr'><strong>bonis</strong></span> <span class='ocrx_word' id='word_1_766' title='bbox 819 5183 1066 5237; x_wconf 89' lang='lat' dir='ltr'><strong>omnibus</strong></span> <span class='ocrx_word' id='word_1_767' title='bbox 1088 5164 1455 5251; x_wconf 56' lang='lat' dir='ltr'><strong>privaverint:</strong></span> <span class='ocrx_word' id='word_1_768' title='bbox 1452 5164 1701 5255; x_wconf 85' lang='lat' dir='ltr'><strong>percepta</strong></span> <span class='ocrx_word' id='word_1_769' title='bbox 1725 5187 1957 5241; x_wconf 89' lang='lat' dir='ltr'><strong>licentia.</strong></span> 
     </span>
    </p>
   </div>
   <div class='ocr_carea' id='block_1_99' title="bbox 455 5269 1962 5345">
    <p class='ocr_par' dir='ltr' id='par_1_99' title="bbox 455 5269 1962 5345">
     <span class='ocr_line' id='line_1_99' title="bbox 455 5269 1962 5345; baseline 0.005 -21"><span class='ocrx_word' id='word_1_770' title='bbox 455 5269 607 5324; x_wconf 82' lang='lat' dir='ltr'><strong>Vers.</strong></span> <span class='ocrx_word' id='word_1_771' title='bbox 640 5270 726 5325; x_wconf 79' lang='grc' dir='ltr'><strong>ω.</strong></span> <span class='ocrx_word' id='word_1_772' title='bbox 760 5270 882 5325; x_wconf 81' lang='lat' dir='ltr'><strong>Non</strong></span> <span class='ocrx_word' id='word_1_773' title='bbox 902 5273 967 5326; x_wconf 88' lang='lat' dir='ltr'><strong>sit</strong></span> <span class='ocrx_word' id='word_1_774' title='bbox 996 5272 1073 5324; x_wconf 86' lang='lat' dir='ltr'><strong>illi</strong></span> <span class='ocrx_word' id='word_1_775' title='bbox 1093 5272 1324 5343; x_wconf 88' lang='lat' dir='ltr'><strong>adjutor,</strong></span> <span class='ocrx_word' id='word_1_776' title='bbox 1348 5290 1438 5327; x_wconf 87' lang='lat' dir='ltr'><strong>nec</strong></span> <span class='ocrx_word' id='word_1_777' title='bbox 1464 5278 1529 5328; x_wconf 91' lang='lat' dir='ltr'><strong>sit</strong></span> <span class='ocrx_word' id='word_1_778' title='bbox 1557 5277 1644 5345; x_wconf 87' lang='lat' dir='ltr'><strong>qui</strong></span> <span class='ocrx_word' id='word_1_779' title='bbox 1663 5278 1962 5331; x_wconf 83' lang='lat' dir='ltr'><strong>misereatur</strong></span> 
     </span>
    </p>
   </div>
   <div class='ocr_carea' id='block_1_100' title="bbox 376 5362 1954 5434">
    <p class='ocr_par' dir='ltr' id='par_1_100' title="bbox 376 5362 1954 5434">
     <span class='ocr_line' id='line_1_100' title="bbox 376 5362 1954 5434; baseline 0.004 -20"><span class='ocrx_word' id='word_1_780' title='bbox 376 5362 593 5431; x_wconf 81' lang='lat' dir='ltr'><strong>pupillis</strong></span> <span class='ocrx_word' id='word_1_781' title='bbox 624 5365 754 5427; x_wconf 85' lang='lat' dir='ltr'><strong>eius.</strong></span> <span class='ocrx_word' id='word_1_782' title='bbox 786 5362 1048 5427; x_wconf 84' lang='lat' dir='ltr'><strong>Quoniam</strong></span> <span class='ocrx_word' id='word_1_783' title='bbox 1092 5371 1148 5416; x_wconf 88' lang='lat' dir='ltr'><strong>et</strong></span> <span class='ocrx_word' id='word_1_784' title='bbox 1188 5363 1315 5416; x_wconf 89' lang='lat' dir='ltr'><strong>boni</strong></span> <span class='ocrx_word' id='word_1_785' title='bbox 1346 5364 1448 5417; x_wconf 87' lang='lat' dir='ltr'><strong>viri</strong></span> <span class='ocrx_word' id='word_1_786' title='bbox 1488 5365 1684 5419; x_wconf 88' lang='lat' dir='ltr'><strong>diaboli</strong></span> <span class='ocrx_word' id='word_1_787' title='bbox 1739 5366 1954 5434; x_wconf 87' lang='lat' dir='ltr'><strong>quidem</strong></span> 
     </span>
    </p>
   </div>
   <div class='ocr_carea' id='block_1_101' title="bbox 377 5455 1958 5528">
    <p class='ocr_par' dir='ltr' id='par_1_101' title="bbox 377 5455 1958 5528">
     <span class='ocr_line' id='line_1_101' title="bbox 377 5455 1958 5528; baseline 0.004 -19"><span class='ocrx_word' id='word_1_788' title='bbox 377 5455 676 5511; x_wconf 77' lang='lat' dir='ltr'><strong>tentaiione</strong></span> <span class='ocrx_word' id='word_1_789' title='bbox 701 5458 1004 5525; x_wconf 86' lang='lat' dir='ltr'><strong>pulsantur;</strong></span> <span class='ocrx_word' id='word_1_790' title='bbox 1028 5456 1122 5511; x_wconf 88' lang='lat' dir='ltr'><strong>sed</strong></span> <span class='ocrx_word' id='word_1_791' title='bbox 1144 5456 1423 5511; x_wconf 90' lang='lat' dir='ltr'><strong>Dominum</strong></span> <span class='ocrx_word' id='word_1_792' title='bbox 1448 5458 1740 5528; x_wconf 84' lang='lat' dir='ltr'><strong>adjutorem</strong></span> <span class='ocrx_word' id='word_1_793' title='bbox 1762 5459 1958 5515; x_wconf 84' lang='lat' dir='ltr'><strong>habere</strong></span> 
     </span>
    </p>
   </div>
   <div class='ocr_carea' id='block_1_102' title="bbox 378 5547 1953 5617">
    <p class='ocr_par' dir='ltr' id='par_1_102' title="bbox 378 5547 1953 5617">
     <span class='ocr_line' id='line_1_102' title="bbox 378 5547 1953 5617; baseline 0.006 -20"><span class='ocrx_word' id='word_1_794' title='bbox 378 5560 489 5598; x_wconf 84' lang='lat' dir='ltr'><strong>non</strong></span> <span class='ocrx_word' id='word_1_795' title='bbox 520 5547 795 5613; x_wconf 89' lang='lat' dir='ltr'><strong>desinunt,</strong></span> <span class='ocrx_word' id='word_1_796' title='bbox 843 5558 900 5602; x_wconf 94' lang='lat' dir='ltr'><strong>ut</strong></span> <span class='ocrx_word' id='word_1_797' title='bbox 943 5547 1011 5601; x_wconf 88' lang='lat' dir='ltr'><strong>ab</strong></span> <span class='ocrx_word' id='word_1_798' title='bbox 1040 5547 1335 5602; x_wconf 90' lang='lat' dir='ltr'><strong>imminenti</strong></span> <span class='ocrx_word' id='word_1_799' title='bbox 1371 5549 1606 5617; x_wconf 87' lang='lat' dir='ltr'><strong>periculo</strong></span> <span class='ocrx_word' id='word_1_800' title='bbox 1638 5549 1953 5606; x_wconf 89' lang='lat' dir='ltr'><strong>liberentur.</strong></span> 
     </span>
    </p>
   </div>
   <div class='ocr_carea' id='block_1_103' title="bbox 378 5636 1956 5708">
    <p class='ocr_par' dir='ltr' id='par_1_103' title="bbox 378 5636 1956 5708">
     <span class='ocr_line' id='line_1_103' title="bbox 378 5636 1956 5708; baseline 0.002 -17"><span class='ocrx_word' id='word_1_801' title='bbox 378 5636 431 5691; x_wconf 80' lang='grc' dir='ltr'><strong>Μ</strong></span> <span class='ocrx_word' id='word_1_802' title='bbox 454 5637 551 5693; x_wconf 81' lang='lat' dir='ltr'><strong>.los</strong></span> <span class='ocrx_word' id='word_1_803' title='bbox 596 5639 728 5694; x_wconf 90' lang='lat' dir='ltr'><strong>dicit</strong></span> <span class='ocrx_word' id='word_1_804' title='bbox 758 5640 845 5694; x_wconf 90' lang='lat' dir='ltr'><strong>tali</strong></span> <span class='ocrx_word' id='word_1_805' title='bbox 890 5639 1155 5708; x_wconf 85' lang='lat' dir='ltr'><strong>adjutorio</strong></span> <span class='ocrx_word' id='word_1_806' title='bbox 1195 5639 1522 5695; x_wconf 86' lang='lat' dir='ltr'><strong>deserendos</strong></span> <span class='ocrx_word' id='word_1_807' title='bbox 1548 5683 1560 5705; x_wconf 91' lang='lat'><strong>,</strong></span> <span class='ocrx_word' id='word_1_808' title='bbox 1597 5647 1652 5693; x_wconf 90' lang='lat' dir='ltr'><strong>ut</strong></span> <span class='ocrx_word' id='word_1_809' title='bbox 1680 5651 1956 5694; x_wconf 86' lang='lat' dir='ltr'><strong>remaneat</strong></span> 
     </span>
    </p>
   </div>
   <div class='ocr_carea' id='block_1_104' title="bbox 375 5729 1949 5804">
    <p class='ocr_par' dir='ltr' id='par_1_104' title="bbox 375 5729 1949 5804">
     <span class='ocr_line' id='line_1_104' title="bbox 375 5729 1949 5804; baseline 0.001 -21"><span class='ocrx_word' id='word_1_810' title='bbox 375 5729 635 5799; x_wconf 66' lang='lat' dir='ltr'><strong>iniquitas</strong></span> <span class='ocrx_word' id='word_1_811' title='bbox 664 5732 962 5804; x_wconf 86' lang='lat' dir='ltr'><strong>desperata,</strong></span> <span class='ocrx_word' id='word_1_812' title='bbox 992 5732 1073 5790; x_wconf 88' lang='lat' dir='ltr'><strong>cui</strong></span> <span class='ocrx_word' id='word_1_813' title='bbox 1102 5732 1431 5789; x_wconf 87' lang='lat' dir='ltr'><strong>subtrahitur</strong></span> <span class='ocrx_word' id='word_1_814' title='bbox 1458 5733 1811 5789; x_wconf 82' lang='lat' dir='ltr'><strong>saluberrima</strong></span> <span class='ocrx_word' id='word_1_815' title='bbox 1842 5747 1949 5786; x_wconf 54' lang='lat' dir='ltr'><strong>uie.</strong></span> 
     </span>
    </p>
   </div>
   <div class='ocr_carea' id='block_1_105' title="bbox 2069 4638 3643 4711">
    <p class='ocr_par' dir='ltr' id='par_1_105' title="bbox 2069 4638 3643 4711">
     <span class='ocr_line' id='line_1_105' title="bbox 2069 4638 3643 4711; baseline -0.001 -18"><span class='ocrx_word' id='word_1_816' title='bbox 2069 4640 2485 4708; x_wconf 89' lang='lat' dir='ltr'><strong>subsequuntur.</strong></span> <span class='ocrx_word' id='word_1_817' title='bbox 2522 4638 2684 4695; x_wconf 87' lang='lat' dir='ltr'><strong>Fiunt</strong></span> <span class='ocrx_word' id='word_1_818' title='bbox 2732 4656 2861 4711; x_wconf 77' lang='lat' dir='ltr'><strong>ergo</strong></span> <span class='ocrx_word' id='word_1_819' title='bbox 2912 4650 3223 4710; x_wconf 87' lang='lat' dir='ltr'><strong>peccatores</strong></span> <span class='ocrx_word' id='word_1_820' title='bbox 3252 4651 3431 4693; x_wconf 77' lang='lat' dir='ltr'><strong>contra</strong></span> <span class='ocrx_word' id='word_1_821' title='bbox 3460 4638 3643 4692; x_wconf 83' lang='lat' dir='ltr'><strong>Domi-</strong></span> 
     </span>
    </p>
   </div>
   <div class='ocr_carea' id='block_1_106' title="bbox 2068 4728 3644 4803">
    <p class='ocr_par' dir='ltr' id='par_1_106' title="bbox 2068 4728 3644 4803">
     <span class='ocr_line' id='line_1_106' title="bbox 2068 4728 3644 4803; baseline -0.001 -20"><span class='ocrx_word' id='word_1_822' title='bbox 2068 4746 2190 4785; x_wconf 88' lang='lat' dir='ltr'><strong>num</strong></span> <span class='ocrx_word' id='word_1_823' title='bbox 2211 4748 2428 4803; x_wconf 87' lang='lat' dir='ltr'><strong>semper,</strong></span> <span class='ocrx_word' id='word_1_824' title='bbox 2451 4732 2665 4800; x_wconf 89' lang='lat' dir='ltr'><strong>quando</strong></span> <span class='ocrx_word' id='word_1_825' title='bbox 2686 4747 2716 4785; x_wconf 89' lang='lat' dir='ltr'><strong>a</strong></span> <span class='ocrx_word' id='word_1_826' title='bbox 2745 4746 2910 4799; x_wconf 79' lang='lat' dir='ltr'><strong>regno</strong></span> <span class='ocrx_word' id='word_1_827' title='bbox 2934 4733 3048 4798; x_wconf 85' lang='lat' dir='ltr'><strong>ejus</strong></span> <span class='ocrx_word' id='word_1_828' title='bbox 3065 4729 3281 4784; x_wconf 81' lang='lat' dir='ltr'><strong>alienati</strong></span> <span class='ocrx_word' id='word_1_829' title='bbox 3308 4729 3360 4784; x_wconf 92' lang='lat' dir='ltr'><strong>in</strong></span> <span class='ocrx_word' id='word_1_830' title='bbox 3381 4728 3644 4797; x_wconf 81' lang='lat' dir='ltr'><strong>gehenna:</strong></span> 
     </span>
    </p>
   </div>
   <div class='ocr_carea' id='block_1_107' title="bbox 2066 4817 3641 4887">
    <p class='ocr_par' dir='ltr' id='par_1_107' title="bbox 2066 4817 3641 4887">
     <span class='ocr_line' id='line_1_107' title="bbox 2066 4817 3641 4887; baseline -0.002 -13"><span class='ocrx_word' id='word_1_831' title='bbox 2066 4822 2519 4884; x_wconf 87' lang='lat' dir='ltr'><strong>contrarietatem,</strong></span> <span class='ocrx_word' id='word_1_832' title='bbox 2550 4821 2750 4887; x_wconf 90' lang='lat' dir='ltr'><strong>justitia</strong></span> <span class='ocrx_word' id='word_1_833' title='bbox 2780 4820 3031 4885; x_wconf 88' lang='lat' dir='ltr'><strong>faciente,</strong></span> <span class='ocrx_word' id='word_1_834' title='bbox 3066 4819 3309 4873; x_wconf 89' lang='lat' dir='ltr'><strong>mittendi</strong></span> <span class='ocrx_word' id='word_1_835' title='bbox 3335 4826 3481 4872; x_wconf 87' lang='lat' dir='ltr'><strong>sunt.</strong></span> <span class='ocrx_word' id='word_1_836' title='bbox 3510 4817 3641 4871; x_wconf 83' lang='lat' dir='ltr'><strong>Nam</strong></span> 
     </span>
    </p>
   </div>
   <div class='ocr_carea' id='block_1_108' title="bbox 2066 4908 3639 4975">
    <p class='ocr_par' dir='ltr' id='par_1_108' title="bbox 2066 4908 3639 4975">
     <span class='ocr_line' id='line_1_108' title="bbox 2066 4908 3639 4975; baseline -0.001 -13"><span class='ocrx_word' id='word_1_837' title='bbox 2066 4925 2186 4962; x_wconf 91' lang='lat' dir='ltr'><strong>cum</strong></span> <span class='ocrx_word' id='word_1_838' title='bbox 2218 4909 2474 4963; x_wconf 91' lang='lat' dir='ltr'><strong>Dominus</strong></span> <span class='ocrx_word' id='word_1_839' title='bbox 2520 4909 2591 4963; x_wconf 90' lang='lat' dir='ltr'><strong>sit</strong></span> <span class='ocrx_word' id='word_1_840' title='bbox 2634 4917 2831 4963; x_wconf 65' lang='lat' dir='ltr'><strong>aeterna</strong></span> <span class='ocrx_word' id='word_1_841' title='bbox 2884 4909 3197 4973; x_wconf 88' lang='lat' dir='ltr'><strong>beatitudo,</strong></span> <span class='ocrx_word' id='word_1_842' title='bbox 3247 4916 3432 4963; x_wconf 89' lang='lat' dir='ltr'><strong>contra</strong></span> <span class='ocrx_word' id='word_1_843' title='bbox 3464 4908 3639 4975; x_wconf 90' lang='lat' dir='ltr'><strong>ipsum</strong></span> 
     </span>
    </p>
   </div>
   <div class='ocr_carea' id='block_1_109' title="bbox 2068 4998 3643 5071">
    <p class='ocr_par' dir='ltr' id='par_1_109' title="bbox 2068 4998 3643 5071">
     <span class='ocr_line' id='line_1_109' title="bbox 2068 4998 3643 5071; baseline -0.003 -16"><span class='ocrx_word' id='word_1_844' title='bbox 2068 5002 2181 5055; x_wconf 86' lang='lat' dir='ltr'><strong>fieri</strong></span> <span class='ocrx_word' id='word_1_845' title='bbox 2210 5001 2345 5056; x_wconf 90' lang='lat' dir='ltr'><strong>bene</strong></span> <span class='ocrx_word' id='word_1_846' title='bbox 2370 5001 2589 5065; x_wconf 87' lang='lat' dir='ltr'><strong>dicitur,</strong></span> <span class='ocrx_word' id='word_1_847' title='bbox 2613 5004 2700 5071; x_wconf 91' lang='lat' dir='ltr'><strong>qui</strong></span> <span class='ocrx_word' id='word_1_848' title='bbox 2732 5001 2948 5068; x_wconf 84' lang='lat' dir='ltr'><strong>perenni</strong></span> <span class='ocrx_word' id='word_1_849' title='bbox 2970 5000 3170 5055; x_wconf 86' lang='lat' dir='ltr'><strong>ultione</strong></span> <span class='ocrx_word' id='word_1_850' title='bbox 3196 5004 3497 5053; x_wconf 88' lang='lat' dir='ltr'><strong>damnatur.</strong></span> <span class='ocrx_word' id='word_1_851' title='bbox 3522 4998 3643 5052; x_wconf 85' lang='lat' dir='ltr'><strong>Dis-</strong></span> 
     </span>
    </p>
   </div>
   <div class='ocr_carea' id='block_1_110' title="bbox 2063 5090 3641 5162">
    <p class='ocr_par' dir='ltr' id='par_1_110' title="bbox 2063 5090 3641 5162">
     <span class='ocr_line' id='line_1_110' title="bbox 2063 5090 3641 5162; baseline 0 -17"><span class='ocrx_word' id='word_1_852' title='bbox 2063 5095 2195 5162; x_wconf 83' lang='lat' dir='ltr'><strong>perit</strong></span> <span class='ocrx_word' id='word_1_853' title='bbox 2231 5102 2406 5146; x_wconf 88' lang='lat' dir='ltr'><strong>autem</strong></span> <span class='ocrx_word' id='word_1_854' title='bbox 2439 5095 2501 5146; x_wconf 87' lang='lat' dir='ltr'><strong>de</strong></span> <span class='ocrx_word' id='word_1_855' title='bbox 2530 5104 2663 5147; x_wconf 87' lang='lat' dir='ltr'><strong>terra</strong></span> <span class='ocrx_word' id='word_1_856' title='bbox 2692 5093 2978 5146; x_wconf 86' lang='lat' dir='ltr'><strong>viventium</strong></span> <span class='ocrx_word' id='word_1_857' title='bbox 3000 5133 3015 5157; x_wconf 94' lang='lat'><strong>,</strong></span> <span class='ocrx_word' id='word_1_858' title='bbox 3049 5092 3137 5158; x_wconf 89' lang='lat' dir='ltr'><strong>qui</strong></span> <span class='ocrx_word' id='word_1_859' title='bbox 3183 5092 3235 5145; x_wconf 93' lang='lat' dir='ltr'><strong>in</strong></span> <span class='ocrx_word' id='word_1_860' title='bbox 3281 5090 3431 5144; x_wconf 89' lang='lat' dir='ltr'><strong>beata</strong></span> <span class='ocrx_word' id='word_1_861' title='bbox 3472 5091 3641 5159; x_wconf 85' lang='lat' dir='ltr'><strong>patria</strong></span> 
     </span>
    </p>
   </div>
   <div class='ocr_carea' id='block_1_111' title="bbox 2070 5180 3637 5244">
    <p class='ocr_par' dir='ltr' id='par_1_111' title="bbox 2070 5180 3637 5244">
     <span class='ocr_line' id='line_1_111' title="bbox 2070 5180 3637 5244; baseline -0.001 -10"><span class='ocrx_word' id='word_1_862' title='bbox 2070 5196 2176 5234; x_wconf 90' lang='lat' dir='ltr'><strong>non</strong></span> <span class='ocrx_word' id='word_1_863' title='bbox 2228 5183 2457 5235; x_wconf 87' lang='lat' dir='ltr'><strong>videtur.</strong></span> <span class='ocrx_word' id='word_1_864' title='bbox 2505 5181 2613 5235; x_wconf 91' lang='lat' dir='ltr'><strong>Nec</strong></span> <span class='ocrx_word' id='word_1_865' title='bbox 2652 5182 2705 5235; x_wconf 92' lang='lat' dir='ltr'><strong>iu</strong></span> <span class='ocrx_word' id='word_1_866' title='bbox 2756 5180 3332 5236; x_wconf 90' lang='lat' dir='ltr'><strong>commemorationem</strong></span> <span class='ocrx_word' id='word_1_867' title='bbox 3378 5183 3637 5244; x_wconf 87' lang='lat' dir='ltr'><strong>veniunt,</strong></span> 
     </span>
    </p>
   </div>
   <div class='ocr_carea' id='block_1_112' title="bbox 2018 5271 3643 5343">
    <p class='ocr_par' dir='ltr' id='par_1_112' title="bbox 2018 5271 3643 5343">
     <span class='ocr_line' id='line_1_112' title="bbox 2018 5271 3643 5343; baseline -0.001 -16"><span class='ocrx_word' id='word_1_868' title='bbox 2018 5306 2021 5307; x_wconf 53' lang='grc' dir='ltr'><em>ν</em></span> <span class='ocrx_word' id='word_1_869' title='bbox 2068 5275 2279 5343; x_wconf 89' lang='lat' dir='ltr'><strong>quando</strong></span> <span class='ocrx_word' id='word_1_870' title='bbox 2309 5275 2508 5327; x_wconf 87' lang='lat' dir='ltr'><strong>nullam</strong></span> <span class='ocrx_word' id='word_1_871' title='bbox 2555 5272 2777 5326; x_wconf 86' lang='lat' dir='ltr'><strong>ulterius</strong></span> <span class='ocrx_word' id='word_1_872' title='bbox 2828 5271 3252 5327; x_wconf 87' lang='lat' dir='ltr'><strong>misericordiam</strong></span> <span class='ocrx_word' id='word_1_873' title='bbox 3300 5287 3643 5341; x_wconf 83' lang='lat' dir='ltr'><strong>consequun-</strong></span> 
     </span>
    </p>
   </div>
   <div class='ocr_carea' id='block_1_113' title="bbox 2066 5366 3641 5435">
    <p class='ocr_par' dir='ltr' id='par_1_113' title="bbox 2066 5366 3641 5435">
     <span class='ocr_line' id='line_1_113' title="bbox 2066 5366 3641 5435; baseline -0.001 -15"><span class='ocrx_word' id='word_1_874' title='bbox 2066 5375 2173 5421; x_wconf 90' lang='lat' dir='ltr'><strong>tur.</strong></span> <span class='ocrx_word' id='word_1_875' title='bbox 2207 5367 2330 5420; x_wconf 89' lang='lat' dir='ltr'><strong>Illos</strong></span> <span class='ocrx_word' id='word_1_876' title='bbox 2365 5367 2507 5420; x_wconf 89' lang='lat' dir='ltr'><strong>enim</strong></span> <span class='ocrx_word' id='word_1_877' title='bbox 2552 5366 2783 5420; x_wconf 89' lang='lat' dir='ltr'><strong>dicimur</strong></span> <span class='ocrx_word' id='word_1_878' title='bbox 2834 5366 3160 5432; x_wconf 79' lang='lat' dir='ltr'><strong>memorari,</strong></span> <span class='ocrx_word' id='word_1_879' title='bbox 3214 5366 3406 5435; x_wconf 90' lang='lat' dir='ltr'><strong>quibus</strong></span> <span class='ocrx_word' id='word_1_880' title='bbox 3456 5379 3641 5420; x_wconf 89' lang='lat' dir='ltr'><strong>sumus</strong></span> 
     </span>
    </p>
   </div>
   <div class='ocr_carea' id='block_1_114' title="bbox 2064 5458 2577 5527">
    <p class='ocr_par' dir='ltr' id='par_1_114' title="bbox 2064 5458 2577 5527">
     <span class='ocr_line' id='line_1_114' title="bbox 2064 5458 2577 5527; baseline -0.004 -15"><span class='ocrx_word' id='word_1_881' title='bbox 2064 5460 2235 5527; x_wconf 85' lang='lat' dir='ltr'><strong>aliqua</strong></span> <span class='ocrx_word' id='word_1_882' title='bbox 2267 5458 2577 5527; x_wconf 70' lang='lat' dir='ltr'><strong>praessituri.</strong></span> 
     </span>
    </p>
   </div>
   <div class='ocr_carea' id='block_1_115' title="bbox 2138 5548 3642 5619">
    <p class='ocr_par' dir='ltr' id='par_1_115' title="bbox 2138 5548 3642 5619">
     <span class='ocr_line' id='line_1_115' title="bbox 2138 5548 3642 5619; baseline -0.001 -15"><span class='ocrx_word' id='word_1_883' title='bbox 2138 5550 2290 5604; x_wconf 80' lang='lat' dir='ltr'><strong>Vers.</strong></span> <span class='ocrx_word' id='word_1_884' title='bbox 2321 5550 2409 5604; x_wconf 76' lang='grc'><strong>14.</strong></span> <span class='ocrx_word' id='word_1_885' title='bbox 2458 5548 2564 5604; x_wconf 87' lang='lat' dir='ltr'><strong>Pro</strong></span> <span class='ocrx_word' id='word_1_886' title='bbox 2604 5565 2661 5603; x_wconf 89' lang='lat' dir='ltr'><strong>eo</strong></span> <span class='ocrx_word' id='word_1_887' title='bbox 2701 5550 2840 5619; x_wconf 88' lang='lat' dir='ltr'><strong>quod</strong></span> <span class='ocrx_word' id='word_1_888' title='bbox 2886 5564 2987 5603; x_wconf 87' lang='lat' dir='ltr'><strong>non</strong></span> <span class='ocrx_word' id='word_1_889' title='bbox 3025 5556 3098 5603; x_wconf 88' lang='lat' dir='ltr'><strong>est</strong></span> <span class='ocrx_word' id='word_1_890' title='bbox 3128 5548 3425 5603; x_wconf 85' lang='lat' dir='ltr'><strong>recordatus</strong></span> <span class='ocrx_word' id='word_1_891' title='bbox 3470 5552 3642 5619; x_wconf 75' lang='lat' dir='ltr'><strong>facere</strong></span> 
     </span>
    </p>
   </div>
   <div class='ocr_carea' id='block_1_116' title="bbox 2066 5640 3631 5710">
    <p class='ocr_par' dir='ltr' id='par_1_116' title="bbox 2066 5640 3631 5710">
     <span class='ocr_line' id='line_1_116' title="bbox 2066 5640 3631 5710; baseline -0.003 -16"><span class='ocrx_word' id='word_1_892' title='bbox 2066 5642 2486 5695; x_wconf 87' lang='lat' dir='ltr'><strong>misericordiam.</strong></span> <span class='ocrx_word' id='word_1_893' title='bbox 2545 5641 2682 5697; x_wconf 91' lang='lat' dir='ltr'><strong>Dicit</strong></span> <span class='ocrx_word' id='word_1_894' title='bbox 2728 5640 3039 5710; x_wconf 73' lang='lat' dir='ltr'><strong>justissima:</strong></span> <span class='ocrx_word' id='word_1_895' title='bbox 3094 5640 3311 5695; x_wconf 90' lang='lat' dir='ltr'><strong>ultionis</strong></span> <span class='ocrx_word' id='word_1_896' title='bbox 3364 5654 3631 5694; x_wconf 88' lang='lat' dir='ltr'><strong>causam:</strong></span> 
     </span>
    </p>
   </div>
   <div class='ocr_carea' id='block_1_117' title="bbox 2066 5728 3635 5804">
    <p class='ocr_par' dir='ltr' id='par_1_117' title="bbox 2066 5728 3635 5804">
     <span class='ocr_line' id='line_1_117' title="bbox 2066 5728 3635 5804; baseline -0.004 -17"><span class='ocrx_word' id='word_1_897' title='bbox 2066 5733 2314 5800; x_wconf 87' lang='lat' dir='ltr'><strong>quoniam</strong></span> <span class='ocrx_word' id='word_1_898' title='bbox 2349 5734 2601 5804; x_wconf 78' lang='lat' dir='ltr'><strong>pietatem</strong></span> <span class='ocrx_word' id='word_1_899' title='bbox 2628 5749 2728 5790; x_wconf 89' lang='lat' dir='ltr'><strong>non</strong></span> <span class='ocrx_word' id='word_1_900' title='bbox 2763 5741 2935 5804; x_wconf 87' lang='lat' dir='ltr'><strong>potest</strong></span> <span class='ocrx_word' id='word_1_901' title='bbox 2965 5731 3206 5789; x_wconf 83' lang='lat' dir='ltr'><strong>invenire</strong></span> <span class='ocrx_word' id='word_1_902' title='bbox 3234 5730 3323 5801; x_wconf 87' lang='lat' dir='ltr'><strong>qui</strong></span> <span class='ocrx_word' id='word_1_903' title='bbox 3359 5743 3475 5784; x_wconf 84' lang='lat' dir='ltr'><strong>eam</strong></span> <span class='ocrx_word' id='word_1_904' title='bbox 3512 5728 3635 5783; x_wconf 85' lang='lat' dir='ltr'><strong>aiiis</strong></span> 
     </span>
    </p>
   </div>
  </div>
