4090 6346
539 353 643 412 787

1747 349 1814 402 Μ.
1869 344 2144 402 AUREIJI
2185 343 2585 401 CASSIODOlll

3697 345 3800 398 788

539 467 864 538 contempsit
887 466 1223 536 impendere,
1253 469 1392 518 sicut
1415 461 1672 530 scriptum
1702 469 1784 513 est
1813 475 1827 512 :
1854 459 2000 513 Beati
2026 472 2121 510 nu—
2147 457 2200 516 Α
2227 469 2394 509 onere
2425 459 2591 510 vestis
2621 453 2838 508 indutus
2865 463 2947 509 est
2972 494 2987 519 ,
3021 469 3107 508 uo:
3142 453 3233 508 tali
3263 452 3535 508 voluntate
3565 456 3806 511 noscitur

538 557 841 624 sericordes,
869 557 1109 625 quoniam
1145 554 1271 622 ipsis
1313 551 1632 606 miserebitur
1657 548 1794 604 Deus
1821 550 1840 618 (
1850 548 2031 602 Matth.
2061 564 2114 608 v,

539 649 622 716 7).
661 649 768 704 Sed
798 648 1042 716 quamvis
1071 645 1138 699 ad
1169 645 1496 712 singularem
1543 655 1821 696 numerum
1866 653 2113 694 reversus

541 740 632 805 sit,
663 739 840 794 adhuc
871 747 1048 791 tamen
1089 735 1391 804 intelligere
1440 733 1698 788 debemus
1729 733 1980 802 populum
2025 730 2120 786 Ju-

541 829 803 889 deorum.
834 828 924 897 qui
959 826 1388 882 misericordiam
1432 840 1541 878 non
1571 823 1698 879 fecit
1739 821 2000 891 apostolis
2030 820 2115 874 vel

540 919 788 974 ﬁdelibus
817 917 1036 986 Christi,
1062 917 1275 987 quando
1305 931 1400 971 eos
1431 923 1553 985 post
1581 915 1882 982 passionem
1907 911 2115 966 Domini

541 1011 722 1078 iniqua
745 1008 1125 1078 persecutione
1148 1007 1362 1062 vexavit
1397 1023 1408 1058 :
1435 1005 1556 1074 quia
1585 1003 1726 1058 istud
1754 1003 1822 1058 de
1843 1002 1981 1058 Juda
2010 1016 2114 1054 non

542 1107 720 1170 potest
745 1099 996 1168 intelligi,
1029 1099 1245 1170 quando
1291 1109 1414 1152 ante
1457 1094 1858 1150 crucilixionem
1906 1089 2117 1146 Domini

543 1193 611 1246 de
633 1189 735 1244 bac
760 1189 877 1244 luce
918 1189 1200 1253 transivit;
1226 1197 1278 1243 et
1308 1186 1550 1256 affligere
1596 1200 1699 1239 non
1730 1182 1902 1252 potuit
1932 1181 2118 1237 fideles

549 1282 690 1352 ejus,
718 1281 838 1349 quia
872 1291 1082 1350 tempus
1105 1295 1209 1334 non
1243 1278 1426 1332 habuit
1448 1290 1542 1331 eos
1571 1274 1945 1345 persequendi.

619 1375 773 1430 Vere.
813 1375 902 1429 15.
940 1373 1009 1428 Et
1050 1384 1339 1445 persecutus
1365 1383 1437 1427 est
1464 1373 1718 1426 hominem
1761 1385 2035 1441 pauperem
2069 1377 2118 1423 et

546 1465 835 1519 mendicum
859 1505 876 1530 ,
907 1474 954 1517 et
983 1472 1344 1530 compunctum
1373 1462 1524 1514 corde
1569 1461 1724 1513 morti
1770 1459 2002 1512 tradidit.
2053 1457 2122 1512 Et

543 1555 684 1610 istud
707 1555 883 1608 adhuc
905 1554 969 1608 de
987 1554 1292 1608 Judarorum
1311 1562 1394 1607 est
1421 1552 1618 1621 populo
1638 1550 2003 1615 sentiendum,
2027 1549 2116 1615 qui

548 1654 605 1700 et
623 1643 894 1700 Christum
914 1654 969 1698 et
987 1644 1286 1714 discipulos
1309 1644 1424 1710 eius
1447 1642 1680 1698 nefanda
1705 1641 2119 1710 praesumptione

546 1736 854 1792 trucidavit.
874 1737 1116 1806 Persequi
1141 1738 1452 1805 plerumque
1479 1734 1605 1788 facit
1625 1735 1893 1800 homines,
1920 1741 2010 1786 aut
2039 1732 2119 1785 di-

546 1827 794 1882 vitiarum
817 1827 1069 1891 ambitus,
1085 1837 1172 1880 aut
1191 1827 1454 1895 superbia:
1476 1825 1663 1881 odiosa
1681 1826 1955 1893 iactantia.
1977 1825 2118 1878 Pau—
2144 1821 2192 1882 B

544 1936 715 1988 perem
729 1935 858 1974 vero
881 1930 930 1974 et
949 1922 1239 1974 mendicum
1257 1919 1460 1986 insequi
1485 1919 1595 1972 sola
1622 1918 1825 1971 saevitia
1843 1925 1946 1979 est,
1963 1916 2114 1986 cujus

548 2023 649 2064 uec
671 2007 844 2064 honor
865 2011 1142 2077 quaeritur,
1178 2023 1277 2062 nec
1306 2007 1628 2061 abundantia
1660 2005 1927 2059 facultatis
1949 2007 2119 2060 ambi-

546 2108 654 2155 tur.
677 2101 824 2155 More
848 2110 1023 2156 autem
1055 2115 1154 2154 suo
1181 2114 1209 2151 a
1242 2105 1428 2152 natura
1454 2097 1802 2150 humanitatis
1830 2104 2117 2165 assumpta:

547 2205 821 2259 pauperem
845 2203 903 2245 se
937 2190 1190 2244 Dominus
1215 2197 1264 2243 et
1303 2187 1588 2240 mendicum
1627 2200 1748 2240 esse
1790 2199 2118 2241 commemo-

473 2311 484 2318 -
545 2290 647 2336 rat.
683 2281 950 2335 Mendicus
975 2281 1041 2334 de
1067 2291 1276 2342 nostro,
1317 2279 1468 2332 dives
1503 2276 1572 2330 de
1608 2291 1707 2331 suo
1732 2317 1748 2340 ,
1798 2277 1939 2331 sicut
1988 2275 2118 2330 dicit

547 2371 841 2438 Apostolus
873 2389 885 2423 :
921 2370 1020 2435 Qui
1060 2380 1271 2438 propter
1299 2384 1390 2421 nos
1418 2383 1614 2437 pauper
1661 2369 1828 2432 factus
1871 2375 1977 2431 est,
2005 2381 2118 2419 cum

547 2470 672 2515 ruet
701 2461 839 2515 dives
866 2477 885 2516 :
920 2470 974 2513 ut
1023 2461 1164 2513 illius
1211 2460 1386 2530 inopia
1427 2474 1520 2512 nos
1549 2458 1727 2511 divites
1770 2472 1990 2511 essemus
2027 2453 2116 2527 (II

549 2549 668 2604 Cor.
695 2566 814 2614 Vill,
845 2550 924 2618 9).
959 2551 1329 2619 Compunrtum
1358 2562 1488 2602 vero
1530 2547 1597 2602 de
1639 2546 1758 2615 ipso
1782 2545 1972 2614 Capite
2009 2544 2116 2601 dici

553 2653 710 2704 posse
733 2654 840 2694 non
864 2639 1114 2704 arbitror,
1135 2639 1255 2708 quia
1277 2638 1382 2692 tale
1407 2651 1514 2692 non
1535 2636 1770 2692 occurrit
1789 2635 2114 2704 exemplum;

549 2730 644 2784 sed
676 2730 848 2798 magis
877 2739 1237 2800 compunctum
1268 2729 1334 2783 ad
1371 2735 1708 2797 peccatorem
1742 2729 1950 2782 aastimo
1978 2727 2106 2782 rele-

549 2819 798 2889 rendum,
829 2821 988 2892 375
1014 2823 1098 2890 qui
1121 2821 1438 2876 delictorum
1461 2819 1834 2876 recordatione
1860 2833 2117 2890 compun-

549 2915 716 2985 gitor,
753 2921 814 2968 ut
856 2915 924 2968 ad
953 2914 1376 2969 satisfactionem
1423 2913 1602 2968 redire
1633 2919 1935 2974 mereatur;
1975 2911 2116 2980 quod

2227 545 2522 600 involutus.
2571 545 2828 602 Secundo
2869 547 3076 599 intrarit
3119 545 3425 600 maledictio
3465 546 3521 599 in
3561 547 3805 601 interiora

2225 639 2339 707 ejus
2376 638 2507 690 sicut
2545 653 2710 706 aqua,
2751 637 2964 706 quando
3001 636 3315 690 deliberavit
3350 635 3527 692 facere
3563 639 3704 706 quod
3751 638 3804 693 ei

2224 725 2399 782 fuerat
2461 727 2792 795 iniquissima
2851 725 3200 794 inspiratione
3259 735 3586 796 suggestum.
3656 727 3804 797 Aqua

2220 814 2364 870 enim
2413 816 2627 884 quando
2669 813 2964 868 visceribus
3009 814 3217 869 vitiosis
3261 815 3542 884 recipitur,
3589 830 3805 886 semper

2222 905 2522 977 ingreditur
2571 910 2637 960 ad
2687 907 3012 962 nocendum.
3063 907 3248 963 Tertio
3297 908 3506 964 inﬂuxit
3550 909 3806 979 iniquitas

2219 998 2348 1051 sicut
2377 998 2544 1052 oleum
2569 998 2622 1051 in
2652 997 2848 1052 ossibus
2877 999 3022 1070 ejus,
3053 998 3268 1068 quando
3307 999 3553 1056 effectum
3597 1001 3674 1055 rei
3717 1001 3803 1055 in-

2219 1088 2398 1142 audita
2428 1088 2781 1157 perversitate
2805 1067 3132 1158 complevit;
3174 1099 3233 1144 ut
3260 1089 3367 1160 jam
3405 1106 3512 1144 non
3549 1089 3799 1146 interiora

2218 1179 2429 1244 carnis,
2481 1178 2575 1232 sed
2621 1178 2784 1234 etiam
2828 1178 2940 1249 ipsa
2988 1195 3106 1234 ossa
3151 1188 3462 1248 penetrasse
3507 1180 3798 1235 videretur.

2221 1269 2458 1326 Dicenda
2505 1272 2649 1325 enim
2698 1270 2864 1325 oleum
2905 1272 3170 1341 significat
3210 1272 3621 1328 delectationem
3669 1274 3798 1327 faei-

2221 1360 2367 1414 noris
2387 1400 2402 1423 ,
2435 1360 2578 1430 quod
2611 1360 2688 1414 sic
2715 1375 2913 1430 corpus
2945 1369 3184 1417 nostrum
3221 1361 3454 1416 molliter
3483 1363 3798 1432 ingreditur,

2220 1459 2278 1506 ut
2319 1467 2418 1504 nos
2448 1450 2674 1518 quadam
2714 1450 3048 1519 iucunditate
3093 1453 3439 1522 permulceat.
3481 1453 3625 1521 Quod
3664 1468 3794 1508 con-

2220 1553 2326 1599 stat
2355 1542 2506 1596 malis
2539 1543 2810 1598 mentibus
2836 1544 3114 1609 accidere,
3145 1544 3359 1615 quando
3389 1545 3439 1599 in
3472 1545 3674 1600 scelere
3699 1559 3802 1600 suo

2220 1635 2399 1704 aliqua
2431 1635 2785 1690 delectatione
2815 1635 3126 1705 gloriantur.

2289 1726 2446 1782 Vers.
2489 1727 2575 1782 t8.
2617 1725 2740 1780 Fiat
2783 1727 2829 1780 ei
2875 1727 3003 1781 sicut
3047 1727 3394 1781 uestimentum
3431 1742 3532 1796 quo
3579 1727 3800 1796 operitur

2218 1817 2382 1890 [mss.
2410 1817 2476 1872 G.
2501 1825 2553 1872 et
2573 1817 2659 1872 ed.
2677 1858 2693 1882 ,
2737 1815 3027 1887 aperietur]
3045 1859 3061 1885 ,
3101 1827 3149 1872 et
3175 1819 3303 1872 sicut
3330 1834 3457 1872 sono
3483 1835 3583 1888 qua
3606 1833 3800 1888 semper

2221 1909 2569 1980 prcecingitur.
2597 1907 2782 1963 Adhuc
2808 1911 2859 1963 in
2884 1909 3012 1979 ipsis
3039 1908 3528 1978 comparationibus
3553 1923 3800 1978 perseve-

2220 2010 2334 2065 rat,
2386 2010 2442 2054 ut
2470 2000 2570 2054 hoc
2601 2010 2878 2068 peccatum
2909 2015 3014 2069 quo
3043 1999 3132 2054 ille
3162 1999 3357 2054 involvi
3399 1999 3616 2063 maluit,
3655 1999 3798 2054 simi.

2221 2091 2446 2147 litudinc
2474 2091 2639 2145 vestis
2667 2091 2890 2145 alterius
2918 2090 3205 2147 indicetur.
3234 2090 3409 2158 Supra
3451 2092 3594 2145 enim
3628 2091 3795 2156 dixit,

2219 2181 2423 2246 induit,
2457 2180 2598 2249 quod
2627 2179 2859 2248 pertinet
2887 2179 2952 2233 ad
2983 2181 3212 2235 tunicam
3243 2196 3258 2246 ;
3291 2193 3432 2235 nunc
3472 2179 3638 2249 dicit,
3685 2196 3800 2250 ope-

2217 2271 2374 2333 ritur,
2425 2269 2566 2340 quod
2610 2269 2820 2324 videtur
2861 2270 3022 2339 pallio
3064 2271 3390 2338 convenire,
3438 2278 3496 2324 ut
3533 2271 3800 2340 geminata

2223 2361 2387 2415 vestis
2438 2360 2730 2429 ingentium
2778 2359 3047 2428 signiticet
3089 2375 3255 2414 onera
3298 2369 3655 2430 peccatorum.
3704 2361 3802 2416 Se-

2216 2451 2417 2521 quitur,
2467 2461 2512 2504 et
2551 2453 2682 2504 sicut
2730 2467 2859 2504 zona
2898 2467 2999 2521 qua
3041 2467 3238 2522 semper
3274 2453 3614 2524 prtecingimr.
3649 2451 3802 2506 Zona

2219 2542 2342 2608 hic,
2395 2555 2504 2596 non
2551 2539 2640 2594 illa
2686 2539 2964 2594 muliebris
3008 2540 3316 2609 accipienda
3355 2549 3468 2608 est,
3513 2540 3610 2596 sed
3653 2541 3799 2595 istud

2217 2631 2454 2687 baltequ
2504 2647 2612 2702 quo
2664 2640 2876 2686 nostros
2919 2631 3124 2686 lumbos
3168 2633 3528 2702 acciugimus,
3567 2634 3705 2688 sicut
3745 2633 3800 2688 in

2217 2720 2508 2792 Evangelio
2554 2723 2624 2778 de
2665 2721 2912 2788 Joanne,
2961 2723 3028 2778 de
3061 2723 3174 2777 Elia
3203 2739 3332 2779 vero
3383 2725 3434 2778 in
3465 2725 3668 2795 Regum
3710 2741 3800 2781 vo—

2217 2812 2418 2868 lumine
2465 2813 2698 2884 legitur:
2731 2813 2802 2866 Et
2830 2830 2958 2868 zona
3004 2816 3214 2886 peliicea
3259 2817 3395 2869 circa
3443 2817 3644 2871 lumbos
3689 2821 3802 2890 ejus

2223 2905 2242 2974 (
2271 2902 2458 2956 Matth.
2494 2918 2588 2971 ut,
2621 2904 2691 2970 ti;
2743 2901 2827 2956 IV
2852 2903 2980 2974 Reg.
3013 2921 3066 2971 ι,
3095 2904 3190 2975 8).
3248 2906 3360 2960 Hoc
3411 2906 3554 2961 enim
3608 2921 3797 2963 nomen

550 3006 842 3060 innumeris
873 3004 1004 3060 locis
1033 3005 1311 3074 Scriptura
1361 3011 1610 3060 testatur.
1661 3003 1976 3058 Necessario
2016 3003 2117 3055 ita-
2217 3006 2447 3068 utrsque
2491 2997 2881 3066 significatione
2931 2998 3187 3051 donatum
3229 3007 3354 3062 est;
3401 3013 3507 3068 qua
3556 2997 3796 3054 similitu-

551 3108 653 3162 que
680 3093 748 3148 de
781 3091 1038 3148 membris
1066 3095 1436 3162 accipiendum
1466 3101 1570 3157 est,
1594 3092 1716 3162 quia
1739 3091 1986 3147 Christus
2013 3091 2116 3145 Do-
2163 3159 2187 3162 _
2220 3087 2344 3142 dine
2393 3087 2523 3142 dicit
2570 3088 2648 3143 sic
2697 3088 2929 3157 peccatis
2967 3087 3312 3156 alligantibus
3359 3087 3528 3144 fuisse
3575 3090 3801 3144 constri-

553 3159 727 3238 minus
757 3192 974 3252 peccata
1000 3197 1108 3238 non
1139 3159 1345 3243 habuit.
1381 3159 1625 3252 Populus
1644 3183 1785 3238 enim
1813 3182 2117 3238 Iudaeorum
2146 3159 2192 3222 (ἶ
2223 3187 2366 3233 ctum
2389 3218 2404 3242 ,
2436 3185 2495 3232 ut
2523 3191 2792 3246 nunquam
2833 3177 2946 3231 suis
2984 3177 3239 3232 oneribus
3281 3187 3590 3242 emeretur,
3633 3178 3801 3232 obsti-

553 3286 877 3345 compunctus
905 3277 1058 3330 corde
1082 3277 1398 3346 persecutus
1423 3283 1529 3342 est,
1559 3275 1701 3330 sicut
1728 3275 1796 3330 de
1824 3275 1980 3330 beato
2001 3275 2120 3332 Ste-
2224 3268 2457 3324 nalionii
2506 3266 2731 3336 perﬁdia
2786 3275 3170 3336 ρτεθεταναιιιε.
3218 3265 3265 3321 0
3309 3266 3494 3321 infelix
3539 3267 3801 3336 popuIUS,

553 3364 732 3434 pbano
755 3365 842 3420 vel
871 3365 1037 3420 Paulo
1061 3363 1308 3434 apostolo
1334 3373 1553 3421 constat
1575 3365 1845 3421 eli'ectum.
2222 3375 2380 3432 quam
2413 3359 2555 3414 male
2582 3359 2806 3413 vestitus
2835 3367 2917 3413 est
2942 3359 2956 3411 l
2992 3357 3113 3412 Istae
3144 3365 3323 3412 vestes
3365 3365 3491 3412 sunt
3523 3372 3642 3424 quae
3679 3371 3802 3426 pec-

623 3450 776 3508 Vers.
809 3452 897 3508 t6.
927 3451 994 3508 Et
1023 3453 1200 3508 dilexit
1226 3456 1629 3508 matedictionem
1653 3499 1667 3523 ,
1697 3465 1746 3509 et
1777 3455 1934 3510 veniet
1959 3455 2048 3514 ei:
2073 3463 2123 3511 et
2223 3461 2432 3506 catores
2460 3449 2650 3505 ardere
2690 3448 2920 3514 faciunt,
2967 3464 3072 3504 non
3115 3449 3328 3513 calere;
3377 3464 3498 3518 quae
3536 3450 3590 3504 in
3636 3449 3790 3504 ﬂatu-

556 3543 718 3597 uotuit
747 3543 1176 3609 benedictionem,
1208 3559 1256 3599 et
1287 3543 1672 3614 prolongabitur
1703 3547 1876 3619 [mss.
1907 3547 2006 3613 A.,
2035 3548 2120 3614 Β..

558 3634 645 3702 F.,
675 3633 1032 3706 elongabitur]
1063 3638 1124 3688 ab
1153 3652 1232 3690 eo.
1266 3635 1455 3692 Adhuc
1484 3637 1550 3691 de
1590 3637 1794 3706 perﬁdo
1824 3637 2019 3706 populo
2045 3637 2126 3692 di-

556 3723 662 3792 cit,
693 3723 816 3790 quia
847 3723 1028 3778 dilexit
1055 3726 1494 3790 maledictionem,
1527 3733 1653 3781 tunc
1681 3727 1884 3782 scilicet
1913 3729 2126 3797 quando

557 3814 671 3868 ait:
713 3813 936 3884 Sanguis
973 3815 1127 3883 hujus
1163 3831 1317 3882 super
1353 3832 1444 3869 nos
1482 3825 1528 3870 et
1565 3832 1716 3886 super
1753 3816 1890 3884 ﬁlios
1927 3826 2127 3872 nostros

560 3901 776 3971 (Matth.
809 3919 953 3960 xxvu
974 3947 988 3972 ,
1017 3904 1130 3974 25).
1161 3905 1314 3971 Quod
1342 3905 1420 3959 eis
1448 3907 1758 3975 prownisse
1788 3908 2127 3962 manifestum

557 4005 672 4060 est,
721 3997 810 4064 qui
856 4004 1042 4051 contra
1094 3996 1377 4051 Dominum
1426 3997 1586 4065 impia
1627 3998 1901 4054 voluntate
1951 3999 2128 4054 durati

557 4095 700 4143 sunt.
761 4087 946 4142 Noluit
1001 4096 1178 4142 autem
1234 4087 1631 4140 benedictionem
1686 4088 1972 4156 praedictus
2029 4102 2126 4156 po-

559 4176 748 4243 pulus,
777 4176 990 4246 quando
1026 4191 1056 4230 a
1095 4189 1240 4230 ctcco
1277 4175 1574 4229 illuminato
1614 4176 1968 4244 interrogatus
2005 4184 2126 4230 est:

560 4263 813 4333 Nunquid
849 4273 899 4318 et
933 4281 1022 4318 vos
1056 4264 1209 4320 vultis
1246 4263 1482 4332 discipuli
1519 4267 1632 4334 ejus
1669 4264 1781 4331 ﬁeri
1816 4263 2009 4333 (Joan.
2040 4279 2128 4330 tx,

559 4353 652 4418 ‘27,
683 4352 752 4405 ‘28
771 4354 826 4422 )?
857 4353 925 4406 At
953 4353 1024 4406 illi
1055 4353 1208 4422 quasi
1239 4352 1525 4407 maledicto
1559 4353 1824 4407 acerrimo
1863 4352 2129 4421 provocati

562 4446 1000 4512 responderunt:
1043 4442 1122 4496 Tu
1169 4444 1241 4498 sis
1286 4444 1567 4514 discipulus
1620 4446 1771 4514 ejus;
1823 4459 1914 4496 nos
1962 4453 2132 4497 autem

2227 3556 2365 3596 mam
2396 3543 2644 3606 mittunt,
2678 3555 2784 3594 non
2811 3555 2842 3594 a
2872 3540 3082 3610 frigoris
3126 3540 3444 3595 necessitate
3485 3539 3797 3596 defendunt.

2299 3632 2451 3686 Vers.
2487 3633 2574 3686 19.
2611 3627 2725 3683 Hoc
2750 3645 2876 3698 opus
2903 3645 3081 3684 eorum
3107 3631 3196 3700 qui
3224 3629 3493 3683 detrahunt
3519 3630 3643 3684 mihi
3665 3633 3804 3700 apud

2231 3718 2534 3784 Dominum,
2580 3728 2625 3772 et
2668 3719 2755 3786 qui
2797 3719 3075 3788 loquuntur
3116 3719 3250 3772 mala
3291 3719 3534 3773 adversus
3578 3721 3802 3772 animum

2228 3827 2414 3864 meam.
2448 3811 2598 3864 llunc
2628 3825 2840 3865 versum
2869 3820 3052 3864 contra
3083 3824 3272 3865 omnes
3311 3811 3523 3879 quidem
3567 3811 3803 3880 perﬁdos
3887 3847 3900 3852 -

2229 3902 2486 3956 debemus
2513 3901 2795 3970 accipere;
2827 3901 2921 3955 sed
2953 3908 3130 3955 tamen
3174 3901 3478 3970 specialiter
3513 3899 3646 3954 duas
3686 3901 3798 3955 hie-

2231 4007 2378 4048 reses
2425 3992 2636 4048 videtur
2687 3994 2969 4062 impetere.
3023 3993 3175 4062 Apud
3222 3993 3388 4048 Deum
3436 3992 3644 4046 Patrem
3695 3993 3796 4046 de-

2232 4082 2448 4137 trahunt
2489 4083 2711 4148 Ariani,
2759 4084 2970 4153 quando
3017 4092 3073 4138 et
3122 4083 3317 4138 Filium
3367 4085 3630 4138 minorem
3677 4096 3804 4137 esse

2235 4181 2519 4234 testantur.
2563 4180 2617 4225 et
2664 4172 3004 4239 impudenter
3041 4172 3346 4228 inferiorem
3385 4172 3604 4238 dicunt,
3645 4187 3801 4242 quem

2232 4260 2540 4316 Creatorem
2581 4261 2818 4315 omnium
2849 4264 3206 4317 communiter
3229 4263 3574 4317 conﬁtentur.
3606 4263 3804 4332 Apolli-

2233 4355 2446 4409 naristte
2477 4368 2688 4423 quoque
2719 4354 2995 4422 loquuntur
3022 4356 3160 4408 mala
3183 4355 3426 4409 adversus
3452 4357 3675 4409 animum
3706 4355 3822 4408 Do-.

2237 4444 2398 4508 mini,
2427 4457 2547 4498 cum
2579 4441 2762 4496 dicunt
2787 4443 3043 4498 deitatem
3073 4443 3193 4512 ejus
3237 4444 3410 4498 solam
3451 4460 3669 4500 carnem
3711 4446 3804 4498 ho-

564 4532 734 4604 Moysi
772 4533 1015 4603 discipuli
1052 4549 1248 4588 sumus.
1289 4535 1404 4598 Quo
1441 4535 1585 4588 dicto
1622 4533 1924 4603 prolongata
1961 4542 2035 4586 est
2067 4533 2134 4588 ab
2162 4525 2213 4585 D
2238 4536 2396 4590 minis
2443 4533 2733 4603 sumpsisse
2757 4573 2773 4597 ,
2817 4547 2925 4587 non
2967 4534 3240 4598 animam;
3284 4549 3382 4589 nec
3428 4545 3508 4589 tot
3548 4536 3806 4604 exemptis

560 4625 639 4678 eis
677 4624 985 4688 benedictio,
1027 4610 1240 4694 quando
1279 4624 1384 4680 illis
1420 4623 1693 4677 derelictis
1731 4623 1874 4676 venit
1910 4622 1975 4675 ad
2005 4637 2134 4691 gen-

560 4713 690 4768 tium
745 4713 942 4778 fidem;
992 4714 1129 4768 sicot
1175 4713 1306 4768 dicit
1351 4713 1683 4783 Apostolus:
1735 4710 1888 4765 Vobis
1930 4714 2132 4780 quidem

562 4807 824 4875 oportebat
862 4807 1000 4875 loqui
1030 4807 1235 4860 uerbum
1265 4805 1359 4859 Dei
1379 4820 1399 4870 ;
1425 4805 1511 4858 sed
1540 4805 1658 4873 quia
1686 4804 1940 4874 repulistis
1968 4805 2132 4869 illud,

560 4909 608 4956 et
636 4899 875 4968 indignos
902 4914 987 4952 vos
1005 4898 1278 4969 judicastis
1305 4907 1509 4950 caterua:
1545 4897 1695 4962 uitta,
1735 4910 1851 4950 ecce
1889 4897 2136 4950 converti-

561 5006 676 5044 mur
705 4991 771 5044 ad
799 5000 970 5060 gentes
1001 4989 1152 5061 (Act.
1180 5003 1272 5042 xm
1290 5029 1306 5055 ,
1334 4985 1404 5040 46
1425 4985 1467 5054 ).
2028 4973 2030 4976 ’

634 5085 789 5140 Vers.
831 5085 917 5140 l7.
959 5084 1026 5138 Et
1065 5083 1230 5138 induit
1267 5099 1320 5136 se
1357 5081 1764 5134 maledictionem
1808 5079 1938 5132 sicut
1987 5079 2133 5133 vcsti-

566 5184 816 5240 mentum,
849 5182 894 5228 et
924 5175 1128 5227 intravit
1174 5174 1304 5228 sicut
1347 5188 1478 5242 aqua
1524 5172 1576 5224 in
1621 5169 1864 5223 interiora
1911 5171 2054 5239 ejus,
2087 5176 2134 5222 et

562 5266 692 5318 sicut
719 5255 884 5317 oleant
912 5263 967 5315 in
993 5263 1186 5315 ossibus
1212 5263 1344 5333 ejus.
1389 5259 1668 5315 Subtiliter
1707 5257 2019 5312 intuendum
2055 5266 2138 5311 est

563 5353 1009 5422 quemadmodum
1059 5353 1269 5420 peccati
1328 5352 1494 5419 ipsius
1541 5351 1768 5416 qualitas
1822 5348 2134 5416 quibusdam

564 5443 884 5498 dictionibus
915 5443 1194 5497 iudicetur.
1229 5443 1408 5502 Primo
1437 5442 1601 5494 induit
1639 5457 1692 5494 se
1719 5439 2005 5508 praedictus
2047 5453 2139 5504 po-

565 5534 722 5602 pulus
750 5533 1155 5588 maledictionem
1183 5535 1312 5587 sicut
1345 5534 1714 5599 vestimentum,
1742 5529 1955 5597 quando
1987 5529 2136 5584 insti-

565 5633 721 5694 gante
774 5623 989 5679 diabolo
1043 5641 1364 5682 consensum
1422 5625 1686 5694 przebuit,
1742 5631 1802 5678 ut
1855 5621 2136 5678 Dominum

535 5715 754 5778 .i’ontio
795 5715 962 5771 Pilato
1002 5716 1213 5774 tradere
1251 5715 1546 5774 maluisset.
1594 5714 1670 5772 lbi
1717 5713 1858 5771 enim
1906 5715 2134 5783 quodam

2235 4627 2457 4696 perﬁdia
2491 4626 2726 4694 ipsorum
2759 4634 3006 4693 superata
3037 4626 3281 4680 discedit.
3327 4627 3666 4696 Quapropter
3702 4641 3806 4682 non

2233 4719 2405 4772 solum
2458 4725 2645 4772 contra
2695 4716 2860 4781 istos,
2911 4717 3003 4770 sed
3057 4726 3244 4771 contra
3293 4732 3481 4772 omnes
3531 4719 3805 4773 haereticos

2234 4807 2481 4876 superius
2509 4806 2646 4860 dicta
2687 4805 2822 4860 bene
2863 4807 3258 4876 intelliguntur,
3296 4808 3384 4876 qui
3422 4809 3719 4876 portionem
3757 4811 3801 4862 in

2233 4914 2398 4969 regno
2430 4899 2637 4953 Domini
2669 4913 2772 4952 non
2806 4898 3099 4952 habebunt.

2307 4989 2460 5044 Vers.
2491 4990 2582 5045 '20.
2615 4990 2679 5041 Et
2711 4999 2792 5052 tu,
2827 4988 3074 5051 Domine,
3108 4989 3353 5056 Domine,
3382 4992 3466 5058 fac
3491 5005 3690 5043 mecum
3715 4988 3808 5042 mis

2231 5079 2560 5134 sericordiam
2591 5089 2795 5150 propter
2825 5095 3005 5132 nomen
3041 5089 3215 5144 tuum,
3255 5080 3378 5146 quia
3405 5081 3576 5134 suavis
3603 5089 3676 5134 est
3715 5080 3806 5132 mi-

2233 5171 2514 5225 sericordia
2541 5179 2648 5224 tua.
2682 5167 2866 5222 Libera
2893 5185 2990 5224 me.
3023 5169 3186 5225 Venit
3212 5169 3278 5224 ad
3309 5171 3520 5225 tertiam
3549 5171 3809 5226 narratio-

2238 5277 2397 5325 nem,
2442 5263 2493 5316 io
2537 5275 2640 5330 qua
2690 5267 2932 5328 precatur
2971 5275 3002 5313 a
3044 5271 3195 5330 parte
3241 5276 3345 5330 qua
3389 5275 3578 5329 passus
3609 5270 3725 5327 est,
3757 5269 3809 5314 ut

2239 5353 2464 5422 gloriam
2514 5351 2926 5407 resurrectionis
2978 5352 3280 5421 acceleret,
3336 5361 3391 5407 et
3442 5352 3644 5406 inimici
3697 5353 3810 5420 ejus

2240 5443 2570 5498 confusionis
2600 5442 2867 5498 dedecore
2893 5445 3211 5499 vestiantur.
3251 5445 3386 5498 Dum
3427 5445 3589 5506 dicit,
3619 5442 3688 5498 Et
3725 5457 3809 5507 tu,

2243 5533 2492 5597 Domine,
2522 5532 2856 5602 subiungitur
2882 5535 3249 5601 superioribus
3273 5536 3461 5601 dictis,
3495 5537 3596 5590 hoc
3627 5546 3738 5603 est,
3769 5535 3809 5588 si

2243 5622 2408 5678 ludas
2435 5621 2686 5689 tradidit,
2716 5624 2761 5677 si
2789 5622 3010 5678 Judaeus
3039 5626 3306 5682 cruciﬁxit
3326 5665 3342 5691 ,
3381 5635 3428 5680 et
3463 5636 3517 5679 tu
3552 5631 3636 5696 {ac
3661 5629 3810 5682 mise-

2245 5715 2564 5780 ricordiam;
2596 5723 2652 5768 ut
2680 5722 2866 5772 contra
2895 5714 2984 5770 illa
3013 5730 3135 5783 quae
3176 5716 3311 5772 facta
3347 5725 3470 5772 sunt
3496 5719 3807 5774 resurrectio
