4032 6340
251 324 355 380 789

1178 321 1537 378 EXPOSITIO
1578 322 1643 377 IN
1672 322 2140 379 ‘PSALTERIUM.
2171 326 2375 382 ’PSAL.
2417 325 2597 380 CVIII.

3417 327 3515 387 790

248 440 482 509 gloriosa
527 436 827 505 proveniat.
864 436 986 490 Sive
1031 436 1197 490 Filius
1229 436 1292 489 ad
1327 437 1534 489 Patrem
1566 436 1733 490 dicit:
1770 434 1835 489 Et
1863 436 1915 495 Α
1942 436 2132 492 melius
2163 454 2328 510 genua
2359 439 2427 493 ad
2460 440 2628 507 ipsius
2657 440 2895 494 membra
2928 450 3248 509 reret-antur,
3279 456 3402 513 quas
3430 457 3515 500 re-

249 540 305 582 tu
332 529 448 597 (ac,
477 537 535 581 ut
561 527 809 582 virtutem
838 541 949 581 sua:
978 527 1373 596 cooperationis
1403 527 1682 591 ostendat;
1717 542 1832 581 om-

248 621 337 674 nia
365 623 509 674 enim
541 635 661 688 qum
694 618 819 673 facit
860 619 1037 682 Pater,
1082 630 1334 687 cperatur
1371 628 1425 674 et
1463 619 1663 684 Filius,
1694 620 1835 674 sicut

245 712 375 767 dicit
406 711 521 778 ipse
552 728 564 763 ε
599 712 786 764 Omnia
813 712 947 765 enim
976 726 1089 781 qua:
1124 711 1276 765 l’ater
1311 711 1467 780 facit,
1512 710 1616 764 haec
1655 721 1700 764 et
1740 711 1837 765 Fi-

248 809 350 859 lius
377 806 608 860 similiter
640 805 781 875 facit.
819 806 883 858 Et
913 823 926 858 :
962 805 1106 860 Sicut
1135 805 1287 860 habet
1315 804 1474 859 Pater
1499 806 1652 860 vitam
1678 807 1730 859 in
1759 822 1837 859 se-

246 899 496 968 metipso,
528 898 601 951 sic
627 897 765 950 dedit
796 907 842 950 et
874 894 1013 950 Filio
1042 896 1226 951 habere
1253 898 1407 950 vitam
1433 899 1484 951 in
1522 897 1793 966 semetipso
1819 936 1834 959 ,

247 1000 305 1044 nt
334 1005 504 1043 omnes
533 988 868 1054 honori/icent
896 986 1089 1041 Filium
1113 992 1241 1041 sicut
1267 990 1605 1053 honori/Stant
1629 988 1837 1043 Patrem

248 1078 427 1147 (Joan.
458 1093 510 1145 ν,
545 1077 609 1132 19
631 1118 649 1144 ,
670 1077 771 1141 26,
804 1078 916 1146 23).
951 1076 1201 1145 Domine,
1236 1074 1488 1145 Domine,
1521 1076 1650 1131 dum
1682 1092 1839 1147 repe-

250 1171 345 1231 tit,
375 1168 625 1221 allectum
658 1165 992 1219 suavissimae
1036 1166 1358 1233 precationis
1401 1168 1657 1221 ostendit.
1701 1167 1831 1234 Qum

251 1259 419 1328 ﬁgura
447 1258 646 1312 dicitur
674 1257 957 1324 epezeuxis
978 1296 992 1320 ,
1023 1257 1273 1325 quoniam
1306 1258 1359 1310 in
1392 1273 1497 1311 uno
1529 1272 1689 1311 versu
1719 1272 1834 1311 ser-

251 1363 471 1403 monem
498 1350 618 1403 sine
644 1348 818 1416 aliqua
844 1349 1253 1413 interpositione
1282 1348 1590 1417 geminavit.
1625 1349 1842 1418 Propter

251 1456 437 1494 nomen
464 1447 604 1492 tuum
624 1480 641 1503 ,
671 1448 728 1491 ut
755 1438 871 1507 ejus
898 1439 1105 1491 cultura
1133 1447 1245 1490 toto
1275 1439 1407 1492 orbe
1434 1438 1709 1493 dilatetur.
1740 1438 1841 1494 Ubi

252 1543 445 1599 magna
485 1528 773 1584 clementia
823 1528 1126 1581 Divinitatis
1168 1530 1428 1583 asset-itur
1464 1546 1479 1582 :
1512 1530 1637 1598 quia
1681 1530 1841 1584 nullis

255 1620 505 1673 humanis
551 1617 757 1673 meritis
805 1618 976 1685 putuit
1003 1618 1319 1687 contingere
1341 1659 1355 1682 ,
1390 1629 1458 1692 ut.
1479 1632 1663 1674 natura
1698 1635 1839 1675 mor-

257 1710 380 1763 talis
415 1718 520 1763 tam
548 1709 851 1777 ingentibus
876 1708 1085 1763 elevata
1116 1710 1372 1776 probetur
1399 1724 1520 1764 esse
1549 1710 1840 1765 miraculis.

1936 544 2061 582 vera
2094 530 2358 595 inﬁrmata
2395 541 2543 595 sunt,
2585 530 2800 598 quando
2838 531 3065 601 apostoli
3080 531 3226 600 ,ejus
3266 534 3519 602 passione

1937 619 2170 687 dispersi
2199 631 2344 676 sunt.
2377 622 2513 689 Quid
2545 621 2688 676 enim
2724 624 2846 692 plus
2873 637 2996 679 esse
3035 623 3211 694 potuit
3249 623 3520 679 inﬁrmius

1938 724 2102 778 quam
2138 719 2196 764 ut
2220 709 2419 766 Petrus
2452 722 2701 780 negaret,
2741 723 2795 768 et
2834 714 3042 781 reliqua
3084 714 3322 770 ﬁdelium
3366 714 3518 769 turba

1939 802 2184 857 latuisset
2214 803 2359 876 [ed.,
2388 801 2701 872 latitaret}?
2739 806 3008 874 Sequitur,
3050 813 3098 859 et
3133 820 3254 859 caro
3280 820 3397 859 mea
3422 806 3520 859 im-

1938 899 2135 945 mutata
2161 902 2235 947 est
2275 905 2483 963 praeter
2522 896 2707 947 oleum.
2754 892 2937 949 Oleum
2978 894 3066 951 hic
3101 894 3368 965 signiﬁcat
3399 910 3524 963 gra-

1941 982 2067 1036 tiam
2099 983 2368 1050 divinam,
2404 986 2543 1040 sicut
2574 985 2627 1041 in
2659 986 3068 1055 quadragesimo
3096 994 3288 1055 quarto
3316 987 3522 1056 psalmo

1939 1075 2008 1130 de
2038 1077 2155 1146 ipso
2179 1077 2289 1148 jam
2336 1080 2543 1149 dictum
2589 1087 2718 1134 est:
2765 1077 3053 1142 Propterea
3098 1079 3246 1133 unxit
3288 1088 3336 1133 te
3386 1078 3524 1133 Deus

1942 1170 2078 1224 Deus
2127 1180 2243 1224 tuus
2289 1171 2400 1227 oleo
2446 1172 2637 1226 lwtitiar
2684 1188 2790 1237 pm
2830 1172 3147 1228 consortibus
3192 1172 3293 1226 tuis
3338 1172 3520 1241 (Psal.

1944 1278 2064 1317 xuv
2086 1306 2100 1331 ,
2130 1264 2224 1332 8).
2260 1264 2376 1333 Ipsa
2404 1274 2488 1319 est
2516 1266 2658 1319 enim
2689 1266 2856 1333 gratia
2876 1304 2896 1332 ,
2926 1281 3048 1335 quae
3076 1265 3257 1321 carnis
3299 1264 3525 1317 inﬁrmi-

1943 1364 2106 1410 tatem
2151 1356 2201 1409 in
2248 1356 2665 1410 immortalitatis
2699 1358 2923 1427 gloriam
2964 1358 3331 1412 commutavit.
3374 1358 3524 1423 Quod

1943 1446 2105 1499 etiam
2139 1445 2395 1500 membris
2422 1445 2619 1500 Christi
2650 1445 2791 1500 haud
2820 1445 3063 1511 improbe
3092 1447 3303 1502 videtur
3333 1447 3526 1515 aptari.

2016 1536 2170 1590 Veis.
2199 1536 2291 1590 2i.
2328 1536 2387 1591 Et
2412 1553 2502 1608 ego
2529 1537 2697 1607 factus
2724 1553 2840 1590 sum
2867 1538 3196 1607 approbrium
3222 1538 3327 1591 illis
3350 1554 3369 1603 ;
3392 1538 3528 1591 vidc-

1944 1636 2064 1681 runt
2104 1644 2219 1692 me,
2264 1637 2309 1681 et
2360 1638 2622 1682 moverunt
2670 1628 2843 1698 capita
2887 1644 3006 1682 sua.
3052 1628 3149 1681 Illa
3197 1630 3365 1697 tangit
3407 1644 3529 1697 qua:

1946 1718 2099 1785 plebs
2136 1727 2253 1774 erat
2288 1718 2597 1774 Judaeorum
2635 1720 2737 1775 sub
2774 1719 3109 1774 detractione
3147 1719 3388 1782 dictura,
3424 1719 3529 1773 sic-

254 1803 670 1858 .ilisericordiam
696 1818 827 1858 vero
857 1802 1017 1868 dicit,
1051 1802 1176 1871 quia
1217 1816 1437 1857 carnem
1477 1810 1562 1857 est
1595 1803 1842 1869 dignatus

1960 1819 2004 1864 tt
2040 1812 2116 1866 ait
2155 1814 2205 1866 in
2249 1812 2578 1883 Evangelio:
2621 1810 2689 1864 In
2732 1810 3036 1865 Bcelzebutlt
3082 1811 3313 1878 principe
3340 1810 3532 1862 deamo-

253 1910 532 1950 assumere
555 1935 571 1961 ,
611 1910 708 1964 per
743 1910 903 1964 quam
946 1896 1182 1948 humano
1218 1894 1403 1962 generi
1442 1904 1633 1950 auctor
1669 1894 1844 1963 piissi-

254 2001 374 2040 mus
403 1985 738 2041 subveniret.
772 1985 1050 2053 Sequitur,
1083 1986 1243 2039 libera
1268 2003 1373 2054 me,
1404 2003 1431 2040 a
1464 1987 1715 2056 passione
1744 2003 1841 2042 sa:-

255 2076 476 2131 vissima
508 2077 695 2145 utique
725 2076 1061 2131 inda-orum.
1258 2062 1259 2065 ¹

329 2170 488 2224 Vers.
518 2170 608 2224 2i.
647 2170 904 2235 Quoniam
942 2186 1130 2241 egenus
1169 2180 1216 2223 et
1256 2186 1450 2241 pauper
1485 2188 1577 2240 ego
1610 2188 1759 2239 sum,
1798 2180 1846 2225 et

257 2278 347 2316 cor
377 2278 545 2315 meum
574 2263 926 2316 conturbatum
955 2272 1027 2315 est
1056 2264 1111 2316 in
1150 2279 1247 2316 me.
1287 2262 1519 2331 Egenum
1546 2280 1605 2319 se
1643 2265 1772 2319 dicit
1803 2274 1849 2318 et

257 2368 539 2425 pauperem
575 2354 870 2407 humilitate
912 2353 1121 2419 carnis,
1167 2355 1304 2406 sicut
1343 2354 1590 2420 superius
1639 2364 1850 2409 constat

256 2444 583 2511 expositum.
630 2443 863 2498 Audiant
910 2457 1207 2512 pauperes,
1241 2443 1462 2497 audiant
1494 2455 1749 2513 egentes,
1796 2455 1850 2500 et

259 2536 549 2606 gloriosum
607 2535 710 2589 sibi
759 2544 1085 2605 cognoscant
1122 2549 1243 2589 esse
1283 2535 1424 2603 quod
1466 2535 1660 2589 dicitur
1695 2534 1851 2590 Chri-

260 2640 399 2684 stus.
442 2628 542 2683 Cor
585 2629 817 2699 denique
843 2629 961 2699 ejus
991 2630 1160 2699 potuit
1189 2630 1517 2694 conturbari,
1546 2630 1697 2698 cujus
1726 2645 1853 2684 caro

261 2736 361 2789 pro
391 2721 549 2777 nobis
578 2722 1006 2791 cognoscebatur
1031 2724 1295 2793 exstingui
1319 2762 1335 2787 ,
1367 2724 1510 2778 sicut
1541 2725 1654 2792 ipse
1682 2725 1854 2779 vicina

262 2812 522 2881 passione
556 2813 830 2881 professus
860 2822 945 2868 est
972 2830 987 2868 :
1037 2813 1217 2867 Tristis
1249 2822 1321 2867 est
1353 2815 1528 2866 anima
1560 2831 1671 2868 mea
1701 2812 1857 2883 usque

265 2905 336 2957 ad
368 2914 580 2958 mortem
611 2903 842 2973 (Matth.
874 2919 1038 2970 xxvi,
1069 2904 1140 2959 '58
1160 2902 1201 2973 ).
1244 2904 1375 2971 Qua:
1415 2904 1597 2958 omnia
1634 2904 1855 2959 salutari

265 2996 622 3066 dispositione
653 3005 968 3062 narrantur,
1001 3005 1058 3051 ut
1086 3007 1308 3065 propter
1341 2995 1623 3050 haereticos
1651 3005 1706 3050 et
1734 3010 1857 3065 per-

267 3090 412 3145 lecta
468 3099 653 3144 natura
709 3090 952 3145 hominis
1009 3090 1063 3145 in
1118 3088 1337 3144 Christo
1390 3088 1622 3143 Domino
1682 3090 1858 3143 \aleat

1949 1902 2153 1955 niorum
2179 1903 2319 1972 ejicit
2346 1902 2603 1957 daemonia
2627 1901 2842 1969 (Matth.
2872 1918 2971 1966 sit,
2999 1903 3117 1971 2t).
3151 1902 3216 1956 Et
3243 1901 3348 1954 alio
3372 1900 3492 1955 loco
3520 1918 3532 1953 :

1952 1993 2138 2047 Nonne
2178 1993 2261 2046 hic
2298 2000 2370 2047 est
2410 1994 2550 2062 ﬁlius
2589 1992 2779 2062 Joseph
2821 1996 2956 2064 fabri
2997 1992 3149 2063 (Luc.
3180 2010 3262 2059 tv,
3287 1991 3432 2060 22)?
3471 1991 3535 2046 Et

1948 2088 2138 2140 iterum
2171 2085 2354 2139 dicunt
2379 2103 2390 2138 :
2434 2085 2583 2139 Vah!
2610 2087 2699 2154 qui
2726 2086 2939 2139 destruit
2972 2087 3214 2155 templum
3238 2085 3368 2152 Dei,
3398 2092 3447 2140 et
3484 2088 3537 2139 in

1953 2177 2123 2229 triduo
2158 2175 2439 2245 rewdiﬂcat
2479 2175 2612 2229 illud
2643 2174 2868 2245 (Matth.
2895 2191 3067 2241 xxvii,
3089 2176 3232 2245 40);
3261 2183 3319 2229 et
3342 2183 3538 2231 caetera

1951 2281 2070 2335 qua:
2098 2267 2301 2320 insanis
2330 2266 2545 2334 quidem
2575 2266 2843 2321 utentibus
2869 2265 3189 2321 videbantur
3212 2266 3498 2335 opprobria
3518 2308 3534 2326 .

1952 2355 2048 2410 sed
2092 2356 2206 2424 ipsa
2246 2357 2461 2411 fuerunt
2496 2372 2615 2425 qua:
2657 2356 2812 2409 nobis
2857 2356 3076 2419 probata
3124 2363 3249 2409 sunt
3292 2354 3539 2410 conferre

1955 2446 2297 2501 medicinam.
2342 2447 2608 2500 Moverunt
2645 2458 2814 2500 autem
2853 2446 3055 2513 capita,
3095 2446 3162 2501 ad
3198 2447 3539 2502 consuetudi-

1956 2555 2076 2593 nem
2106 2539 2335 2608 pertinet
2360 2539 2522 2599 nimis
2552 2538 2935 2604 irascentium;
2971 2553 3092 2593 nam
3119 2537 3332 2608 quoties
3357 2537 3541 2593 furore

1957 2633 2360 2699 succendimur,
2412 2632 2720 2687 turbulenta
2760 2630 3121 2687 commotione
3167 2629 3358 2699 capitis
3396 2643 3538 2685 com-

1963 2736 2251 2774 minamur.

2037 2810 2191 2865 Vcrs.
2217 2810 2306 2865 25.
2340 2810 2541 2881 Adjuva
2572 2827 2649 2863 me
2667 2850 2681 2876 ,
2714 2810 2932 2864 Domine
2963 2810 3102 2863 Deus
3130 2825 3273 2863 meus
3299 2823 3319 2862 :
3347 2808 3540 2862 salttum

1961 2920 2038 2957 me
2070 2903 2150 2970 {ac
2183 2912 2388 2972 propter
2416 2902 2818 2955 misericordiam
2856 2910 3020 2956 tuam.
3054 2900 3307 2971 Adjuvari
3332 2913 3391 2955 se
3418 2913 3541 2954 sus-

1961 3004 2115 3063 cepta
2167 2994 2488 3064 deprecatur
2538 2993 2837 3047 inﬁrmitas.
2885 2992 3003 3061 ipsa
3050 2993 3194 3047 enim
3241 2990 3541 3046 misericor-

1966 3086 2107 3139 diam
2137 3086 2299 3154 petit,
2327 3087 2416 3155 qui
2444 3094 2499 3140 et
2523 3084 2776 3137 auxilium
2805 3082 3008 3137 tribuit.
3052 3083 3223 3151 Rogat
3249 3090 3308 3136 ut
3342 3080 3538 3145 homo,

268 3186 518 3251 ostendi,
549 3197 603 3241 et
623 3201 760 3254 nos,
795 3185 1245 3257 quemadmodum
1279 3184 1650 3255 supplicamus
1671 3223 1688 3252 ,
1733 3197 1857 3253 pos-
1880 3154 1927 3215 ο
1962 3184 2179 3246 praestat
2204 3183 2261 3230 ut
2288 3177 2462 3242 Deus;
2494 3174 2635 3244 quod
2664 3174 2865 3228 nullum
2897 3180 3075 3244 potest
3100 3171 3428 3226 contundere
3453 3174 3543 3240 qui

268 3279 447 3333 simus
475 3279 716 3334 edoceri.

343 3369 502 3424 Vers.
532 3368 627 3425 92.
660 3368 807 3424 Sicut
836 3370 1018 3422 umbra
1046 3383 1159 3422 cum
1190 3368 1447 3435 declinat,
1477 3367 1679 3419 ablatus
1704 3380 1818 3419 sum
1838 3406 1856 3431 ,

270 3471 318 3513 et
347 3475 587 3513 excussus
608 3475 722 3512 sum
743 3460 873 3513 sicut
896 3460 1109 3512 locusta.
1142 3458 1239 3512 Hic
1268 3457 1573 3513 facilitatem
1604 3471 1857 3526 persecu-

272 3550 435 3605 tionis
465 3550 702 3604 ostendit
732 3567 747 3604 :
776 3548 902 3619 quia
934 3558 1083 3603 tanta
1120 3550 1398 3604 celeritate
1424 3548 1495 3604 de
1537 3548 1859 3602 mediodis-

271 3641 575 3709 eipulorum
608 3649 795 3708 raptus
822 3651 906 3693 est
937 3656 965 3692 a
999 3640 1151 3694 turba
1182 3639 1513 3705 Judmorum,
1540 3647 1738 3707 quanta
1772 3652 1860 3693 so-

270 3730 345 3785 iet
403 3730 687 3784 velocitate
726 3731 907 3783 umbra
951 3729 1124 3784 noctis
1182 3729 1313 3783 solis
1356 3730 1558 3783 lumine
1604 3729 1859 3783 veniente

270 3821 574 3877 discedere.
624 3819 887 3874 Excussus
927 3830 998 3873 est
1044 3829 1223 3874 autem
1268 3820 1397 3872 sicut
1458 3818 1691 3883 locusta,
1732 3819 1857 3871 dum

273 3911 740 3981 persecutionibus
788 3911 995 3966 crebris
1040 3910 1155 3964 loca
1202 3911 1485 3965 videbatur
1530 3919 1737 3963 mutare
1774 3908 1859 3961 di-

273 4017 462 4069 versa;
488 4002 693 4057 scilicet
724 4003 937 4071 quando
964 4002 1031 4057 de
1059 4002 1321 4056 Nazareni
1354 4002 1498 4055 venit
1530 4002 1596 4054 ad
1623 4000 1862 4067 Caphar-

276 4108 463 4159 naum,
492 4094 559 4147 de
586 4093 960 4161 Capharnaum
996 4093 1161 4162 376
1187 4094 1239 4146 in
1271 4091 1579 4156 Bethsaida,
1601 4091 1669 4145 de
1697 4089 1857 4144 Beth-

275 4182 441 4243 saida,
471 4182 523 4236 in
566 4182 900 4249 Jerusalem,
948 4198 1068 4251 qua:
1115 4183 1229 4237 loca
1275 4180 1649 4249 prospiciendo
1692 4181 1862 4249 magis

275 4275 654 4342 peccatoribus
695 4275 1049 4337 circumibat,
1099 4290 1165 4329 ne
1212 4274 1389 4328 scelus
1429 4286 1585 4326 suum
1632 4271 1861 4339 populus

276 4374 590 4433 persecutor
619 4367 887 4433 impleret.
926 4364 1146 4417 Locusta
1174 4363 1319 4417 enim
1348 4376 1541 4415 manus
1568 4361 1865 4431 apprehen-

277 4456 458 4509 dcntis
487 4457 693 4511 evilaus
712 4497 726 4521 ,
758 4455 1075 4525 quibusdam
1107 4454 1330 4509 saltibus
1354 4452 1572 4508 evolat:
1604 4453 1690 4507 cui
1720 4466 1780 4507 se
1807 4464 1863 4506 et

1960 3267 2091 3323 duas
2128 3277 2345 3323 naturas
2382 3270 2433 3322 in
2473 3268 2696 3322 Domino
2731 3266 2945 3321 Christo
2981 3264 3286 3321 salutariter
3320 3263 3543 3320 conﬁte-

1960 3368 2067 3415 tur.
2105 3359 2517 3415 Innumerabilia
2552 3360 2694 3413 enim
2735 3359 2863 3413 talia
2895 3358 3258 3429 reperiuntur,
3293 3370 3412 3427 qua
3447 3370 3544 3410 ne-

1959 3466 2163 3527 queunt
2198 3458 2299 3512 alia
2336 3458 2542 3514 ratione
2579 3465 2847 3514 constare.

2037 3549 2186 3606 Vers.
2227 3550 2321 3606 26.
2367 3550 2435 3604 Ut
2473 3552 2636 3605 sciant
2672 3552 2792 3621 quia
2830 3566 3012 3604 manus
3051 3558 3136 3604 tua
3172 3551 3322 3614 hare;
3361 3556 3410 3602 et
3450 3557 3505 3601 tu
3529 3588 3544 3614 ,

1962 3640 2182 3695 Domine
2200 3683 2215 3707 ,
2249 3644 2412 3710 fecisti
2441 3659 2575 3698 eam.
2621 3642 2697 3697 Ne
2724 3644 2825 3698 sibi
2854 3643 3107 3698 Judaicus
3137 3642 3362 3711 populus
3390 3655 3543 3697 arro-

1960 3740 2113 3800 garet
2150 3741 2413 3803 potestate
2458 3733 2675 3804 pr0pria
2721 3744 3059 3801 persecutum
3104 3732 3389 3786 Dominum
3429 3731 3546 3785 Sal-

1963 3831 2204 3877 vatorem
2224 3862 2239 3888 ,
2285 3838 2379 3892 per
2420 3824 2471 3876 id
2514 3823 2655 3891 quod
2699 3838 2889 3891 passus
2918 3833 3001 3877 est
3030 3822 3160 3877 dicit
3191 3822 3256 3876 ad
3288 3821 3499 3875 Patrem
3527 3837 3542 3874 :

1962 3911 2150 3967 Sciant
2180 3913 2425 3966 homines
2456 3912 2592 3966 hanc
2619 3912 3071 3980 dispensationem
3104 3926 3130 3963 a
3164 3920 3217 3965 te
3236 3951 3251 3974 ,
3286 3911 3504 3964 Domine
3526 3951 3541 3975 ,

1964 4002 2131 4064 fuisse
2160 4014 2511 4073 prmparatam
2543 4022 2558 4061 :
2590 4020 2657 4058 ne
2697 4005 2968 4073 applicent
3007 4005 3156 4058 stulti
3196 4004 3544 4058 viribus-suis

1963 4094 2105 4163 quod
2136 4102 2190 4146 tu
2218 4094 2283 4147 ad
2312 4094 2537 4147 salutem
2567 4093 2749 4147 mundi
2780 4093 2894 4148 lieri
2922 4108 3111 4163 magna
3138 4094 3337 4161 pietate
3362 4093 3548 4147 decre-

1964 4183 2107 4237 visti.
2142 4181 2211 4236 Ut
2240 4183 2435 4249 sciant,
2465 4184 2625 4252 dicit,
2657 4191 3025 4252 persecutores
3052 4228 3066 4251 ,
3095 4183 3184 4253 qui
3232 4183 3416 4252 utique
3455 4198 3552 4238 nee

1971 4275 2235 4332 sciebant.
2262 4275 2381 4342 Ipso
2405 4276 2546 4330 enim
2580 4285 2895 4347 resnrgenle
2923 4275 3323 4331 evidentissime
3351 4289 3553 4344 cogno-

1970 4373 2163 4420 verunt
2191 4382 2204 4418 ε
2238 4365 2361 4436 quia
2393 4366 2497 4421 nisi
2530 4365 2789 4421 Dominus
2830 4368 3161 4435 permisisset
3187 4367 3325 4431 ﬁeri,
3350 4381 3555 4437 nequa-

1972 4472 2129 4527 quam
2174 4458 2436 4527 potuisset
2480 4457 2713 4528 impleri.
2764 4459 3038 4530 Sequitur,
3085 4460 3206 4529 quia
3244 4474 3426 4533 manus
3465 4467 3555 4512 tua

277 4557 501 4616 propter
544 4521 859 4616 parvitatem
908 4557 1222 4615 comparat,
1267 4554 1322 4600 et
1351 4556 1570 4615 propter
1614 4546 1865 4602 celerita-
1891 4521 1949 4584 D
1970 4521 2111 4615 lucc,
2155 4521 2206 4605 id
2247 4560 2328 4604 est
2355 4521 2626 4621 potestas,
2659 4561 2713 4606 et
2743 4521 3170 4606 subaudiendum
3199 4528 3416 4633 cperata
3445 4559 3549 4605 est.

277 4651 389 4694 tem
421 4641 768 4695 discessionis
797 4642 1056 4705 associat;
1101 4639 1244 4708 quod
1288 4639 1571 4693 humilitati
1619 4655 1723 4693 non
1766 4653 1863 4708 po-

277 4740 387 4785 test
416 4731 583 4785 videri
618 4730 745 4801 (ms.
771 4730 835 4785 G.
861 4774 873 4794 ,
906 4729 1061 4799 esse]
1093 4731 1402 4786 indecorum
1428 4771 1441 4796 ,
1474 4731 1563 4799 qui
1605 4746 1664 4784 se
1703 4731 1864 4783 etiam

278 4826 557 4879 vermibus
595 4826 924 4893 comparavit
973 4824 1205 4879 dicendo
1247 4841 1259 4875 :
1297 4823 1406 4895 Ego
1450 4839 1561 4877 sum
1606 4824 1787 4878 vermis
1822 4832 1869 4876 et

280 4934 384 4971 non
415 4918 567 4969 homo
598 4916 785 4985 (Psal.
809 4933 931 4982 ut,
963 4917 1040 4986 7).

359 5009 513 5062 Vcrs.
548 5009 642 5063 23.
675 5008 850 5062 Genua
881 5024 992 5061 mea
1022 5008 1283 5074 inﬁrmata
1314 5015 1429 5059 sunt
1463 5019 1569 5071 pro!
1598 5004 1753 5074 (iriss.
1773 5006 1865 5068 A.,

280 5102 369 5166 15.,
387 5100 440 5170 a]
460 5101 684 5172 jejunio,
716 5109 763 5153 et
788 5115 907 5154 caro
929 5114 1042 5153 mea
1064 5100 1333 5152 immutata
1352 5107 1423 5151 est
1450 5105 1655 5164 prapter
1681 5098 1865 5149 oleum.

278 5192 416 5245 Cum
452 5190 743 5260 Evangelio
772 5198 909 5246 teste
937 5188 1153 5261 (Matth.
1179 5204 1253 5252 tv,
1274 5188 1336 5255 2)
1363 5186 1620 5240 doceatur
1647 5187 1869 5255 quadra-

277 5282 431 5349 ginta
462 5281 652 5335 diebus
683 5291 737 5335 et
766 5281 1116 5349 quadraginta
1162 5278 1409 5332 noctibus
1451 5276 1721 5330 Christum
1764 5277 1869 5331 Do-

280 5374 489 5427 minum
528 5372 840 5443 jejunasse,
887 5388 1053 5442 genua
1093 5380 1271 5423 tamen
1303 5369 1419 5437 ejus
1448 5368 1709 5434 inﬁrmata
1749 5382 1871 5423 esse

281 5478 390 5517 non
425 5463 653 5532 legimus
673 5508 687 5531 ,
715 5464 810 5519 sed
840 5472 1045 5518 tantum
1074 5461 1337 5517 esuriisse
1362 5460 1685 5514 declaratur.
1721 5460 1872 5515 Unde

281 5556 328 5611 si
365 5560 504 5610 hanc
533 5557 768 5611 esuriem
813 5557 879 5610 ad
918 5570 1095 5625 genua
1134 5552 1375 5617 releras,
1420 5551 1469 5605 id
1512 5560 1597 5605 est
1632 5552 1873 5620 corporis

282 5648 665 5714 stabilitatem,
711 5649 905 5718 quibus
926 5662 1140 5716 semper
1181 5642 1499 5709 insistimus,
1527 5650 1704 5711 potest
1746 5658 1867 5697 cons

284 5748 546 5797 .truentcr
574 5742 743 5812 aptari
776 5740 952 5798 minus
983 5757 995 5795 :
1027 5738 1135 5796 nisi
1168 5738 1270 5808 hoc
1309 5734 1619 5805 scrupulum
1658 5746 1871 5803 movet,

1990 4712 1991 4715 η
2045 4640 2197 4696 Vers.
2238 4641 2329 4697 27.
2364 4641 2675 4695 Maledicent
2705 4641 2816 4706 illi,
2849 4650 2899 4695 et
2929 4651 2983 4694 tu
3015 4640 3311 4706 benedices;
3351 4641 3440 4707 qui
3477 4640 3557 4692 in-

1972 4741 2187 4802 surgunt
2214 4732 2266 4784 in
2297 4749 2375 4786 me
2405 4732 2791 4801 confundantur
2822 4730 2953 4801 [ed.,
2979 4728 3376 4800 confundantur]
3401 4770 3419 4792 ,
3452 4747 3559 4784 ser-

1974 4840 2064 4879 vus
2095 4835 2263 4877 autem
2291 4834 2408 4877 tuus
2442 4824 2717 4877 laetabitur.
2764 4823 2865 4878 Per
2894 4824 3115 4893 liguram
3148 4822 3410 4892 syncrisin
3440 4838 3560 4891 quae

1976 4916 2027 4967 in
2061 4914 2215 4982 hujus
2244 4915 2435 4983 psalmi
2470 4914 2732 4983 principio
2765 4914 2936 4983 posita
2964 4923 3065 4968 est.
3101 4911 3410 4967 Maledicent
3439 4912 3519 4965 illi
3547 4952 3562 4974 ,

1976 5006 2240 5075 signiﬁcat
2266 5021 2360 5061 eos
2389 5006 2459 5061 de
2483 5008 2679 5076 quibus
2710 5006 2991 5060 Matutinus
3030 5002 3361 5073 evangelista
3390 5002 3519 5059 dicit
3548 5019 3562 5057 :

1980 5094 2318 5149 Transeuntes
2358 5106 2529 5155 autem
2559 5095 2975 5163 blasphemabant
3003 5109 3120 5147 eum
3139 5136 3154 5160 ,
3188 5101 3440 5147 moventes
3474 5109 3560 5146 ca-

1977 5188 2086 5253 pita
2115 5202 2209 5239 sua
2237 5187 2255 5255 (
2278 5186 2469 5240 Matth.
2495 5203 2642 5241 xxv"
2663 5227 2678 5251 ,
2703 5186 2771 5241 59
2792 5188 2834 5252 ).
2866 5185 3024 5239 Pater
3050 5186 3244 5240 Filium
3274 5186 3557 5252 benedicit,

1978 5294 2099 5335 Cum
2133 5278 2261 5332 dicit
2285 5296 2297 5331 :
2330 5277 2397 5330 Et
2426 5278 2704 5345 clariﬁcavi
2726 5317 2742 5343 ,
2770 5286 2816 5331 et
2846 5279 3028 5332 iterum
3057 5278 3347 5346 clariﬁcabo
3378 5276 3555 5349 (Joan.

1977 5388 2047 5428 xu
2069 5414 2082 5439 ,
2108 5371 2226 5441 28).
2259 5370 2364 5427 Sed
2394 5370 2517 5425 vide
2544 5370 2636 5436 qui
2667 5370 2999 5435 maledicent,
3024 5370 3110 5439 qui
3143 5370 3282 5438 pleni
3312 5379 3440 5425 sunt
3465 5369 3561 5423 fal-

1976 5463 2155 5528 sitate,
2186 5461 2273 5530 qui
2303 5459 2592 5515 crudeliter
2616 5459 2927 5525 saeviebant,
2952 5459 3041 5528 qui
3071 5459 3264 5513 malum
3292 5474 3391 5527 pro
3419 5459 3562 5512 bono

1978 5554 2202 5609 reddere
2236 5551 2577 5607 festinabant.
2623 5551 2893 5606 Benedicit
2940 5559 3118 5604 autem
3166 5550 3325 5605 Pater
3356 5549 3477 5603 fons
3506 5560 3561 5603 et

1979 5646 2132 5713 origo
2162 5642 2403 5699 veritatis
2425 5683 2441 5706 ,
2478 5643 2642 5698 totius
2670 5650 2858 5696 auctor
2886 5640 3140 5701 bonitatis
3160 5678 3174 5706 ,
3203 5648 3258 5697 et
3302 5640 3560 5694 virtutum

1981 5738 2218 5794 omnium
2270 5735 2572 5805 plenitudo.
2621 5734 3005 5793 Admirandum
3050 5734 3105 5790 in
3145 5741 3368 5802 utraque
3408 5726 3561 5800 part8
