4032 6340
554 333 646 391 791

1754 346 1827 400 Μ.
1869 344 2144 402 AUBELH
2183 344 2579 402 CASSIODURI

3707 363 3806 420 792

553 451 922 519 praeconium;
955 463 1013 508 ut
1039 463 1095 508 et
1123 455 1358 524 perﬁdus
1401 457 1628 524 populus
1670 443 2046 525 malediceret,
2079 468 2132 512 et
2161 462 2206 519 A
2235 465 2583 530 asperrimam
2641 465 3090 543 dissolutionem]
3147 472 3436 538 liberatur,
3488 475 3628 529 sicut
3679 477 3807 532 dicit

553 542 824 600 Christum
856 547 1137 602 Dominum
1169 548 1335 616 gloria
1379 560 1596 615 paterna
1645 552 1906 606 laudaret.
1962 554 2127 607 Addi-

527 635 796 706 .dit,.qui
845 638 1114 706 insurgunt
1155 640 1207 691 in
1247 656 1327 692 me
1367 642 1765 708 confundantur.
1810 643 1978 698 Judasi
2009 657 2130 700 sunt

555 727 647 794 qui
691 728 1079 794 insurrexerunt
1123 729 1383 784 adversus
1425 732 1708 787 Dominum
1751 733 2082 790 Salvatorem
2110 777 2126 802 ,

528 827 614 872 .ut
641 817 761 872 neci
788 834 908 872 eum
940 819 1252 885 traderent,
1286 823 1374 890 qui
1406 822 1471 875 ad
1502 838 1595 878 eos
1626 837 1846 879 venerat
1893 841 1990 894 pro
2031 841 2123 880 sua

549 908 744 972 pietate
774 909 1078 966 salvamlos.
1113 911 1200 966 Isti
1233 916 1434 980 confusi
1458 924 1612 981 sunt,
1647 917 1856 982 quando
1884 933 2126 974 resurre-

525 998 740 1054 ctionis
767 1001 885 1069 ejus
916 1003 1172 1058 miracula
1203 1015 1590 1074 cognoverunt.
1635 1009 1906 1078 Sequitur,
1953 1028 2123 1067 servus

543 1101 714 1146 autem
739 1103 857 1148 tuus
885 1097 1162 1151 (relabitur.
1194 1099 1558 1166 Agnoscamus
1587 1116 1704 1170 quae
1737 1112 1920 1156 natura
1953 1105 2123 1173 loqui-

545 1192 651 1247 tur,
696 1200 817 1252 quae
858 1201 917 1240 se
960 1186 1092 1242 dicit
1129 1196 1185 1242 et
1223 1205 1441 1244 servum.
1485 1190 1731 1260 Nunquid
1774 1193 1913 1247 Deus
1947 1205 2122 1262 potest

544 1285 667 1328 esse
695 1276 940 1345 cuiquam
963 1280 1178 1333 servus?
1196 1279 1298 1334 Sed
1325 1283 1374 1334 in
1403 1281 1500 1334 hoc
1523 1298 1696 1334 servus
1723 1295 1807 1337 est
1827 1325 1840 1348 ,
1870 1285 2005 1339 sicut
2035 1287 2118 1340 di-

549 1364 624 1418 cit
654 1365 986 1434 Apostolus:
1033 1370 1154 1438 quia
1199 1374 1526 1442 semetipsum
1573 1377 1849 1428 cxinanivit
1898 1377 2118 1445 formam

525 1458 674 1513 .servi
701 1460 958 1530 accipiens
989 1459 1212 1532 (Philip.
1244 1478 1279 1517 ιι
1299 1504 1313 1528 ,
1345 1465 1422 1533 7).
1453 1464 1543 1520 Sic
1571 1477 1626 1520 et
1654 1467 1814 1522 Isaias
1857 1471 2116 1539 propheta

525 1549 610 1603 de
636 1549 853 1605 Christo
881 1552 1010 1606 dicit
1038 1571 1049 1605 :
1095 1553 1225 1609 Ecce
1264 1571 1433 1609 servus
1464 1574 1603 1611 meus
1621 1601 1634 1623 ,
1660 1561 1932 1628 suscipiam
1960 1580 2073 1617 eum
2096 1581 2116 1628 ;

538 1640 730 1695 electus
769 1659 911 1697 meus
931 1684 945 1710 ,
970 1646 1280 1717 complacuit
1305 1649 1400 1702 sibi
1447 1651 1500 1704 in
1530 1668 1588 1704 eo
1617 1654 1790 1706 anima
1817 1670 1928 1708 mea
1957 1653 2108 1726 (Iani.

535 1746 682 1800 ιιιι,
715 1733 801 1806 1),
834 1745 937 1790 etc.
975 1737 1233 1793 Desinant
1272 1755 1400 1810 ergo
1439 1741 1672 1798 haeretici
1721 1745 1980 1800 minorem
2026 1748 2113 1802 Fi-

525 1823 676 1878 lium
709 1825 761 1879 in
791 1826 990 1882 deitate
1019 1830 1252 1896 sentire,
1286 1832 1499 1899 quando
1540 1833 1619 1887 sic
1659 1849 1968 1903 expressam
2011 1852 2108 1890 an-
2141 1839 2188 1898 Β

535 1913 692 1970 diunt
719 1915 1073 1972 humilitatem
1113 1921 1325 1986 carnis,
1369 1931 1426 1976 ut
1463 1931 1517 1977 et
1557 1937 1754 1979 nomen
1782 1927 1828 1979 ei
1862 1927 1936 1981 sit
1973 1927 2118 1996 posi-

536 2019 646 2062 tum
679 2011 971 2067 servitutis.

604 2098 761 2157 Vers.
791 2102 881 2156 25.
913 2100 1210 2158 Induantur
1233 2107 1321 2174 qui
1346 2107 1618 2161 detrahunt
1646 2109 1774 2162 mihi
1802 2113 2112 2178 reverentia,

531 2197 577 2242 et
607 2191 907 2258 aperiantur
937 2193 1067 2247 sicut
1105 2195 1333 2265 diploide
1373 2197 1672 2266 confusione
1699 2217 1816 2257 sua.
1860 2202 1957 2256 ilic
1985 2218 2118 2272 quo-

529 2286 677 2336 niam
709 2283 890 2352 populi
931 2284 1156 2340 interest
1194 2288 1478 2354 credituri,
1521 2291 1693 2344 oratio
1731 2293 1908 2360 potius
1955 2309 2112 2363 quam

529 2373 833 2430 maledictio
872 2375 1048 2430 datur.
1090 2375 1223 2433 Nam
1265 2380 1355 2448 qui
1397 2383 1677 2437 reverentia
1708 2384 1961 2452 induitur,
2002 2385 2113 2455 jam

529 2479 666 2533 pene
692 2467 1063 2522 conversionis
1103 2483 1326 2525 munere
1363 2473 1704 2542 gratulatur;
1749 2483 1807 2528 ut
1848 2474 1995 2527 illum
2040 2476 2108 2528 ti-

520 2565 675 2612 meat
719 2559 923 2623 Deum,
974 2575 1132 2629 quem
1181 2563 1330 2630 prius
1379 2563 1632 2618 credebat
1676 2563 1946 2620 hominem
1991 2581 2112 2621 esse

531 2651 897 2707 temnendum.
931 2652 1174 2723 Diplois,
1207 2654 1402 2723 duplex
1430 2671 1602 2724 genus
1638 2667 1721 2712 est
1762 2659 1927 2728 pallii.
1971 2659 2112 2716 Petit

528 2756 656 2812 ergo
684 2751 743 2797 ut
774 2745 1053 2816 utriusque
1085 2746 1216 2816 legis
1265 2747 1618 2820 intelligentia
1660 2751 1978 2817 vestiantur,
2023 2753 2110 2822 qui

528 2847 671 2888 nunc
701 2843 925 2905 utraque
956 2835 1176 2905 perﬁdia
1206 2838 1436 2896 faciente
1467 2841 1650 2896 nudati
1677 2851 1822 2898 sunt.
1867 2842 2112 2912 Confusio

527 2925 670 2980 enim
698 2926 1006 2983 Iudaeorum
1038 2939 1122 2984 est
1155 2931 1322 3000 legem
1356 2947 1462 2987 non
1501 2933 1832 3005 intelligere,
1866 2950 1986 3006 quae
2030 2944 2112 2990 to-

527 3016 627 3071 ties
657 3018 992 3075 Salvaturem
1029 3021 1312 3077 Dominum
1345 3025 1629 3092 praecinuit
1667 3025 1944 3104 advenire.
1987 3027 2110 3082 Sive

527 3107 651 3162 illud
681 3124 848 3179 genus
882 3113 996 3166 vult
1026 3113 1325 3182 exprimere
1348 3155 1361 3179 ,
1391 3115 1530 3184 quod
1562 3116 1700 3170 solet
1729 3117 1779 3170 in
1811 3119 2107 3186 proverbiis

527 3201 662 3266 dici;
709 3202 760 3256 id
793 3211 910 3268 est,
955 3204 1287 3260 confusionis
1333 3206 1534 3276 duplici
1582 3208 1744 3278 pallio
1785 3210 2102 3276 vestiantur,
2135 3203 2181 3266 C

526 3293 652 3347 dum
680 3303 806 3349 ante
831 3295 998 3350 Deum
1029 3305 1084 3351 et
1111 3295 1356 3352 homines
1385 3298 1728 3353 erubescunt.

599 3383 753 3440 Vers.
793 3387 884 3442 29.
928 3387 1216 3455 Cunﬁlebor
1257 3388 1478 3442 Domino
1507 3389 1658 3444 nimis
1687 3392 1740 3442 in
1770 3405 1854 3443 ore
1881 3406 1992 3444 meo
2013 3432 2027 3456 ,
2061 3399 2109 3443 et

528 3478 580 3530 in
610 3477 776 3530 medio
806 3478 1086 3532 multorum
1115 3478 1338 3533 laudabo
1366 3495 1501 3533 eum.
1537 3481 1650 3536 Hoc
1679 3481 1874 3536 dicitur
1899 3497 1928 3534 a
1956 3490 2107 3550 parte

529 3568 924 3634 membrorum,
967 3569 1218 3638 quoniam
1262 3577 1381 3639 post
1419 3572 1829 3626 resurrectionis
1885 3572 2104 3626 manife—

529 3658 812 3712 stationem
846 3668 957 3713 toto
983 3659 1113 3713 orbe
1143 3659 1387 3714 dill'usam
1418 3659 1533 3730 ipse
1562 3660 1900 3731 deprecatur,
1929 3669 1984 3717 et
2014 3676 2110 3716 ore

531 3746 788 3803 Ecclesiae.
833 3749 1109 3804 catholicae
1151 3750 1420 3806 confessio
1449 3752 1592 3806 Patri
1619 3763 1928 3822 competens
1957 3754 2109 3808 exhi-

527 3837 704 3891 betur.
735 3835 802 3891 In
832 3840 996 3892 medio
1021 3839 1294 3894 multorum
1314 3883 1328 3909 ,
1355 3840 1712 3896 universalem
1738 3843 1979 3912 designat
2007 3842 2107 3898 Ec-

527 3929 766 3994 elesiam,
789 3945 910 3999 quae
941 3930 1124 3986 laudes
1149 3931 1380 3998 Domini,
1411 3933 1772 4002 circumjectis
1791 3934 1963 3989 adhuc
1986 3949 2109 4004 per-

532 4019 674 4088 ﬁdis,
708 4036 814 4076 non
845 4021 1040 4076 desinit
1080 4023 1342 4078 conﬁteri.
1397 4025 1644 4091 Quandiu
1688 4025 1833 4080 enim
1876 4026 2106 4081 mundus

529 4112 722 4181 agitur,
756 4112 994 4169 Ecclesia
1021 4113 1220 4170 Christi
1257 4116 1638 4172 maledicorum
1679 4117 1834 4173 turba
1873 4117 2102 4186 praecin-

528 4203 687 4270 gitur.

601 4293 755 4349 Vera.
787 4293 873 4349 50.
912 4295 1045 4361 Quia
1072 4299 1234 4352 astitit
1263 4315 1296 4351 a
1324 4299 1516 4353 dextris
1544 4302 1804 4370 pauperis,
1834 4309 1888 4354 ut
1912 4301 2104 4355 salvam

527 4387 714 4452 faceret
745 4402 778 4438 a
803 4389 1219 4456 persequentibus
1247 4390 1470 4443 animam
1499 4407 1684 4445 meam.
1715 4389 1943 4446 Causam
1972 4390 2102 4446 dicit

526 4491 690 4542 quare
731 4476 872 4532 Patri
909 4477 962 4532 in
1005 4479 1260 4534 membris
1302 4481 1413 4535 suis
1450 4480 1645 4536 debeat
1685 4481 1967 4546 conﬁteri;
1997 4483 2102 4538 sci-

527 4566 652 4622 licet
677 4569 932 4638 quoniam
962 4569 1203 4624 confusis
1234 4572 1666 4639 persecutoribus
1709 4575 1823 4642 ipse
1866 4575 2100 4630 salvatus
2129 4569 2184 4628 D

526 4666 628 4712 est.
661 4659 919 4728 Superius
949 4659 1083 4714 dixit
1112 4674 1141 4713 a
1172 4659 1375 4714 dextris
1403 4660 1550 4716 Judte
1579 4670 1756 4718 astare
1785 4663 2053 4718 diabolum
2081 4704 2097 4730 ,

526 4751 777 4819 quoniam
806 4760 924 4806 erat
948 4751 1267 4806 delictorum
1296 4750 1424 4806 faece
1464 4752 1696 4823 pollutus
1724 4770 1738 4820 ;
1781 4755 1883 4808 sibi
1923 4763 2101 4809 autem

526 4840 655 4896 dicit
679 4843 898 4897 astitisse
926 4859 958 4896 α
986 4843 1176 4896 dextris
1217 4842 1428 4896 Patrem
1449 4883 1464 4907 ,
1509 4845 1630 4912 quia
1679 4854 1949 4912 peccatum
1996 4862 2102 4900 non

528 4929 730 4985 habuit.
761 4932 850 4988 Sic
878 4940 933 4987 et
963 4932 1210 4988 ﬁdelibus
1239 4933 1480 5002 assistit,
1510 4950 1632 4989 cum
1664 4937 1853 4991 delicta
1885 4939 2107 4992 remittit

528 5018 670 5090 [ed.,
697 5022 1016 5094 remiserit].
1053 5023 1327 5094 Sequitur,
1363 5035 1417 5078 ut
1444 5025 1638 5079 salvam
1666 5032 1854 5097 faceret
1879 5045 1910 5080 a
1938 5046 2108 5098 perse-

527 5109 790 5180 quentibus
805 5113 1030 5166 animam
1046 5130 1227 5168 meam.
1249 5113 1443 5183 Utique
1467 5117 1607 5168 salva
1632 5118 1770 5186 facta
1797 5128 1868 5171 est
1885 5134 1916 5170 α
1938 5135 2107 5186 perse-

527 5202 791 5272 quentibus
818 5205 988 5256 anima
1015 5205 1147 5272 ejus,
1184 5205 1399 5274 quando
1422 5217 1823 5274 persecutorem
1855 5210 2105 5280 nequitiae

527 5293 671 5348 nulla
701 5293 961 5361 pravitate
990 5296 1283 5348 consensit.
1335 5295 1445 5350 Hoc
1494 5305 1550 5350 et
1600 5297 1664 5350 ad
1706 5299 1942 5352 membra
1989 5299 2104 5366 ejus

527 5390 896 5453 eompetenter
945 5391 1176 5452 aptatur,
1231 5385 1322 5454 qui
1376 5387 1621 5442 nesciunt
1675 5391 2106 5457 persecutoribus

529 5473 754 5540 cedere,
786 5473 945 5542 377
987 5473 1228 5542 quamvis
1255 5474 1483 5532 diversis
1523 5478 1841 5532 cruciatibus
1870 5478 2110 5547 afﬂigan-

530 5573 637 5618 tur.
679 5565 793 5619 Non
823 5565 964 5619 enim
995 5567 1134 5617 salva
1163 5567 1221 5634 ﬁt
1258 5567 1463 5635 anima,
1509 5570 1720 5638 quando
1759 5583 1787 5622 a
1832 5571 2108 5637 temporali

528 5669 706 5715 morte
743 5659 1056 5715 subducitur
1085 5675 1099 5712 :
1129 5661 1226 5714 sed
1259 5662 1476 5729 quando
1505 5663 1572 5717 ab
1600 5663 1754 5732 hujus
1783 5662 1961 5716 saeculi
1994 5677 2109 5716 car-

537 5747 662 5806 cere
700 5750 1056 5820 prosperrima
1096 5749 1445 5806 dissolutione
1485 5751 1750 5821 [ntss.‘A.,
1775 5750 1862 5818 13.,
1890 5749 1982 5818 F.,
2013 5767 2108 5820 per

2235 554 2522 620 Apostolus
2558 575 2570 608 :
2605 558 2890 626 Corripellor
2927 572 3096 614 autem
3133 579 3196 617 ea:
3230 565 3425 619 duobus
3455 581 3472 618 :
3505 567 3806 620 desiderium

2230 644 2418 699 habens
2446 649 2658 714 dissolvi
2687 661 2734 704 et
2761 667 2870 704 esse
2907 669 3024 704 cum
3053 653 3278 721 Christo,
3322 658 3482 710 multo
3515 660 3676 728 magis
3706 677 3803 714 me-

2231 735 2375 800 lius;
2402 754 2697 805 permanere
2732 753 2900 794 autem
2941 743 2993 795 in
3036 760 3186 797 carne
3223 748 3564 800 necessarium
3604 763 3802 818 propter

2229 843 2314 882 vos
2346 829 2580 901 (Philip.
2615 847 2660 898 I,
2691 832 2822 900 25).
2872 835 2938 888 Et
2977 835 3100 888 alihi
3132 853 3145 890 :
3191 837 3317 903 Quis
3356 856 3434 891 me
3475 841 3705 893 liberabit
3744 844 3803 896 de

2228 935 2438 988 corpore
2463 925 2642 975 mortis
2673 925 2868 995 hujus?
2897 925 3074 980 Gratia
3104 927 3208 980 Dei
3236 945 3323 996 per
3345 927 3523 984 Iesum
3550 931 3802 986 Christum

2227 1011 2400 1080 (Rom.
2431 1030 2531 1081 vlt,
2558 1015 2625 1069 24
2644 1057 2658 1082 ,
2683 1016 2796 1084 25).

2753 1127 3025 1184 Conclusio
3052 1133 3256 1201 psalmi.

2294 1233 2521 1300 Quintus
2565 1237 2665 1290 iste
2706 1239 2940 1306 psalmus
2973 1250 3056 1295 est
3084 1257 3270 1297 eorum
3300 1247 3389 1314 qui
3421 1247 3690 1316 prtedictis
3718 1269 3796 1309 rs-

2221 1324 2358 1393 gulis
2401 1326 2554 1380 latius
2597 1328 2664 1383 de
2709 1329 2917 1385 Domini
2961 1334 3208 1399 passione
3252 1336 3411 1392 locuti
3458 1351 3608 1407 sunt,
3644 1345 3691 1397 id
3717 1358 3793 1401 est

2221 1415 2509 1470 vicesimus
2549 1420 2776 1486 primus,
2811 1423 3110 1480 tricesimus
3146 1439 3387 1496 quartus,
3417 1433 3787 1506 quinquagesi-

2220 1522 2338 1563 mus
2366 1520 2612 1580 quartus,
2641 1517 3004 1581 sexagesimus
3031 1528 3270 1587 octavus,
3305 1531 3358 1576 et
3403 1539 3640 1591 pra-scus
3669 1544 3789 1582 cen-

2220 1600 2444 1654 tesimus
2468 1613 2711 1658 octavus.
2746 1604 2927 1660 Primo
2956 1609 3341 1666 inchoaverunt
3369 1629 3558 1670 omnes
3588 1633 3790 1687 ex.per-

2217 1707 2348 1747 sona
2379 1693 2589 1749 Domini
2616 1696 2816 1752 Christi
2840 1715 2855 1763 ;
2883 1702 3122 1756 secundo
3145 1703 3212 1758 ab
3236 1707 3481 1762 oratione
3509 1712 3792 1776 probantur

2219 1783 2414 1840 fecisse
2443 1801 2782 1854 sermonem;
2829 1792 2992 1846 tertio
3037 1796 3301 1861 passionis
3341 1797 3629 1854 dominicae
3657 1815 3791 1871 gesta

2218 1876 2498 1944 dixerunt;
2539 1889 2730 1948 quarto
2782 1883 2961 1937 verbis
3011 1884 3278 1954 Evangelii
3327 1903 3522 1944 assona
3577 1895 3791 1950 veritate

2219 1968 2596 2032 consentiunt;
2630 1970 2817 2038 quinto
2847 1971 2900 2025 in
2941 1987 3037 2041 spe
3071 1975 3306 2031 ﬁdelium
3338 1994 3529 2048 magna
3567 1985 3792 2037 exsulta-

2220 2055 2363 2110 tione
2392 2055 2526 2111 ﬁniti
2567 2070 2730 2112 sunt:
2757 2069 2814 2114 ut
2839 2065 3064 2133 mystico
3094 2064 3215 2121 huic
3245 2083 3490 2140 numero,
3523 2074 3615 2140 qui
3651 2077 3791 2143 quin-

2217 2159 2320 2214 que
2361 2145 2660 2216 virginibus
2712 2150 2870 2205 datus
2919 2163 3024 2219 est,
3066 2157 3299 2227 quinque
3325 2159 3491 2215 libris
3536 2167 3793 2234 ascriptus

2216 2245 2318 2304 est,
2349 2238 2578 2306 dignitas
2599 2255 2660 2296 se
2686 2247 2966 2310 praesentis
2993 2247 3180 2314 psalmi
3205 2249 3404 2304 sociata
3424 2253 3794 2322 conjungeret.

2215 2327 2320 2382 Sed
2349 2331 2591 2397 quamvis
2634 2339 2704 2402 et.
2729 2331 2817 2385 illa
2857 2335 2966 2388 sint
3009 2336 3199 2391 salutis
3235 2349 3435 2396 nostra:
3467 2358 3664 2414 magna
3699 2347 3796 2400 mi-

2217 2423 2419 2490 racula,
2453 2424 2585 2479 nihil
2630 2437 2807 2482 tamen
2853 2428 3173 2499 evidentius,
3206 2434 3335 2488 nihil
3376 2441 3656 2508 acceptius
3694 2450 3792 2508 εει,

2215 2530 2375 2583 quam
2408 2517 2670 2573 incarnati
2703 2519 2910 2574 Domini
2935 2521 3259 2579 adorandum
3290 2528 3570 2596 suscipere
3593 2531 3796 2599 passio-

2215 2623 2358 2662 nem.
2393 2610 2584 2664 Omnia
2613 2624 2936 2682 congruunt,
2964 2615 3142 2670 omnia
3175 2617 3274 2672 sibi
3309 2619 3486 2674 lucida
3531 2623 3796 2689 parilitate

2216 2701 2561 2768 respondent.
2589 2703 2752 2772 Virgo
2779 2708 3008 2776 peperit,
3038 2708 3256 2764 Messias
3284 2711 3444 2775 venit,
3479 2715 3666 2780 Agnus
3695 2713 3794 2766 ἱα-
3861 2717 3875 2733 ’

2213 2793 2509 2850 maculatus
2557 2797 2768 2852 occisus
2812 2807 2918 2860 est.
2961 2799 3288 2870 Redemptor
3327 2806 3560 2858 surrexit
3588 2818 3619 2857 a
3652 2821 3792 2858 mor-

2215 2885 2339 2950 tuis,
2383 2885 2531 2942 orbis
2561 2887 2742 2943 attdita
2769 2889 3015 2956 credidit,
3046 2901 3101 2946 et
3133 2892 3310 2950 adhuc
3335 2892 3551 2948 Judteus
3576 2895 3794 2950 simulat

2213 2989 2273 3030 se
2300 2975 2512 3032 nescire
2548 2977 2690 3048 quod
2728 2989 2872 3036 totus
2914 2982 3143 3036 mundus
3170 2985 3404 3053 agnovit.
3434 2986 3650 3051 Praesta,
3681 2985 3788 3041 Do—

2213 3072 2376 3140 mine,
2419 3074 2702 3130 obstinatis
2740 3079 3172 3145 conversionem,
3202 3079 3382 3134 lumen
3419 3079 3683 3144 obscuris,
3709 3083 3792 3134 in-

2210 3165 2440 3222 credulis
2465 3166 2658 3235 ﬁdem;
2682 3178 2741 3223 ut
2763 3185 2861 3240 pro
2883 3170 3076 3238 quibus
3106 3171 3160 3226 in
3189 3186 3350 3228 cruce
3379 3173 3588 3242 positus
3609 3175 3786 3237 orasti,

2213 3255 2640 3324 periclitantibus
2671 3257 2962 3314 subvenire
2989 3260 3246 3330 digneris.
3279 3262 3410 3317 Nam
3439 3262 3641 3331 quibus
3669 3277 3792 3316 sus-

2211 3348 2339 3403 dere
2355 3348 2496 3418 justa
2518 3365 2626 3405 non
2649 3365 2953 3420 possumus,
2976 3363 3122 3410 recte
3148 3368 3244 3422 pro
3264 3354 3370 3409 illis
3397 3354 3518 3422 tibi,
3543 3355 3788 3421 Domine,

2211 3438 2595 3508 supplicamus.

2496 3575 2854 3631 EXPOSITIO
2890 3577 2956 3631 IN
2994 3577 3322 3635 PSALMUM
3355 3577 3494 3634 CIX.

2767 3691 3007 3748 Psalmus
3043 3692 3232 3750 Dauid.

2278 3797 2454 3854 Verba
2482 3800 2696 3871 quidem
2737 3803 2836 3857 ista
2879 3805 3154 3860 notissima
3184 3816 3329 3872 sunt,
3361 3822 3484 3876 quae
3524 3809 3671 3863 velut
3697 3822 3789 3879 pro

2208 3891 2409 3960 scripto
2437 3894 2603 3963 regali
2637 3905 2931 3963 praenotata
2971 3898 3174 3952 foribus
3215 3899 3528 3966 alﬁguntur.
3558 3899 3662 3954 Sed
3689 3901 3784 3954 iste

2209 3981 2394 4036 titulus
2424 3997 2528 4036 non
2575 3983 2705 4040 dicit
2736 4001 2750 4039 :
2779 3985 2920 4056 Lege
2964 3997 3016 4041 et
3053 3987 3272 4051 recede;
3304 3987 3420 4051 sed,
3453 3988 3595 4057 Lege
3618 3998 3671 4042 et
3697 4003 3782 4041 ac-

2207 4071 2362 4128 cede.
2393 4073 2733 4144 Quapropter
2754 4077 3017 4148 magnalia
3049 4078 3255 4132 Domini
3283 4086 3610 4133 veneranter
3631 4079 3785 4132 intre-

2206 4181 2351 4234 mus,
2389 4168 2513 4235 quia
2555 4170 2773 4223 omnino
2805 4171 3038 4238 psalmus
3066 4171 3151 4224 hic
3181 4181 3234 4225 et
3261 4172 3331 4226 de
3359 4186 3512 4225 sacra
3545 4172 3785 4224 incarnao

2208 4259 2354 4312 tione
2401 4259 2633 4326 Domini,
2663 4270 2717 4315 et
2747 4260 2814 4314 de
2842 4263 3189 4330 omnipotenti
3221 4263 3338 4330 ejus
3366 4262 3570 4316 deitate
3600 4263 3786 4330 plenis:

2207 4350 2344 4406 sime
2369 4351 2710 4420 breviterque
2741 4352 2981 4408 dicturus
3010 4363 3118 4418 est;
3145 4365 3203 4408 ut
3233 4355 3284 4408 in
3312 4354 3639 4423 quihusdam
3667 4355 3786 4407 locis

2207 4440 2369 4495 simili
2415 4440 2697 4496 altitudine
2737 4444 2820 4497 vel
2862 4443 3079 4508 decore,
3126 4446 3278 4499 initio
3326 4446 3468 4500 illius
3515 4446 3782 4516 Evangelii

2209 4541 2480 4588 eructatus
2525 4549 2644 4588 esse
2691 4535 2961 4599 videatur,
3008 4538 3098 4591 ubi
3139 4539 3252 4590 ait:
3287 4536 3351 4591 in
3392 4541 3651 4609 principio
3686 4548 3782 4594 erat

2215 4625 2458 4696 Verbum,
2502 4640 2547 4683 et
2594 4629 2817 4684 Verbum
2862 4639 2968 4685 erat
3008 4633 3147 4701 apud
3195 4633 3376 4700 Deum,
3407 4643 3455 4686 et
3501 4635 3641 4688 Deus
3685 4643 3782 4687 erat

2218 4719 2439 4774 Verbum
2469 4722 2648 4790 (Joan.
2680 4738 2716 4787 ι,
2754 4724 2828 4794 1).
2857 4725 3189 4792 Quapropter
3217 4725 3296 4796 (ut
3327 4728 3394 4778 ita
3426 4726 3679 4793 dixerim)
3709 4733 3782 4778 est

2209 4809 2425 4878 quidam
2469 4811 2548 4864 sol
2584 4811 2706 4865 ﬁdei
2749 4823 2966 4876 nostrae,
3015 4815 3288 4882 speculum
3318 4815 3558 4868 cmlestis
3587 4813 3776 4876 arcani,

2211 4899 2500 4953 armarium
2531 4911 2832 4954 sanctarum
2861 4903 3258 4970 Scripturarum
3285 4921 3298 4955 :
3325 4904 3410 4956 ubi
3440 4913 3612 4958 totum
3647 4919 3780 4957 sum»

2215 4990 2397 5042 matim
2435 4989 2631 5044 dicitur
2659 4990 2799 5060 quod
2849 4993 3123 5060 utriusque
3164 4993 3492 5047 Testamenti
3531 4992 3778 5062 prtedica-

2212 5078 2357 5131 tione
2405 5090 2672 5132 narratur.
2726 5081 3061 5149 Quapropter
3105 5081 3333 5136 amando
3380 5083 3645 5136 tenendus
3683 5089 3774 5140 est.

2210 5167 2364 5236 cujus
2389 5169 2616 5224 dulcedo
2643 5176 2836 5226 crescit
2870 5172 2936 5226 ad
2978 5172 3251 5236 meritum,
3281 5172 3422 5242 quod
3452 5183 3508 5226 et
3536 5187 3774 5241 compen-

2210 5254 2360 5311 diosa
2411 5259 2672 5314 brevitate
2715 5261 3006 5330 colligitur.
3051 5261 3201 5316 Nunc
3244 5262 3558 5316 divisionem
3598 5262 3770 5329 ipsius,

2209 5350 2461 5418 quoniam
2493 5359 2576 5406 est
2607 5367 2954 5420 personarum
2985 5355 3241 5410 varietate
3265 5355 3570 5418 distinctus,
3601 5353 3774 5408 audia-

2212 5454 2332 5495 mus
2357 5441 2626 5511 itttrepidi.

2774 5557 2966 5612 Divisio
2995 5559 3199 5629 psalmi.

2280 5664 2661 5722 Sanctissimus
2695 5669 2954 5738 pr0pheta
2983 5670 3033 5722 in
3065 5678 3326 5724 secretum
3358 5670 3630 5724 altissima:
3651 5680 3768 5724 con-

2215 5755 2577 5825 templationis
2605 5765 2840 5825 evectus,
2888 5758 2938 5813 in
2981 5760 3154 5829 primo
3195 5773 3351 5817 versu
3395 5757 3768 5818 inaestimabilis
