4032 6340
268 368 373 424 795

1216 364 1568 420 l‘Xi‘USlTIO
1608 365 1670 418 ΙΝ
1714 365 2172 423 ΡΞΑΙΧῘΕΙΗΕΜ.
2218 368 2405 422 PSAL.
2447 371 2579 429 CIX.

3407 369 3503 425 791

268 482 427 536 verba
461 482 642 550 refert,
684 495 802 549 qua:
831 479 1169 545 omnipotens
1220 479 1372 531 Pater
1408 478 1755 541 tuuuipotenti
1786 488 1838 530 et
1868 482 1914 539 Α
1951 482 2289 535 humanitatis
2318 483 2481 550 gloria
2511 484 2829 539 declaretur.
2863 485 2991 539 Nam
3020 487 3237 540 verbum
3262 487 3357 541 hoc
3379 488 3504 541 illud

264 583 537 626 coteterno
566 571 664 624 sibi
696 570 830 624 Filio
854 568 1065 632 dixerit,
1098 576 1338 621 naturam
1363 568 1517 619 simul
1546 567 1762 619 Deitatis
1784 577 1837 620 et

266 662 613 715 humanitatis
644 659 951 713 ostendens.
998 658 1126 710 Nam
1168 672 1287 709 cum
1331 658 1653 724 pronuntiat,
1697 656 1839 709 Dirit

263 750 518 804 Dominus
542 750 760 802 Domino
790 764 919 811 meo,
948 757 1185 799 naturam
1215 746 1329 813 ejus
1351 745 1562 798 deitatis
1584 745 1833 797 ostendit.

261 843 395 899 Cum
442 841 734 911 subjungit,
789 840 924 893 Sede
970 856 1000 890 a
1047 839 1238 890 dextris
1279 838 1419 900 meis,
1453 838 1612 888 donec
1652 852 1836 900 ponam

258 935 493 987 inimicos
542 944 655 985 tuos
701 930 976 983 scabetlum
1018 929 1201 996 pedum
1243 936 1476 990 tuorum;
1516 936 1589 990 et,
1627 926 1837 993 Virgam

256 1026 459 1077 virtutis
489 1035 588 1077 tute
614 1024 801 1077 emittet
837 1019 1086 1073 Dominus
1117 1035 1178 1072 ex
1215 1018 1362 1083 Sion,
1410 1026 1455 1071 et
1499 1017 1836 1071 dominaltcris

256 1117 312 1168 in
354 1115 521 1167 medio
560 1114 884 1166 inimicorum
925 1120 1147 1171 tuorum,
1176 1109 1519 1161 humanitatis
1559 1108 1674 1175 ejus
1712 1108 1839 1161 sub-

257 1205 454 1259 stantia
503 1205 836 1267 declaratur,
884 1218 1002 1271 qua:
1050 1200 1221 1269 potuit
1266 1201 1406 1269 quod
1455 1216 1559 1253 non
1610 1200 1838 1254 habebat

255 1295 520 1363 accipere.
569 1295 622 1347 ln
671 1292 901 1347 secunda
947 1308 1073 1346 vero
1116 1292 1379 1346 divisione
1419 1291 1637 1345 inchoat
1682 1292 1838 1344 Pater

256 1395 500 1438 naturam
527 1383 641 1452 ejus
663 1383 952 1438 divinitatis
980 1396 1076 1450 pro
1102 1381 1315 1435 modulo
1344 1392 1539 1434 nostrae
1568 1383 1835 1450 rapacita-

256 1479 326 1528 tis
355 1476 688 1544 aliquatenus
730 1475 984 1528 indicare.
1035 1474 1171 1527 Dicit
1200 1477 1339 1527 enim
1377 1491 1388 1524 :
1421 1473 1606 1526 Tecum
1645 1476 1834 1541 princi-

256 1566 400 1636 pium
427 1568 479 1618 in
504 1566 587 1618 die
614 1567 808 1618 virtutis
839 1575 940 1618 tute
959 1565 1013 1617 in
1035 1564 1392 1633 splendoribus
1420 1575 1705 1618 sanctorum
1728 1582 1748 1620 :
1774 1583 1837 1620 ea:

259 1669 407 1711 utero
448 1666 564 1710 ante
591 1657 854 1728 luciferum
899 1658 1049 1727 genui
1088 1665 1154 1709 te.
1191 1656 1370 1710 Tertio
1416 1657 1534 1710 loco
1582 1657 1835 1725 propheta

258 1751 495 1817 loquitur
524 1767 688 1821 usque
713 1753 779 1806 ad
808 1753 988 1812 linem,
1026 1750 1249 1804 formam
1278 1751 1469 1803 iterum
1499 1752 1614 1819 ejus
1644 1750 1834 1805 huma-

1942 570 2201 640 designat,
2235 583 2289 625 ut
2320 573 2487 640 Caput
2516 583 2754 627 nostrum
2796 576 2860 629 ad
2899 576 3069 630 Patris
3097 585 3505 645 Cognosceretur

1940 657 2212 712 dexte:am
2245 662 2562 716 collocatum
2594 681 2604 714 :
2636 665 2686 716 in
2716 679 2812 731 qua
2844 678 2992 732 parte
3022 666 3244 732 ponendi
3272 666 3504 729 suntqui

1939 760 1967 796 a
2011 748 2226 813 perlidis
2274 748 2573 803 Divinitatis
2621 767 2837 805 munere
2879 763 3241 820 segregantur,
3289 764 3505 820 propter

1941 839 2073 891 illud
2100 856 2113 891 :
2145 840 2322 904 Pater,
2352 844 2463 893 volo
2495 854 2547 894 ut
2576 844 2659 896 ubi
2684 861 2795 895 sum
2822 862 2933 914 ego,
2958 845 3024 896 ibi
3050 846 3150 897 sint
3171 855 3215 897 et
3236 846 3288 897 Ιιί
3315 861 3505 898 mecum

1940 926 2120 993 (Joan.
2154 944 2281 992 xvn,
2313 928 2426 993 24).
2460 930 2589 984 Nam
2633 933 2675 985 si
2712 944 2950 986 naturam
2982 933 3189 986 deitatis
3217 935 3503 1003 excogites,

1940 1032 2096 1084 quem
2123 1018 2295 1070 locum
2328 1030 2501 1084 potest
2533 1022 2728 1075 habere
2755 1025 2915 1089 partis
2943 1024 3168 1075 sinistrae
3192 1022 3273 1075 vel
3302 1023 3504 1077 dextra:

1940 1109 2029 1169 qui
2051 1110 2225 1159 omnia
2263 1109 2455 1177 ubique
2478 1112 2780 1176 plenissima
2809 1112 3083 1180 majestate
3106 1113 3505 1180 compiCCIitttt'?

1939 1194 2069 1247 Nam
2103 1199 2240 1264 quod
2275 1198 2397 1250 dicit
2431 1199 2560 1252 Filio
2591 1202 2863 1254 dexteram
2901 1202 3095 1261 datam,
3127 1219 3230 1254 non
3259 1211 3312 1255 ut
3339 1203 3503 1271 majo-

1939 1299 2050 1337 rem
2088 1287 2363 1354 quisquam
2410 1291 2628 1343 credere
2655 1291 2944 1354 debuisset,
2973 1292 3063 1345 sed
3106 1308 3170 1345 ne
3201 1294 3380 1346 Ariani
3409 1309 3503 1345 mt-

1942 1394 2124 1431 norem
2155 1378 2310 1445 (sicut
2343 1382 2648 1449 prccdicant)
2692 1395 2947 1451 concepto
2984 1385 3186 1437 scelere
3218 1386 3503 1437 mentiren-

1941 1478 2043 1523 tur.
2090 1471 2318 1536 Adjecit,
2370 1474 2527 1525 donec
2576 1490 2758 1541 ponam
2797 1476 3027 1528 inimicos
3075 1486 3186 1528 tuos
3229 1476 3503 1529 scabellum

1941 1564 2123 1628 pedum
2167 1571 2385 1616 tuorum.
2438 1563 2728 1617 Settbellum
2776 1565 2973 1617 dictum
3016 1577 3100 1619 est
3146 1566 3212 1619 ab
3256 1581 3319 1618 eo
3365 1566 3502 1633 quod

1940 1651 2247 1714 scandatur,
2281 1652 2330 1705 id
2365 1662 2447 1706 est
2484 1655 2818 1707 ascendatur.
2851 1655 2915 1707 Et
2946 1656 3221 1708 considera
3252 1656 3389 1723 quod
3423 1657 3503 1709 hic

1940 1745 2118 1803 donec,
2152 1744 2355 1797 [initum
2382 1760 2475 1812 pro
2499 1745 2705 1799 infinito
2730 1747 2798 1799 sit
2830 1747 3086 1814 positum;
3112 1748 3261 1812 quasi
3293 1762 3419 1801 vero
3439 1748 3503 1800 ad

255 1842 438 1895 nitatis
466 1842 775 1909 ostendens,
807 1857 927 1897 cum
956 1841 1120 1895 dicit:
1144 1839 1344 1893 Juravit
1372 1839 1644 1905 Dominus,
1669 1851 1836 1896 etnon
1868 1841 1916 1900 B
1943 1832 2216 1887 ἀεκιθΐθηὶ
2249 1833 2420 1887 Ρθινῖδ
2449 1850 2551 1887 ηοιι
2578 1847 2656 1889 θδί
2685 1836 2774 1889 me
2801 1850 3064 1901 sessurus»
3098 1846 3370 1904 νοειιιυιιιιι
3404 1838 3503 1888 itii-

255 1935 511 2003 ptenitebit
540 1952 674 2000 eum,
706 1944 845 2000 etc.;
878 1944 936 1989 ut
961 1933 1015 1987 in
1048 1934 1128 1987 his
1153 1932 1414 2001 capitibus
1448 1932 1677 1986 Verbum
1706 1947 1831 1986 caro

256 2025 474 2089 faettrm,
504 2026 645 2094 quod
673 2035 753 2079 est
768 2026 1017 2079 Dominus
1043 2025 1308 2089 Christus,
1336 2023 1530 2091 triplici
1559 2022 1828 2077 illumina-

255 2115 400 2169 tione
425 2117 686 2184 potuisset
711 2115 947 2185 agnosci.
1436 2118 1439 2121 ’

784 2251 1054 2322 Expositio
1093 2251 1300 2321 psalmi.

329 2394 480 2449 Vers.
516 2393 565 2447 1.
596 2394 738 2447 Dixit
770 2393 1013 2447 Dominus
1041 2391 1259 2445 Domino
1284 2407 1362 2445 me
1387 2407 1404 2445 :
1426 2392 1561 2447 Sede
1585 2408 1615 2443 a
1643 2390 1831 2445 dextris

255 2485 395 2552 meis,
420 2484 579 2537 donec
606 2500 789 2551 ponam
818 2482 1051 2535 inimicos
1080 2491 1192 2535 tuos
1209 2481 1482 2534 scabellum
1505 2482 1691 2548 pedum
1718 2490 1832 2533 tuo-

244 2591 382 2631 .rum.
417 2575 722 2641 Congruum
754 2572 962 2626 videtur
991 2574 1215 2640 primum
1247 2573 1466 2639 tiguram
1495 2586 1711 2639 ponere,
1736 2585 1831 2638 per

257 2681 409 2733 quam
437 2665 584 2719 initia
616 2664 771 2733 hujus
805 2664 990 2733 psalmi
1023 2663 1340 2716 intrinsecus
1365 2663 1631 2730 possimus
1660 2662 1828 2715 inten-

254 2757 398 2811 dere.
433 2757 555 2811 ldea
586 2756 753 2825 ﬁgura
784 2763 866 2809 est
892 2769 1010 2823 quae
1036 2753 1223 2807 Latine
1251 2753 1443 2807 dicitur
1479 2753 1705 2820 species,
1737 2766 1831 2820 per

256 2865 407 2919 quam
438 2864 525 2904 res
564 2848 858 2902 invisibiles
900 2846 1184 2901 cernendas
1230 2845 1473 2900 sensibus
1514 2843 1826 2898 oll'eruntur.

256 2943 340 2996 Ait
366 2941 505 2995 enim
530 2956 549 2994 :
575 2939 717 2993 Dixit
740 2924 991 2992 Dominus
1015 2937 1233 2991 Domino
1258 2953 1364 2990 meo
1390 2953 1406 2989 :
1431 2936 1563 2991 Sede
1584 2953 1615 2988 a
1637 2936 1829 2989 dextris

256 3032 399 3087 meis.
431 3031 543 3085 Una
569 3029 759 3094 deitas,
789 3043 891 3082 una
916 3035 1174 3097 potestas,
1209 3042 1308 3080 una
1341 3026 1632 3080 aeternitas.
1671 3026 1829 3079 Pater

256 3121 385 3174 dicit
423 3126 488 3172 ad
532 3118 717 3173 Filium
757 3118 899 3187 quod
938 3131 1035 3171 nec
1075 3116 1162 3170 ille
1201 3131 1296 3170 ore
1337 3116 1579 3184 protulit,
1611 3130 1708 3168 nec
1739 3115 1828 3168 ille

1940 1922 2058 1974 mici
2103 1923 2268 1990 ipsius
2315 1932 2370 1975 ιιι
2416 1924 2689 1976 scabellum
2735 1925 2951 1991 pedibus
2989 1925 3104 1992 ejus
3136 1924 3329 1978 fuerint
3356 1926 3503 1979 incli-

1938 2010 2069 2065 nati.
2104 2009 2245 2065 Usus
2274 2014 2414 2066 enim
2449 2014 2734 2081 Scriptura:
2761 2015 2954 2067 divina:
2992 2024 3071 2068 est
3113 2016 3330 2068 verbum
3366 2015 3503 2068 istud

1937 2111 1990 2155 et
2032 2116 2127 2169 pro
2167 2102 2315 2156 brevi
2361 2112 2601 2171 tempore
2640 2105 2836 2167 dicere,
2865 2114 2921 2159 et
2957 2120 3051 2171 pro
3081 2106 3376 2160 :cternitate
3408 2107 3501 2160 de-

1935 2208 2203 2261 promere.
2253 2195 2662 2265 Tempnraliter,
2695 2208 2749 2251 ut
2790 2209 2873 2252 est
2914 2198 3042 2251 illud
3085 2200 3230 2252 Isaia:
3263 2218 3274 2251 :
3308 2201 3501 2253 Claude

1937 2288 2119 2337 ostium
2146 2300 2285 2340 tuum
2309 2290 2573 2355 pusillum,
2603 2291 2762 2342 donec
2785 2301 3004 2345 transeat
3026 2293 3101 2344 ira
3125 2293 3329 2345 Domini
3350 2293 3503 2361 (lsni.

1937 2389 2081 2439 xxvi,
2112 2376 2226 2445 20).
2261 2379 2431 2431 Donec
2472 2392 2648 2434 autem
2687 2393 2739 2434 et
2766 2382 2911 2443 alibi,
2944 2383 3077 2435 sicut
3111 2384 3214 2444 hic,
3247 2383 3503 2450 signiticet

1939 2472 2146 2535 tempus
2193 2478 2479 2534 a'lernuut;
2530 2486 2650 2523 natn
2697 2471 2775 2524 sic
2825 2474 2875 2523 in
2927 2472 3218 2525 centesimo
3244 2474 3502 2541 vigesimo

1935 2556 2172 2611 secundo
2205 2559 2406 2625 psalmo
2435 2559 2674 2612 dicturus
2700 2566 2781 2613 est
2813 2578 2823 2611 :
2853 2560 2938 2612 Ita
2967 2561 3099 2612 oculi
3127 2562 3284 2613 nostri
3306 2562 3371 2613 ad
3401 2560 3505 2613 Do-

1934 2650 2124 2701 minum
2159 2649 2322 2702 Deum
2364 2660 2611 2716 nostrum,
2649 2652 2804 2704 donec
2837 2652 3130 2704 misereatur
3159 2653 3302 2705 nobis
3333 2651 3501 2721 (Psal.

1934 2754 2100 2804 cuti,
2141 2739 2221 2809 5).
2266 2740 2330 2793 Ει
2377 2740 2428 2793 in
2479 2742 2766 2810 Evangelia
2811 2742 3053 2796 similiter
3088 2742 3287 2795 dictum
3326 2753 3405 2795 est
3434 2743 3501 2796 de

1933 2827 2130 2895 Joseph
2166 2845 2178 2880 :
2210 2826 2330 2881 Non
2362 2832 2589 2898 cognovit
2617 2847 2727 2883 eam
2756 2831 2913 2884 donec
2939 2834 3127 2901 peperit
3161 2832 3325 2900 ﬁlium
3353 2847 3500 2883 suum

1935 2921 2323 2990 primOgt-nitum
2354 2920 2563 2988 (Matth.
2601 2938 2633 2985 ι,
2660 2920 2753 2990 25)
2780 2939 2790 2973 :
2816 2924 2962 2990 quasi
2992 2937 3120 2976 vero
3142 2932 3259 2989 post
3293 2932 3499 2990 parturn

1932 3026 2048 3065 eam
2078 3012 2407 3079 cognoverit,
2434 3028 2549 3080 qua:
2572 3012 2719 3079 virgo
2743 3013 3052 3079 permansit.
3082 3011 3192 3065 Hoc
3217 3012 3375 3065 etiam
3404 3025 3504 3066 suo

1933 3100 2052 3153 loco
2082 3102 2305 3167 repetita
2344 3116 2470 3153 cura
2501 3102 2868 3168 tractabimus;
2900 3103 3040 3169 quod
3083 3103 3304 3168 idioma,
3341 3103 3389 3155 id
3424 3116 3505 3157 est

257 3211 473 3265 auribus
500 3210 711 3264 intentis
736 3209 855 3280 [τηε.
880 3207 947 3261 G.
977 3217 1024 3261 et
1050 3207 1156 3269 ed.,
1181 3204 1433 3275 intentus]
1459 3205 1681 3258 audivit.
1713 3204 1832 3258 Vult

1938 3192 2228 3259 proprium,
2259 3191 2545 3260 Scriptura:
2596 3192 2789 3246 divina:
2842 3208 3123 3261 possumus
3178 3208 3502 3261 nuncupare.

255 3302 391 3356 enim
424 3300 599 3364 Pater,
631 3308 685 3354 et
713 3300 858 3353 novit
886 3299 1085 3361 Filius;
1114 3297 1227 3351 vult
1255 3297 1437 3365 Filius,
1466 3305 1521 3351 et
1551 3297 1696 3349 novit
1725 3296 1828 3349 Pa-

255 3401 351 3445 ter.
380 3391 484 3447 Sed
511 3407 609 3445 nec
632 3392 744 3459 ipsa
767 3390 1008 3443 voluntas
1032 3388 1184 3442 nobis
1202 3388 1697 3456 comprehensibilis
1723 3396 1825 3455 est,

254 3498 355 3537 nec
402 3484 514 3552 ipsa
562 3484 711 3538 notio
759 3482 1006 3535 humanis
1042 3479 1290 3533 sensibus
1330 3487 1507 3547 potest
1545 3491 1825 3547 apparere.

255 3575 443 3629 Merito
478 3590 606 3643 ergo
650 3574 713 3627 ad
754 3583 987 3628 nostram
1027 3570 1466 3626 consuetudinem
1515 3570 1829 3624 descensum

254 3674 355 3730 est,
380 3676 639 3735 quatenus
659 3665 920 3720 imbecilla
944 3665 1295 3719 instrueretur
1317 3660 1636 3726 humanitas,
1665 3675 1831 3727 quan-

254 3759 323 3812 do
353 3772 520 3826 tisque
549 3758 615 3811 ad
662 3758 805 3810 illam
854 3764 1116 3810 secretam
1166 3754 1522 3823 integritatem
1553 3752 1828 3805 hominum

254 3864 360 3901 non
393 3856 603 3916 poterat
644 3848 893 3916 cogitatio
943 3846 1239 3914 pervenire.
1291 3842 1543 3897 Dominus
1590 3840 1830 3895 Domino.

253 3938 349 3992 llis
387 3938 692 3992 nominibus
737 3937 1015 4006 :equalitas
1061 3936 1372 3990 substantia:
1400 3944 1452 3988 et
1479 3935 1693 3987 virtutis
1735 3949 1831 4002 po-

253 4028 419 4082 tentia
443 4029 763 4082 dcelaratur.
797 4027 1099 4082 Geminatio
1128 4024 1389 4088 siquidem
1417 4025 1514 4077 ista
1548 4025 1705 4078 unius
1737 4036 1833 4077 no-

256 4119 418 4172 minis
460 4127 513 4173 et
566 4133 820 4184 personas
862 4124 1226 4186 competenter
1266 4114 1555 4183 expressit,
1587 4123 1641 4168 et
1671 4128 1830 4168 unam

255 4217 499 4261 naturam
525 4208 736 4262 deitatis
757 4207 1029 4261 evidenter
1049 4204 1298 4259 ostendit.
1323 4203 1433 4257 Nec
1459 4212 1669 4257 moveat
1690 4204 1832 4272 quod

252 4313 636 4366 nonnunquam
685 4296 841 4351 Jesus
887 4296 1129 4349 Christus
1174 4294 1288 4362 ipse
1323 4293 1516 4346 dicitur
1545 4301 1598 4347 et
1630 4293 1828 4360 Filius,

254 4390 371 4457 ipse
414 4399 465 4443 et
512 4388 767 4443 Dominus
818 4387 1002 4440 David.
1047 4386 1178 4439 Nam
1228 4386 1272 4437 si
1309 4399 1496 4439 causas
1540 4385 1829 4451 discutias,

255 4491 483 4550 utraque
510 4484 787 4536 verissima
819 4488 963 4534 sunt.
1000 4480 1164 4534 Filius
1204 4479 1495 4534 secundum
1526 4480 1697 4534 carnis
1726 4482 1833 4533 ori-

254 4572 457 4638 ginem,
501 4572 638 4625 sicut
686 4572 738 4625 in
786 4572 937 4625 initio
983 4573 1213 4627 Matthxi
1242 4574 1499 4640 scriptum
1530 4582 1648 4627 est:
1680 4573 1833 4626 Liber

256 4664 598 4733 generationis
623 4664 749 4717 Jesu
781 4663 989 4728 Christi,
1021 4665 1120 4733 ﬁlii
1152 4665 1317 4718 David
1351 4664 1565 4734 (Matth.
1597 4680 1636 4728 ι,
1666 4667 1751 4730 1);
1780 4672 1834 4718 et

256 4755 381 4807 alibi
410 4754 740 4808 clamabatur
765 4770 794 4808 a
826 4756 981 4809 caecis
1014 4774 1026 4809 :
1060 4754 1169 4808 Fili
1212 4756 1398 4819 David,
1430 4757 1662 4807 miserere
1691 4755 1833 4806 nobis

257 4844 453 4911 (Idem,
486 4861 575 4909 xx,
619 4845 735 4912 50).
782 4845 877 4899 llic
920 4854 1096 4899 autem
1138 4844 1390 4897 Dominus
1421 4844 1613 4897 dicitur
1645 4842 1830 4905 David,

256 4935 548 4989 secundum
603 4937 855 4990 deitatem
906 4950 1007 5004 qua
1057 4944 1264 4989 creator
1313 4945 1394 4989 est
1444 4935 1642 5003 ipsius;
1691 4932 1831 5002 quod

258 5026 422 5079 etiam
452 5025 504 5078 in
537 5024 635 5080 hac
669 5036 851 5079 nostra
897 5025 1302 5080 conversatione
1336 5023 1596 5091 hodieque
1625 5023 1834 5075 contin-

258 5117 358 5184 git,
393 5126 448 5169 ut
476 5115 616 5169 ﬁlius
645 5117 934 5184 episcopus
963 5115 1153 5177 factus,
1182 5113 1345 5181 patris
1382 5114 1461 5165 sui
1506 5122 1654 5177 pater
1679 5125 1835 5165 voce-

260 5216 370 5273 tur,
414 5221 519 5260 non
558 5208 809 5262 nascendi
858 5206 1065 5269 ordine,
1110 5203 1201 5257 sed
1250 5203 1472 5257 honore.
1520 5201 1647 5255 Illud
1689 5202 1832 5256 enim

258 5297 402 5365 quod
434 5307 614 5351 natum
646 5307 726 5353 est
754 5312 820 5352 ex
854 5295 1059 5351 semine
1097 5294 1258 5347 David
1285 5294 1361 5346 sic
1390 5293 1724 5358 honoratum,
1757 5292 1835 5345 sic

261 5387 655 5456 magniﬁcatum
689 5398 786 5453 cst,
822 5399 876 5443 ut
912 5395 1058 5441 esset
1087 5385 1226 5440 idem
1273 5394 1326 5438 et
1370 5384 1621 5436 Dominus
1671 5382 1835 5435 David

258 5487 315 5532 et
352 5477 513 5535 illius.
546 5480 817 5548 Sequitur,
853 5478 989 5534 Sede
1015 5494 1047 5530 a
1077 5476 1271 5529 dextris
1299 5475 1440 5527 meis.
1476 5474 1671 5527 Victori
1707 5473 1838 5527 Filio

260 5582 317 5624 et
354 5585 449 5640 per
475 5584 712 5627 sanetam
755 5571 1179 5627 incarnationem
1221 5568 1385 5621 totius
1426 5567 1603 5619 mundi
1650 5567 1839 5620 trium-

262 5665 500 5735 phatori,
532 5675 653 5733 post
679 5665 1090 5721 resurrectionis
1115 5662 1336 5732 gloriam
1363 5658 1691 5713 honorabilis
1715 5673 1841 5711 con-

262 5772 445 5815 sessus
489 5757 655 5829 378
695 5757 932 5827 oll‘ertur,
966 5767 1022 5812 ut
1056 5770 1149 5826 per
1190 5755 1331 5808 hunc
1381 5751 1539 5806 situm
1579 5756 1840 5818 susceptae

1931 3282 2033 3336 Per
2074 3283 2225 3348 pedes
2269 3293 2447 3335 autem
2482 3282 2690 3337 Domini
2719 3284 2983 3337 stabilitas
3015 3294 3214 3339 aeterna
3244 3285 3506 3351 signiticao

1933 3383 2035 3437 tur,
2072 3375 2160 3427 ubi
2204 3373 2292 3427 ille
2325 3383 2571 3442 tanquam
2602 3374 2837 3444 vestigiis
2880 3376 3064 3443 positis
3106 3377 3504 3445 omnipotentis:

1929 3481 2042 3519 sine
2070 3466 2264 3519 virtute
2294 3466 2557 3520 consistit.
2593 3466 2683 3521 llis
2710 3466 2918 3536 pedibus
2957 3476 3165 3521 constat
3208 3482 3328 3523 esse
3374 3467 3504 3523 sub-

1930 3554 2157 3619 dendos,
2190 3556 2276 3623 qui
2304 3555 2543 3625 quotidie
2569 3556 2814 3611 vitiorum
2845 3558 3219 3610 contrarietate
3248 3558 3500 3613 derelicta

1931 3655 2276 3700 revertuntur
2304 3646 2368 3697 ad
2397 3646 2700 3709 Dominum,
2728 3655 2781 3701 et
2819 3654 3069 3715 tanquam
3108 3649 3381 3701 scabellum
3410 3664 3501 3716 pe-

1933 3738 2100 3799 dibus,
2132 3738 2200 3789 ita
2228 3738 2341 3805 ejus
2367 3738 2833 3804 prmdicationibus
2856 3738 3193 3792 inclinantur.
3219 3738 3264 3794 Ο
3292 3741 3501 3793 beatum

1933 3842 2208 3881 scamnum
2238 3828 2375 3895 quod
2406 3827 2627 3895 pedibus
2655 3828 2856 3883 sanctis
2876 3830 3176 3896 apponitur,
3204 3843 3361 3895 supra
3384 3845 3503 3882 om-

1933 3920 2017 3972 nia
2068 3934 2227 3987 regna
2277 3919 2538 3985 chbitur,
2583 3919 2665 3971 cui
2712 3919 2970 3984 subjectio
3015 3926 3156 3970 tanta
3201 3928 3500 3985 praestatur.

1932 4011 2063 4064 Nam
2100 4026 2220 4063 cum
2257 4009 2460 4063 sedenti
2505 4008 2568 4062 ad
2611 4009 2884 4061 dexteram
2915 4009 3203 4063 scabellum
3233 4008 3501 4072 subditur,

1933 4101 2049 4153 sine
2078 4100 2239 4152 dubio
2272 4099 2338 4152 de
2377 4097 2483 4151 illis
2525 4098 2750 4151 inimicis
2789 4098 3005 4164 dicitur,
3034 4099 3123 4168 qui
3161 4099 3405 4152 conversi
3436 4098 3503 4153 ad

1934 4190 2207 4243 dexteram
2236 4188 2587 4242 collocantur.

2009 4279 2157 4333 Vers.
2189 4282 2244 4331 2.
2287 4276 2495 4344 Vit-tiam
2542 4279 2738 4331 virtutis
2784 4287 2885 4331 tua:
2921 4278 3107 4330 emittet
3158 4277 3403 4331 Dominus
3444 4293 3508 4331 ea:

1936 4375 2086 4440 Sion,
2118 4382 2164 4427 et
2196 4374 2533 4427 dominabcris
2561 4374 2614 4426 in
2641 4373 2803 4425 medio
2840 4374 3161 4425 inimicorum
3189 4383 3409 4424 tuorum.
3442 4371 3508 4424 Et

1937 4468 2077 4520 hunc
2107 4481 2320 4520 versum
2356 4464 2614 4532 propheta
2648 4465 2879 4533 loquitur
2901 4480 2965 4517 ex
3000 4478 3223 4530 persona
3246 4477 3364 4525 sua,
3397 4462 3507 4513 lau-

1858 4551 1908 4609 D
1937 4562 2057 4614 dem
2103 4561 2154 4611 in
2199 4574 2264 4613 eo
2307 4558 2539 4611 olierens
2575 4558 2798 4609 Domino
2826 4556 3061 4607 Christo.
3114 4552 3268 4621 Virga
3309 4550 3509 4603 virtutis

1934 4660 2015 4704 est
2044 4656 2311 4715 sceptrum
2340 4648 2497 4714 regie
2528 4647 2826 4713 potestatis,
2851 4659 2951 4711 qzta
2980 4648 3342 4696 sustentantur
3376 4638 3509 4692 tide-

1938 4740 2044 4802 lcs,
2074 4738 2378 4805 afﬂiguntur
2427 4734 2721 4799 increduli,
2774 4740 3041 4786 terrentur
3091 4730 3304 4797 ingrati.
3352 4728 3416 4780 Et
3455 4736 3510 4779 ut

1935 4831 2244 4883 ostenderet
2271 4828 2460 4880 Filium
2486 4824 2774 4893 cujuslibet
2802 4822 2878 4876 rei
2911 4820 3253 4889 indigentiam
3282 4834 3385 4871 non
3418 4819 3509 4871 ha-

1936 4921 2081 4983 bere,
2116 4928 2214 4971 tute
2254 4917 2408 4979 dixit,
2440 4916 2561 4985 quia
2594 4922 2826 4982 potestas
2869 4911 2956 4964 illa
2994 4910 3211 4962 deitatis
3243 4922 3353 4962 sua:
3390 4923 3510 4975 pro-

1938 5012 2047 5079 pria
2075 5021 2231 5079 atque
2263 5018 2461 5061 aeterna
2494 5019 2594 5060 est.
2626 5004 2731 5059 Sed
2762 5011 2817 5055 ut
2848 5002 2947 5054 hoc
2971 4999 3303 5054 manifestius
3337 4998 3509 5066 possis

1935 5102 2236 5164 advertere,
2277 5098 2498 5161 addidit,
2532 5097 2667 5148 hanc
2707 5095 2901 5162 virgam
2946 5091 3133 5144 emittet
3168 5089 3415 5142 Dominus
3449 5104 3510 5141 ex

1938 5192 2089 5253 Sion,
2115 5191 2204 5259 qui
2234 5197 2315 5241 t-st
2346 5189 2527 5255 utique
2554 5185 2896 5250 omnipotens
2928 5182 3103 5234 Pater.
3134 5179 3383 5232 Dominus
3414 5192 3510 5231 au-

1937 5293 2043 5337 tem
2067 5299 2129 5334 ea:
2154 5282 2281 5335 Sion
2309 5279 2521 5342 dicitur,
2549 5286 2602 5330 et
2628 5275 2808 5337 Filius,
2840 5280 2978 5326 sicut
3005 5272 3165 5325 Isaias
3185 5271 3314 5323 dicit
3338 5288 3351 5322 :
3379 5269 3511 5333 Quia

1937 5375 2000 5427 de
2036 5374 2163 5428 Sion
2198 5372 2351 5426 ctibit
2391 5372 2492 5431 lex,
2531 5378 2576 5420 et
2617 5370 2817 5419 verbum
2864 5364 3071 5417 Domini
3124 5365 3185 5417 de
3227 5360 3512 5414 Jerusalem

1939 5468 2091 5537 (lsai.
2122 5484 2176 5532 Il,
2204 5467 2283 5535 ὖ).
2316 5465 2508 5518 Audiat
2544 5460 2821 5515 haereticus
2857 5460 3062 5513 Patrem
3093 5457 3232 5525 loqui
3263 5456 3330 5509 de
3365 5464 3512 5522 pote-

1942 5569 2077 5615 state
2109 5567 2164 5613 ct
2191 5557 2469 5624 tnajestate
2505 5552 2643 5606 Filii.
2685 5553 2799 5617 Quo
2841 5550 2945 5620 jam
2974 5550 3182 5603 dicente
3214 5547 3382 5615 possit
3411 5545 3511 5597 im-

1944 5654 2053 5718 bui,
2083 5652 2127 5705 si
2158 5665 2255 5705 nec
2283 5648 2381 5717 ipsi
2412 5646 2595 5701 credat
2633 5645 2870 5699 auctori?
2914 5643 3150 5706 Addidit,
3198 5651 3243 5695 et
3284 5639 3497 5691 domina

1947 5745 2074 5800 beris
2116 5745 2165 5798 in
2213 5741 2375 5795 medio
2422 5738 2736 5792 inimicorum
2774 5748 2995 5791 tuorum.
3032 5734 3286 5802 Exposuit
3317 5727 3510 5781 etnissa
