4032 6340
567 313 672 371 795

1777 315 1842 368 M.
1887 315 2160 371 Al'RELll
2199 317 2602 374 CASSIODORI
3733 324 3823 380 796

564 431 782 486 virtutis
803 430 950 502 virga
979 431 1104 503 q-ud
1131 431 1316 500 faciet,
1343 432 1550 488 scilicet
1578 441 1634 486 ut
1658 432 1931 486 domineris
1961 435 2010 485 in
2035 449 2140 484 mc-
2174 434 2219 490 Α
2249 439 2540 484 sanctorum
2582 439 2726 494 sunt,
2777 429 2989 500 quando
3039 447 3090 484 In
3141 443 3542 496 resurrectione
3582 433 3821 493 lucellum

565 522 652 576 dio
691 523 1011 577 inimicorum
1057 533 1279 577 tuorum.
1331 524 1615 579 Considera
1664 524 2139 579 clementissimum

569 613 817 680 verbum,
849 623 906 668 ut
945 613 1032 667 hic
1073 613 1344 668 Christum
1393 630 1552 682 supra
1601 615 1848 668 inimicos
1890 616 2142 667 dominari

565 705 780 771 dixerit,
827 720 932 761 non
983 705 1302 759 vindicare:
1339 707 1459 774 quia
1509 716 1632 761 tunc
1679 707 1781 761 illis
1821 706 2140 772 dominatur,

561 795 776 863 quando
816 794 881 848 ad
929 796 1098 864 ipsum
1139 795 1562 866 delinquentium
1597 799 1746 852 turba
1787 799 2136 852 convertitur.

560 881 732 937 Aliter
756 883 898 936 enim
942 883 1238 937 dominatur
1269 885 1534 950 fidelibus,
1565 886 1722 939 aliter
1751 897 1935 956 regnat
1965 886 2142 954 ingra-

559 974 626 1027 tis
662 992 675 1026 :
709 976 839 1030 istos
870 975 1150 1030 beneficiis
1179 987 1233 1030 et
1261 980 1593 1032 correctione
1628 977 1842 1046 educat,
1876 979 1994 1034 illos
2024 979 2138 1033 vin-

555 1066 711 1122 dicta:
738 1067 1073 1123 districtione
1105 1070 1362 1137 percellit.
1399 1068 1462 1122 In
1496 1071 1660 1124 medio
1692 1080 1865 1125 autem
1898 1071 2052 1135 dixit,
2085 1073 2135 1126 in

557 1162 760 1228 anima,
786 1163 840 1216 in
870 1163 1198 1230 praecordiis,
1222 1163 1310 1217 ubi
1343 1163 1593 1217 Dominus
1621 1165 1926 1231 requiescit,
1952 1181 2138 1218 emun-

553 1252 690 1306 datis
737 1253 987 1310 sordibus
1045 1255 1224 1323 utique
1277 1264 1636 1324 peccatorum.
1687 1255 1812 1310 Sive
1861 1257 2132 1311 Christum

551 1345 807 1398 dominari
826 1345 954 1399 dicit
977 1347 1028 1400 in
1054 1346 1308 1411 Ecclesia,
1335 1363 1451 1416 qua:
1474 1357 1556 1401 est
1583 1349 1721 1403 inter
1751 1348 2132 1404 haereticorum

550 1452 614 1492 ac
640 1438 1076 1506 superstitionum
1123 1439 1326 1493 rabiem
1373 1440 1425 1493 in
1463 1440 1563 1492 isto
1593 1441 1790 1494 smeulo
1817 1441 2130 1495 constituta.

550 1528 817 1586 Hactenus
847 1530 913 1584 de
942 1538 1127 1584 natura
1158 1531 1370 1584 deitatis
1402 1538 1456 1583 ct
1490 1531 1834 1586 humanitatis
1861 1532 1976 1600 ejus
2008 1549 2132 1600 pro-

549 1620 707 1688 pheta
739 1622 948 1676 locutus
986 1631 1089 1687 est,
1123 1638 1265 1677 nunc
1293 1623 1542 1678 secundae
1578 1623 1740 1693 partis
1780 1623 2129 1679 discutiamus

547 1711 776 1766 initium.

2244 522 2384 576 sicut
2423 522 2594 592 angeli
2649 522 2773 588 Dei,
2817 533 2866 576 et
2925 523 2994 577 ita
3048 522 3309 592 purifieati
3354 534 3515 594 atque
3569 530 3820 597 perspicui

2245 623 2422 678 erunt,
2459 623 2515 668 ut
2560 615 2706 669 illam
2752 614 3083 683 majestatem
3116 625 3316 685 queant
3341 618 3522 671 cordis
3548 620 3715 673 oculis
3743 623 3816 676 in-
3867 607 3880 611 ’

2246 711 2402 763 tueri.
2436 709 2565 763 lllud
2594 710 2735 763 enim
2766 708 2946 763 lumen
2993 709 3094 764 nisi
3131 710 3182 763 in
3224 710 3413 766 melius
3452 712 3716 767 immutati
3749 715 3817 769 vi-

2243 803 2371 857 dere
2400 818 2504 856 non
2536 791 2778 871 possunt,
2812 801 2952 855 sicut
2985 802 3120 856 dicit
3149 803 3439 870 Apostolus
3475 821 3492 858 :
3528 804 3714 860 Omnes
3749 825 3817 860 η-
3861 869 3876 882 ό

2241 910 2525 961 surgemus,
2549 893 2639 946 sed
2660 909 2759 946 non
2782 910 2956 948 omnes
2976 895 3432 967 immutabimur(l
3453 894 3575 951 Cor.
3599 912 3688 965 xv,
3712 899 3815 964 51).

2313 987 2466 1041 Vers.
2492 987 2543 1040 4.
2570 985 2652 1039 Ea:
2673 997 2812 1040 utero
2833 995 2951 1040 ante
2980 987 3251 1056 luciferum
3269 989 3419 1058 genui
3441 998 3512 1044 te.
3535 989 3813 1057 Postquam

2239 1078 2376 1134 dixit
2401 1081 2451 1132 in
2473 1078 2849 1148 splenduribus
2876 1087 3180 1134 sanctorum
3207 1079 3403 1136 Filium
3424 1093 3547 1137 esse
3565 1082 3815 1151 genitum,

2241 1186 2382 1226 nunc
2411 1169 2479 1223 de
2509 1169 2624 1239 ejus
2665 1177 2855 1232 sancta;
2890 1171 3236 1239 generatione
3275 1171 3520 1226 dicturus
3548 1180 3653 1237 est,
3683 1187 3814 1240 qut,

2241 1261 2367 1316 licet
2416 1260 2488 1314 sit
2535 1260 2941 1322 inenarrabilis,
2990 1261 3171 1329 aliqua
3212 1270 3388 1316 tamen
3436 1276 3814 1329 commemora

2239 1353 2384 1406 tione
2430 1351 2824 1420 perstringitur.
2869 1350 3115 1405 Narratio
3162 1351 3466 1418 inefl‘ahilis,
3517 1352 3814 1409 intellectus

2239 1441 2821 1509 incomprehensibilis,
2870 1441 3031 1512 379
3082 1442 3331 1511 cogitatio
3383 1458 3546 1511 supra
3582 1446 3810 1498 omnium

2235 1544 2602 1590 creaturarum
2634 1533 2797 1598 vires,
2844 1550 2963 1602 quae
3007 1535 3317 1603 angelorum
3345 1551 3560 1606 quoque
3604 1548 3808 1605 superat

2235 1640 2483 1688 sensum;
2516 1631 2572 1679 et
2603 1632 2779 1678 tamen
2813 1624 2980 1680 nobis
3005 1639 3083 1688 se,
3132 1635 3290 1691 prout
3333 1641 3528 1694 capere
3561 1631 3811 1694 potuisse.

2242 1729 2382 1780 mus,
2412 1712 2711 1782 indulgens.
2748 1712 2887 1766 Deus
2913 1711 3056 1766 enim
3079 1720 3312 1767 mternus
3337 1721 3500 1783 atque
3527 1717 3808 1771 incommu-

616 1802 770 1858 V’ers.
817 1803 874 1858 3.
924 1803 1108 1858 Tecum
1155 1807 1464 1872 principium
1505 1806 1558 1860 in
1604 1806 1688 1860 die
1719 1807 1918 1861 virtutis
1947 1815 2049 1862 tua:
2074 1809 2131 1861 in
2161 1799 2211 1857 B
2238 1805 2412 1858 tabilis
2451 1804 2506 1860 in
2545 1819 2640 1858 sua
2687 1812 2875 1858 natura
2910 1819 3252 1872 permanens,
3283 1806 3533 1877 dignatus
3563 1819 3649 1863 est
3671 1825 3812 1864 assu-

545 1893 893 1962 splendoribus
937 1905 1248 1950 sanctorum.
1301 1897 1461 1952 Venit
1507 1897 1570 1951 ad
1613 1898 1908 1952 secundum
1946 1906 2126 1967 caput,

545 1987 635 2041 ubi
659 2002 754 2055 per
779 1987 874 2041 hos
897 1988 1030 2042 duos
1057 2003 1246 2043 versus
1265 1989 1421 2044 verba
1455 1990 1627 2043 Patris
1648 1989 1957 2058 accipienda
1977 1999 2126 2054 sunt,

544 2085 600 2130 ut
640 2078 717 2132 fas
764 2078 862 2132 fuit
903 2079 972 2133 de
1011 2081 1358 2148 generatione
1411 2080 1534 2134 Filii
1591 2089 1773 2135 sancta
1830 2081 2124 2134 locuturus.

543 2169 674 2224 Nam
721 2180 776 2225 nt
825 2171 1243 2226 cozeternitatem
1297 2172 1573 2227 evidenter
1624 2171 1952 2236 ostenderet,
2000 2172 2128 2227 dicit

545 2263 886 2331 omnipotens
913 2262 1070 2317 Pater
1093 2263 1162 2316 de
1188 2263 1553 2332 omnipotente
1599 2263 1734 2317 Filio
1760 2278 1856 2318 suo
1890 2283 1904 2318 :
1936 2262 2126 2316 Tecum

540 2351 849 2416 principium
873 2353 926 2406 in
952 2353 1033 2406 die
1053 2354 1250 2406 virtutis
1277 2363 1398 2407 tute.
1425 2354 1558 2408 Nam
1581 2365 1633 2408 et
1661 2354 1776 2422 ipse
1797 2354 1957 2409 Pater
1984 2355 2124 2422 prin-

538 2443 723 2513 cipium
751 2455 855 2510 est,
890 2456 945 2498 ut
988 2455 1074 2499 est
1119 2446 1247 2500 illud
1285 2463 1300 2499 :
1340 2446 1410 2500 In
1453 2447 1708 2518 principio
1745 2456 1855 2500 erat
1906 2447 2124 2502 Verbum

539 2532 716 2603 (Joan.
752 2550 788 2599 I,
826 2535 897 2604 l).
945 2536 1019 2590 lbi
1062 2535 1205 2591 enim
1253 2538 1464 2591 Patrem
1496 2537 1740 2604 designat
1768 2552 1889 2592 esse
1922 2539 2122 2608 princi-

539 2625 678 2690 pium
707 2625 796 2680 ubi
825 2636 939 2679 erat
973 2627 1228 2681 Verbum.
1277 2628 1442 2682 Filius
1483 2643 1694 2697 quoque
1736 2629 1789 2682 in
1832 2629 2122 2698 Evangelio

538 2717 844 2784 principium
873 2717 1193 2784 declaratur,
1221 2720 1344 2773 dum
1374 2721 1446 2774 ait
1475 2738 1488 2774 :
1517 2720 1628 2792 Ego
1650 2737 1764 2774 sum
1791 2723 2119 2791 principium,

538 2816 744 2875 prOpter
769 2808 908 2877 quod
949 2819 996 2862 et
1036 2810 1216 2876 loquor
1243 2811 1380 2863 uobis
1421 2809 1600 2879 (Joan.
1633 2825 1745 2874 vm,
1773 2810 1890 2880 26).
1927 2811 2118 2866 Verum

538 2910 642 2951 non
671 2897 780 2952 duo
809 2899 1086 2967 principia,
1120 2901 1212 2955 sed
1244 2903 1382 2955 sicut
1408 2917 1544 2956 unus
1579 2903 1738 2966 Deus,
1773 2901 1844 2954 ita
1873 2909 1928 2956 et
1956 2917 2117 2955 unum

535 2999 745 3045 constat
773 3005 892 3046 esse
917 2993 1245 3060 principium.
1277 2993 1388 3046 lloc
1412 2994 1571 3046 etiam
1601 3003 1653 3046 et
1678 2993 1746 3046 de
1771 2993 1972 3062 Spiritu
1997 3009 2121 3046 san-

536 3089 620 3133 cto
662 3087 872 3134 constat
917 3082 1034 3135 sine
1079 3081 1240 3135 dubio
1287 3083 1644 3136 sentiendum.
1697 3083 1827 3135 Nam
1879 3097 1999 3136 cum
2049 3083 2115 3136 de

2221 1913 2385 1954 mere
2430 1898 2817 1952 humanitatem
2856 1906 3116 1962 nostram,
3159 1906 3220 1951 ut
3261 1908 3498 1954 veterem
3551 1901 3810 1956 hominem

2235 1990 2553 2054 innovaret,
2595 1995 2656 2042 ut
2701 1986 2768 2042 de
2813 1987 3026 2040 mortali
3079 1986 3280 2042 faceret
3325 1989 3720 2056 immortalem,
3753 1993 3820 2047 de

2233 2087 2515 2148 peccatore
2535 2076 2763 2146 justum,
2795 2077 2861 2130 de
2901 2078 3133 2134 alienato
3165 2081 3248 2132 sui
3279 2080 3427 2147 regni
3457 2079 3681 2147 juberet
3705 2097 3816 2138 esse

2233 2169 2546 2238 participem
2573 2185 2585 2220 :
2614 2183 2682 2222 ne
2723 2167 3006 2236 imaginem
3041 2182 3190 2221 suam
3224 2169 3278 2222 in
3307 2169 3696 2226 confitentibus
3726 2187 3813 2241 pa-

2235 2267 2437 2313 teretur
2466 2261 2654 2326 perire,
2674 2258 2814 2326 pius,
2847 2272 3007 2327 quam
3053 2259 3356 2314 annihilare
3391 2260 3562 2314 voluit
3590 2263 3816 2317 crudelis

2230 2349 2503 2406 inimicus.
2529 2349 2682 2403 Nunc
2705 2350 2768 2402 ad
2798 2364 2986 2403 versus
3015 2349 3168 2404 istius
3198 2352 3516 2420 exponenda
3544 2355 3713 2409 verba
3733 2370 3813 2410 ve-

2230 2440 2461 2494 niamus.
2491 2439 2630 2494 Dicit
2657 2441 2801 2494 enim
2835 2440 2994 2494 Pater
3018 2441 3084 2496 ad
3115 2441 3308 2495 Filium
3340 2459 3355 2496 :
3383 2443 3467 2497 Ea:
3494 2454 3646 2498 utero
3673 2449 3816 2515 genui

2229 2543 2298 2596 te,
2331 2533 2383 2586 id
2414 2542 2498 2588 est
2522 2547 2590 2588 ex
2619 2548 2817 2587 arcano
2846 2534 3160 2590 substantia:
3188 2551 3343 2601 meae,
3366 2552 3430 2592 ex
3464 2539 3583 2606 ipsa
3617 2540 3814 2596 scilicet

2227 2625 2450 2691 deitate,
2489 2633 2657 2679 totum
2705 2639 2768 2680 es
2810 2633 2946 2690 toto,
2989 2627 3412 2696 omnipotentem
3456 2629 3526 2683 de
3573 2631 3812 2700 omnipo-

2228 2723 2400 2780 tente,
2445 2717 2625 2769 lumen
2665 2730 2734 2770 ex
2766 2715 2984 2779 lumine,
3018 2731 3283 2772 summum
3313 2734 3379 2774 ex
3407 2733 3647 2788 summo,
3675 2723 3810 2791 quod

2226 2805 2372 2860 nulla
2421 2806 2791 2875 investigatio,
2843 2807 3022 2861 nullus
3073 2822 3264 2863 sensus
3311 2811 3480 2878 possit
3525 2813 3808 2882 attingere.

2227 2897 2358 2952 Nam
2405 2898 2852 2967 quemadmodum
2902 2900 3076 2956 valeat
3123 2902 3540 2970 comprehendi,
3589 2903 3660 2958 de
3706 2919 3810 2974 qua

2224 2989 2482 3057 scriptum
2510 2997 2594 3043 est
2623 3005 2635 3040 :
2671 2987 3056 3043 Generationem
3084 3001 3254 3044 autem
3280 2993 3393 3060 eius
3413 2993 3518 3062 quis
3543 2996 3810 3049 narrabit

2227 3076 2381 3150 (Isai.
2415 3095 2526 3143 ιιιι,
2555 3078 2648 3148 8)?
2677 3079 2806 3133 Mira
2833 3079 3089 3149 brevitas,
3117 3090 3172 3137 et
3206 3082 3480 3138 sufficiens
3505 3100 3599 3153 pro
3624 3096 3821 3141 nostra.

535 3169 784 3240 principio
814 3171 1140 3239 loqueretur,
1169 3170 1443 3238 subiunxit
1476 3189 1488 3224 :
1526 3170 1591 3223 Et
1633 3171 1860 3240 Spiritus
1903 3171 1999 3227 Dei
2028 3190 2116 3227 ηι-
2146 3162 2195 3228 C
2230 3171 2540 3226 infirmitate
2567 3185 2850 3227 mensura:
2870 3173 2993 3242 quia
3023 3189 3122 3229 nec
3142 3175 3259 3244 plus
3285 3190 3573 3245 possumus
3595 3191 3805 3250 capere,

533 3262 880 3330 perferebatur
907 3278 1060 3329 super
1089 3279 1248 3332 aquas
1276 3261 1427 3328 (Gen.
1466 3278 1506 3326 t,
1534 3261 1612 3332 2).
1647 3263 1752 3316 Sed
1795 3264 1878 3317 hic
1922 3270 2114 3332 sancti,

536 3353 985 3420 quemadmodum
1014 3354 1083 3407 sit
1116 3357 1442 3425 principium,
1473 3355 1523 3409 in
1557 3355 1814 3424 principio
1850 3365 2121 3424 nequeunt

537 3443 752 3496 intueri.
785 3443 915 3496 Nam
951 3459 1072 3497 cum
1108 3445 1298 3498 Filium
1349 3447 1560 3500 videret
1607 3446 1904 3515 Philippus,
1938 3449 2069 3501 dixit
2102 3468 2116 3504 :

537 3531 759 3586 Ostende
785 3534 928 3586 nobis
960 3531 1189 3589 Patrem.
1221 3534 1421 3602 Quibus
1449 3537 1525 3588 ait
1555 3537 1833 3606 lntegritas
1859 3555 1870 3590 :
1905 3538 2004 3604 Qui
2038 3555 2119 3591 me

533 3621 689 3687 uidet,
736 3624 870 3676 uidet
911 3635 958 3678 et
1009 3624 1213 3679 Patrem
1260 3625 1436 3694 (Joan.
1483 3643 1597 3694 xlv,
1639 3629 1720 3700 8).
1762 3631 1913 3685 Tunc
1948 3633 2113 3697 enim,

531 3713 744 3780 quando
797 3729 891 3782 per
942 3717 1163 3785 gratiam
1220 3717 1430 3772 Domini
1489 3719 1803 3785 plenissimo
1855 3724 2117 3790 eruperint

529 3804 818 3874 splendore
872 3808 1088 3870 rauiari,
1141 3808 1327 3862 vident
1372 3810 1680 3878 principium
1729 3809 2002 3864 Christum
2058 3811 2113 3866 in

529 3898 783 3967 principio
812 3913 932 3952 esse
964 3896 1119 3951 Pazre
1149 3915 1267 3953 cum
1300 3911 1484 3952 sancto
1521 3900 1749 3968 Spiritu.
1781 3901 2115 3970 Quapropter

530 3989 747 4057 perfidia
787 3988 999 4043 desinat
1030 3988 1222 4042 Ariana
1252 4004 1598 4059 consurgere.
1631 3990 1752 4043 ltlco
1791 3991 1930 4044 enim
1968 3992 2113 4060 prin-

527 4081 720 4148 cipium
744 4080 898 4134 Pater
927 4090 978 4134 et
1009 4079 1171 4133 Filius
1209 4080 1424 4146 dicitur,
1460 4088 1517 4134 ut
1545 4095 1730 4136 eorum
1771 4081 2110 4134 coaeternitas

528 4170 858 4234 declaretur;
893 4187 1012 4223 nam
1051 4170 1096 4224 si
1136 4181 1276 4226 esset
1325 4180 1534 4240 tempus
1579 4171 1793 4239 quando
1840 4187 1944 4225 non
1994 4181 2111 4226 erat

527 4261 709 4327 Filius,
741 4262 888 4315 solus
936 4261 1094 4316 Pater
1122 4263 1226 4318 dici
1277 4265 1444 4332 potuit
1485 4279 1606 4318 esse
1649 4265 1977 4332 principium.
2011 4267 2109 4321 Se-

525 4352 724 4418 quitur,
761 4352 812 4404 in
853 4352 934 4405 die
957 4354 1156 4406 uirtutis
1185 4364 1285 4406 tua:
1318 4356 1369 4406 in
1402 4354 1758 4423 splendoribus
1787 4364 2102 4408 sanctorum.

529 4442 755 4512 Respice
783 4443 988 4512 singula
1019 4445 1176 4498 verba
1206 4460 1362 4512 quam
1394 4448 1498 4498 vim
1538 4446 1786 4509 habeant,
1819 4462 1975 4515 quem
2010 4449 2107 4498 hu-

2224 3269 2279 3316 et
2305 3260 2405 3314 hoc
2435 3261 2647 3316 abunde
2678 3261 2878 3318 sufﬁcit
2905 3264 3100 3333 utique
3114 3266 3431 3322 credidisse.
3470 3270 3606 3324 Ante
3634 3272 3808 3341 lucife—

2222 3366 2338 3404 rum
2366 3367 2487 3404 cum
2529 3351 2692 3418 dicit,
2728 3353 3141 3408 immensitatem
3188 3357 3508 3412 aeternitatis
3553 3361 3802 3416 ostendit.

2222 3441 2430 3512 Lucifer
2469 3444 2612 3498 enim
2665 3458 2761 3512 pro
2799 3445 3048 3499 omnibus
3087 3445 3258 3500 stellis
3303 3448 3542 3516 ponitur,
3585 3451 3740 3520 quasi
3775 3465 3806 3505 a

2224 3541 2372 3602 parte
2419 3540 2610 3597 totum,
2638 3532 2728 3602 qui
2759 3533 2900 3590 diem
2930 3534 3198 3603 significat
3235 3551 3356 3592 esse
3401 3549 3714 3594 venturum.
3745 3541 3804 3595 Et

2223 3632 2281 3676 ut
2316 3623 2626 3677 ostenderet
2671 3624 3212 3693 incomprehensibile
3257 3628 3440 3682 nescio
3483 3629 3640 3700 quid,
3684 3631 3808 3686 dicit

2223 3716 2372 3785 prius
2399 3732 2518 3773 esse
2546 3719 2772 3788 genitum
2795 3728 3079 3788 antequam
3110 3719 3239 3774 illud
3265 3721 3524 3776 existeret
3547 3721 3692 3790 quod
3721 3737 3802 3777 so-

2223 3808 2296 3862 let
2323 3818 2609 3864 venturum
2641 3810 2779 3865 diem
2809 3810 3006 3865 saeculo
3033 3812 3298 3866 nuntiare.
3322 3811 3437 3866 Non
3461 3814 3610 3868 enim
3635 3823 3806 3882 potest

2222 3901 2540 3970 principium
2581 3902 2700 3971 ejus
2737 3902 3143 3972 comprehendi,
3178 3918 3206 3956 a
3247 3919 3354 3972 quo
3395 3914 3589 3959 cuncta
3621 3913 3792 3959 creata

2221 4002 2366 4049 sunt.
2416 3993 2565 4048 Nunc
2610 3993 2680 4048 ad
2728 3993 2900 4048 tertiae
2943 3994 3110 4063 partis
3157 3993 3435 4050 veniamus
3475 3995 3702 4060 initium,
3737 3995 3793 4048 in

2221 4099 2325 4153 qna
2357 4086 2548 4140 iterum
2580 4083 2836 4154 propheta
2873 4085 3188 4154 reloquitur.

2288 4173 2443 4226 Vers.
2477 4173 2534 4228 5.
2575 4171 2780 4249 Juravit
2819 4171 3093 4239 Dominus,
3137 4183 3184 4228 et
3221 4188 3322 4228 non
3353 4174 3614 4243 paenitebit
3641 4190 3794 4230 aut:

2214 4262 2294 4318 Tu
2331 4281 2382 4318 es
2425 4264 2677 4319 Sacerdos
2721 4265 2774 4317 in
2816 4273 3060 4318 tctcrnum
3094 4265 3376 4319 secundum
3405 4265 3642 4326 ordinem
3668 4266 3794 4320 lle!-

2215 4353 2500 4407 cliisedech.
2548 4353 2644 4408 llic
2693 4353 2882 4406 iterum
2933 4354 3192 4422 propheta
3245 4353 3404 4424 (sicut
3445 4355 3654 4410 dictum
3693 4357 3792 4424 est)

2217 4447 2623 4515 promissionem
2658 4454 2923 4500 memorat
2963 4446 3160 4500 Patris.
3199 4445 3404 4499 Iuravit
3445 4447 3596 4501 enim
3639 4445 3792 4509 Filio,

523 4549 730 4589 norem.
767 4532 832 4588 In
876 4535 958 4587 die
994 4535 1257 4603 significat
1293 4536 1670 4598 a-ternitatcm,
1714 4537 1801 4590 ubi
1847 4550 1981 4590 unus
2021 4544 2103 4589 est
2132 4535 2184 4596 Ι)
2215 4538 2308 4591 sed
2353 4537 2463 4606 jam
2501 4534 2736 4602 Christo,
2767 4536 2858 4604 qui
2897 4551 2963 4589 ex
3010 4535 3172 4588 Maria
3228 4534 3446 4604 Virgine
3488 4546 3652 4590 natus
3693 4545 3789 4590 est.

523 4628 656 4693 dies,
691 4628 778 4684 ubi
820 4628 930 4695 jam
967 4641 996 4680 a
1041 4627 1210 4682 beatis
1233 4627 1451 4682 claritas
1477 4638 1531 4682 et
1564 4628 1735 4682 virtus
1764 4628 1944 4682 divina
1976 4643 2105 4682 cun-

522 4719 762 4786 spicitur,
793 4720 860 4772 de
887 4733 992 4787 quo
1037 4719 1294 4786 scriptum
1335 4729 1416 4773 est
1457 4735 1472 4772 z
1509 4718 1655 4772 Beati
1694 4720 1886 4770 mundo
1917 4719 2103 4784 corde,

521 4814 761 4881 quoniam
789 4815 888 4882 ipsi
918 4814 1079 4866 Deum
1111 4813 1348 4866 videbunt
1378 4812 1588 4884 (Matth.
1624 4829 1673 4876 v,
1704 4814 1780 4883 8).
1813 4813 1878 4866 Et
1907 4812 1973 4866 de
1999 4812 2102 4865 im-

523 4905 625 4971 piis
652 4905 842 4973 legitur
875 4923 888 4958 :
920 4905 1155 4959 Tollatur
1200 4906 1408 4976 impius,
1449 4921 1510 4958 ne
1552 4907 1717 4959 videat
1746 4904 1966 4974 gloriam
2007 4904 2106 4958 Dei

520 4994 675 5065 (Isai.
708 5013 853 5063 xxvi,
887 4998 999 5065 i0).
1029 4999 1227 5052 Omnes
1255 5002 1398 5052 enim
1423 4997 1679 5053 videbunt
1707 4997 1898 5052 Filium
1931 4997 2107 5050 homi-

521 5088 604 5142 nis
646 5081 886 5155 jndicare
933 5091 1088 5142 vivos
1130 5097 1184 5142 ct
1221 5097 1478 5150 mortuos,
1511 5087 1602 5143 sed
1635 5087 1888 5142 deitatem
1939 5087 2102 5154 ipsius

518 5179 618 5233 soli
670 5179 963 5234 beatissimi
1001 5190 1342 5236 contnentur.
1385 5181 1483 5236 Ubi
1529 5190 1651 5234 sunt
1691 5181 1765 5234 illi
1805 5181 1892 5249 qui
1941 5181 2101 5235 etiam

518 5285 660 5326 nunc
687 5273 820 5325 duas
849 5279 1064 5325 naturas
1097 5273 1148 5326 in
1181 5273 1396 5326 Christo
1429 5272 1657 5326 Domino
1686 5271 1904 5326 minime
1929 5273 2100 5326 conli—

518 5361 736 5415 tentur?
770 5359 1022 5415 Peccator
1047 5361 1188 5415 videt
1218 5363 1623 5424 humanitatem,
1655 5361 1840 5416 beatus
1879 5361 2096 5430 conspi-

517 5453 589 5506 cit
616 5452 770 5506 simul
805 5460 860 5507 et
898 5454 1170 5507 deitatem.
1213 5454 1365 5520 Quod
1398 5455 1444 5509 si
1476 5470 1577 5508 una
1609 5465 1750 5509 esset
1781 5456 1862 5527 (ut
1890 5455 2098 5509 conﬁn-

516 5542 669 5612 gunt)
697 5551 906 5609 natura,
937 5560 1040 5597 non
1084 5553 1326 5612 poterant
1357 5557 1665 5611 peccatores
1694 5560 1910 5600 carnem
1941 5559 2098 5615 quam

519 5646 945 5704 compunxerunt
986 5637 1036 5690 in
1085 5637 1480 5691 resurrectione
1514 5638 1684 5691 solam
1729 5638 2016 5706 respicere,
2047 5645 2105 5692 et

519 5723 777 5780 deitatem
804 5724 970 5794 ipsius
1001 5728 1199 5796 pariter
1228 5741 1334 5780 non
1364 5726 1566 5782 videre.
1593 5726 1908 5798 Splendorcs
1926 5737 2101 5785 autem

2213 4631 2344 4684 Nam
2389 4628 2487 4682 soli
2533 4627 2706 4681 Verbo
2743 4627 2868 4694 quid
2911 4627 3083 4696 potuit
3121 4627 3456 4696 promittere,
3493 4626 3588 4695 qui
3616 4625 3790 4680 omnia

2211 4735 2334 4774 cum
2359 4719 2473 4787 ipso
2497 4733 2712 4786 semper
2734 4717 2972 4772 noscitur
2995 4716 3305 4786 possidere?
3321 4715 3517 4771 Jurare
3543 4728 3628 4772 est
3654 4716 3789 4772 enim

2207 4813 2406 4882 aliquid
2446 4811 2656 4866 firmum
2705 4810 2806 4864 sub
2845 4811 3189 4864 attcstatione
3232 4809 3568 4879 promittere.
3609 4809 3678 4863 Et
3709 4809 3786 4862 cui

2209 4902 2403 4957 melius
2431 4900 2718 4956 convenire
2768 4898 2980 4966 poterit,
3025 4899 3128 4953 nisi
3175 4899 3248 4954 illi
3288 4899 3378 4968 qui
3415 4899 3686 4954 sermonis
3711 4898 3784 4952 sui

2205 4995 2458 5049 effectum
2490 4992 2675 5046 divina
2703 4998 2964 5060 potestate
2989 4989 3311 5060 complevit?
3337 4990 3482 5044 sicut
3505 4990 3786 5060 Apostolus

2205 5086 2334 5140 dicit
2357 5085 2410 5138 in
2436 5082 2666 5152 Epistola
2690 5097 2809 5150 qua:
2831 5081 3083 5136 scribitur
3109 5080 3176 5136 ad
3204 5080 3458 5136 llebrzeos
3482 5097 3500 5136 :
3529 5082 3600 5136 Ut
3627 5090 3784 5135 astat-

2205 5178 2344 5230 deret
2393 5175 2532 5228 Deus
2597 5174 2982 5244 pollicitationis
3048 5172 3335 5228 heredibus
3385 5173 3780 5228 immobilitatau

2207 5269 2408 5323 consilii
2437 5269 2537 5332 sui,
2567 5267 2868 5333 interposuit
2901 5265 3292 5336 jusjurandum,
3339 5274 3393 5318 ut
3437 5282 3530 5334 per
3558 5266 3682 5318 duas
3706 5277 3787 5314 res.

2200 5359 2503 5426 immobiles,
2532 5357 2716 5428 quibus
2762 5355 3076 5423 impossibile
3114 5365 3186 5410 est
3226 5356 3428 5410 mentiri
3455 5355 3646 5419 Deum,
3675 5357 3768 5420 for-

2202 5451 2458 5506 tissimum
2481 5448 2724 5504 solatium
2749 5446 3046 5512 habeamus,
3071 5447 3156 5514 qui
3183 5445 3508 5516 confugimus
3525 5445 3594 5500 ad
3615 5454 3769 5496 tenen-

2204 5546 2326 5600 dam
2355 5544 2668 5615 propositam
2696 5559 2858 5611 spem,
2890 5558 3043 5610 quam
3070 5541 3201 5596 sicut
3242 5544 3518 5596 ancltoram
3551 5540 3768 5592 habemus

2203 5636 2396 5690 anim
2423 5642 2585 5687 tutam
2610 5648 2673 5685 ac
2703 5632 2907 5700 firmam
2939 5629 3126 5701 (Hebr.
3153 5647 3224 5695 vt,
3261 5630 3346 5697 Π,
3381 5630 3468 5695 18,
3509 5630 3616 5698 19).
3647 5626 3762 5680 llinc

2207 5736 2291 5784 est
2317 5728 2474 5784 (sicut
2509 5727 2620 5797 iam
2657 5725 2860 5782 dictum
2888 5727 2992 5796 est)
3025 5724 3168 5794 quod
3197 5724 3443 5782 homines
3461 5723 3641 5792 iurare
3661 5730 3758 5774 me-
