4032 6340
248 361 346 419 797

1191 359 1555 417 EXPOSITIO
1596 360 1659 415 IN
1704 360 2158 417 PSALTERIUM.
2199 362 2387 417 PSAL.
2429 362 2562 417 CIX.

3402 364 3499 418 738

246 483 355 531 rito
382 468 755 543 prohibentur,
786 470 912 525 dum
937 469 1074 539 quod
1106 470 1323 527 efﬁcere
1345 480 1634 541 nequeunt,
1661 481 1828 526 teme-
1856 476 1905 534 Α
1932 474 2283 543 conquassabit
2311 475 2480 544 capita
2506 475 2668 528 multa
2694 474 2748 529 in
2778 483 2914 529 terra
2953 477 3174 547 copiosa.
3206 475 3502 547 Proprieta‘

245 567 391 622 rarie
428 565 529 619 sub
566 563 663 618 Dei
698 563 1044 617 attestatione
1088 563 1421 632 promittunt.
1451 563 1604 618 Jurat
1643 573 1823 618 autem

250 676 346 727 per
373 674 435 713 se
464 658 624 723 Deus,
656 658 795 710 sicut
825 656 1054 710 Abralne
1090 656 1333 725 promisit
1365 674 1377 709 :
1414 654 1537 710 Vivo
1562 672 1672 725 ego,
1705 656 1827 709 dicit

251 749 503 804 Dominus
531 749 816 819 :quoniam
845 749 1038 803 audisti
1084 764 1251 802 uocem
1293 765 1477 816 meam,
1519 758 1568 802 et
1606 766 1705 802 non
1739 766 1829 819 pe-

246 840 457 910 percisti
485 838 595 907 [ilio
626 847 712 891 tuo
743 839 893 891 unico
922 848 1127 907 propter
1150 854 1227 892 me
1253 853 1272 891 :
1300 840 1399 892 nisi
1420 839 1716 893 benedicens
1747 841 1831 894 be-

248 931 483 983 nedicam
520 937 570 982 te
617 926 771 997 (Gen.
817 944 949 993 χιιι,
990 927 1079 991 16,
1131 928 1245 999 17),
1286 938 1388 985 etc.
1424 928 1535 982 Nec
1574 930 1831 1000 paenitebit

247 1035 391 1086 eum,
424 1018 627 1088 utique,
659 1018 910 1088 quoniam
939 1019 1008 1075 de
1040 1018 1129 1074 tali
1161 1034 1224 1073 ac
1257 1027 1400 1075 tanta
1434 1020 1832 1090 dispensatione

250 1121 446 1166 cuncta
484 1112 663 1180 gavisa
704 1120 847 1166 sunt.
888 1111 1045 1181 Legis
1084 1114 1269 1180 etiam,
1302 1112 1521 1168 Paenitet
1551 1131 1629 1167 me
1656 1115 1835 1184 fecisse

252 1199 509 1255 hominem
541 1198 695 1268 (Cen.
725 1217 799 1265 v1,
833 1202 911 1271 7),
943 1203 1158 1272 quando
1183 1212 1309 1259 ante
1339 1205 1521 1260 diluvii
1547 1206 1830 1261 adventum

254 1290 419 1346 corda
460 1291 767 1346 mortalium
808 1291 1177 1349 demerserant
1207 1296 1259 1349 in
1289 1297 1549 1365 gurgitem
1590 1306 1836 1366 peccato-

253 1397 397 1437 rum.
436 1381 546 1435 lloc
583 1390 762 1436 autem
790 1382 985 1437 dicitur
1025 1398 1124 1453 pro
1169 1384 1514 1442 humanitatis
1548 1395 1836 1442 consuetu-

254 1471 401 1536 dine,
424 1471 510 1525 cui
539 1471 699 1526 aliter
722 1486 809 1527 res
832 1487 993 1541 quam
1020 1474 1303 1530 videbatur
1328 1491 1548 1544 sperare
1572 1477 1830 1532 succedit.

256 1561 529 1631 Sequitur,
561 1573 612 1614 tu
643 1579 695 1615 es
723 1563 977 1617 Sacerdos
1011 1565 1063 1618 in
1095 1576 1341 1620 wternum
1374 1568 1650 1621 secundum
1690 1568 1833 1621 ordi-

257 1668 377 1704 nem
417 1652 810 1708 Melchisedech.
864 1654 974 1708 lloc
1015 1656 1170 1708 etiam
1224 1656 1483 1723 prOpbeta
1528 1658 1835 1725 promisisse

258 1742 396 1795 Filio
424 1750 807 1796 commemorat
833 1743 1063 1798 Patrem.
1089 1746 1185 1799 Cui
1208 1748 1348 1800 enim
1378 1756 1552 1815 potest
1579 1748 1835 1802 veraciter

1930 573 2010 618 tes
2040 565 2245 618 intuere
2282 564 2586 620 verborum.
2618 565 2790 634 Reges
2818 564 3230 635 confringendos
3260 567 3313 621 in
3342 582 3503 635 supe-

1928 655 2072 709 riore
2094 670 2249 708 versu
2263 654 2399 709 dixit
2420 664 2634 723 propter
2654 655 2960 722 superbiam
2983 657 3335 726 tyrannicatn,
3360 671 3503 710 nunc

1930 745 2154 813 populos
2174 746 2405 815 judicari
2428 745 2673 813 perbibet
2699 754 2917 813 propter
2941 755 3153 813 peccata
3176 747 3498 812 communia;

1932 836 2140 906 utrique
2169 844 2345 891 tamen
2374 851 2402 889 a
2435 838 2544 891 suis
2582 836 2965 892 intentionibus
3009 836 3237 894 feliciter
3283 838 3501 907 cadunt,

1931 928 2058 983 dum
2085 944 2118 983 a
2145 930 2323 998 priore
2351 928 2676 997 malignitate
2703 929 2845 983 bono
2883 931 3156 998 proposito
3194 933 3501 989 conversio-

1932 1020 2016 1075 nis
2060 1019 2374 1075 abscedunt.
2417 1020 2484 1075 Et
2526 1020 2805 1076 considera
2854 1023 3122 1091 quomodo
3163 1023 3249 1077 hic
3285 1024 3501 1091 dicitur,

1924 1111 2166 1181 judicare
2193 1120 2249 1166 ut
2276 1112 2487 1181 impleat
2513 1110 2712 1168 ruinas.
2744 1111 2931 1183 Implet
2957 1113 3097 1168 enim
3119 1114 3313 1179 ruinas,
3340 1130 3503 1183 quan-

1933 1200 2003 1256 do
2029 1202 2095 1256 de
2123 1201 2372 1257 cordibus
2404 1202 2649 1256 humanis
2684 1202 2804 1257 facit
2833 1216 3045 1270 peccata
3075 1220 3347 1272 corruere,
3370 1206 3505 1260 deli-

1933 1302 2124 1360 Ctaqne
2186 1291 2340 1345 noxia
2401 1291 2777 1346 emendatione
2827 1292 3172 1348 saluberrima
3220 1294 3502 1363 diSperire.

1935 1382 2087 1450 Quod
2136 1398 2230 1451 per
2270 1382 2401 1437 illud
2445 1384 2745 1451 exemplum
2783 1393 2957 1452 potest
2984 1385 3236 1455 intelligi,
3269 1386 3354 1440 ubi
3383 1386 3458 1440 ait
3489 1402 3503 1439 :

1935 1473 2177 1529 Destrues
2204 1490 2306 1539 eos,
2339 1483 2386 1526 et
2430 1491 2531 1528 non
2572 1476 2849 1543 azdiﬁcabis
2892 1493 2976 1529 eos
3020 1476 3189 1545 (Psal.
3224 1492 3385 1541 xxvtt,
3418 1476 3505 1545 5);

1936 1565 2075 1635 quod
2107 1565 2287 1634 utique
2328 1581 2430 1618 non
2472 1566 2757 1629 diceretur,
2791 1567 2891 1619 nisi
2923 1567 3321 1621 destruerentur
3347 1567 3506 1636 aliqui

1920 1650 2244 1726 prosperius
2290 1656 2599 1711 innovandi.
2650 1658 2920 1724 Sequitur,
2956 1659 3309 1727 conquassabit
3340 1660 3508 1726 capita

1937 1748 2097 1802 multa
2120 1750 2170 1801 in
2193 1757 2327 1803 terra
2344 1750 2569 1815 copiosa.
2601 1748 2789 1815 Capita
2810 1749 3022 1803 illorum
3043 1750 3223 1816 utique
3242 1750 3329 1817 qui
3352 1759 3509 1817 caput

253 1846 309 1893 et
338 1838 617 1892 evidenter
644 1841 839 1907 aptari,
872 1839 973 1893 nisi
1022 1840 1245 1894 Domino
1281 1841 1563 1905 Salvatori,
1596 1842 1681 1910 qui
1713 1859 1835 1895 cor-
1866 1840 1911 1900 Β
1942 1853 2044 1892 non
2086 1839 2279 1894 habent
2320 1839 2621 1904 Christum;
2672 1854 2792 1893 nam
2840 1840 2927 1907 qui
2980 1839 3246 1893 diabolum
3287 1838 3510 1893 diversis

250 1944 351 1998 pus
377 1938 430 1982 et
460 1930 775 1998 sanguinem
802 1945 957 1983 suum
1000 1933 1050 1983 in
1089 1933 1239 2000 panis
1279 1947 1342 1986 ac
1380 1933 1487 1986 vini
1524 1934 1835 2001 erogatione

251 2019 557 2075 Salutariter
579 2021 948 2075 consecravit?
969 2021 1105 2076 sicut
1135 2023 1247 2089 ipse
1274 2023 1327 2077 in
1346 2022 1649 2091 ,Evangelio
1668 2023 1830 2079 dicit:

253 2110 373 2174 Nisi
401 2111 825 2166 manducaueritis
854 2129 1057 2166 carnem
1097 2110 1222 2167 Filii
1259 2114 1498 2179 hominis,
1527 2127 1573 2166 et
1614 2114 1834 2170 biberitis

248 2201 363 2271 ejus
409 2203 729 2272 sanguinem,
764 2219 865 2256 non
910 2202 1154 2277 habebitis
1196 2204 1347 2256 vitam
1386 2212 1625 2257 teternam
1654 2203 1831 2274 (Joan.

256 2307 335 2356 vt,
378 2293 492 2361 54).
524 2293 625 2347 Sed
658 2294 709 2347 in
742 2294 838 2347 ista
871 2309 1032 2348 carne
1062 2308 1124 2347 ac
1149 2295 1403 2363 sanguine
1434 2295 1506 2348 nil
1532 2304 1831 2362 cruentum,

253 2386 718 2456 nil'corruptibile
758 2404 913 2443 mens
961 2388 1196 2442 humana
1243 2389 1504 2457 concipiat
1537 2405 1551 2440 :
1583 2406 1650 2444 ne
1675 2387 1834 2458 (sicut

249 2479 384 2533 dicit
405 2479 714 2550 Apostolus)
737 2480 839 2545 Qui
860 2481 995 2533 enim
1021 2495 1214 2549 corpus
1237 2481 1443 2535 Domini
1466 2481 1669 2551 indigne
1689 2497 1833 2534 man-

251 2574 429 2638 ducat,
471 2574 719 2637 iudicium
762 2574 859 2626 sibi
903 2572 1174 2626 manducet
1214 2572 1264 2643 (l
1297 2572 1414 2625 Cor.
1465 2589 1537 2638 XI,
1580 2570 1705 2643 9.9);
1738 2571 1831 2627 sed

251 2664 654 2719 vivilicatricem
684 2665 1035 2719 substantiam
1064 2674 1222 2733 atque
1245 2664 1555 2729 salutarem,
1585 2673 1636 2716 ct
1665 2662 1831 2730 ipsius

251 2757 415 2813 Verbi
455 2758 728 2827 propriam
783 2757 998 2822 factam,
1043 2770 1137 2825 per
1175 2770 1332 2825 quam
1374 2765 1710 2824 peccatorum
1742 2768 1831 2808 re-

251 2848 435 2903 missio
459 2857 513 2903 et
536 2857 752 2904 teternat
780 2847 901 2902 vita:
939 2847 1079 2909 dona
1120 2855 1457 2916 praestantur.
1488 2845 1655 2911 Quem
1686 2836 1832 2896 ordi-

251 2957 373 2998 nem
397 2957 493 3012 per
511 2941 790 3011 mysticam
816 2938 1214 2994 similitudinem
1243 2934 1628 2991 Melchisedech
1645 2934 1832 3004 justis-

251 3034 421 3087 simus
463 3048 555 3087 rex
605 3030 851 3096 instituit,
899 3029 1112 3099 quando
1156 3022 1381 3082 Domino
1427 3025 1577 3094 panis
1621 3034 1676 3078 et
1723 3024 1828 3075 vini

251 3122 462 3176 fructus
489 3122 698 3176 obtulit.
735 3119 957 3174 Constat
983 3119 1124 3175 enim
1157 3116 1422 3186 pecudum
1453 3115 1695 3169 victimas
1737 3127 1829 3181 pe-

1938 1936 2230 1996 sequuntur
2257 1927 2552 1992 erroribus,
2575 1943 2694 1982 cum
2724 1928 2920 1983 iuerint
2946 1929 3194 1991 correcti,
3218 1927 3390 1995 capite
3412 1942 3510 1981 suo

1936 2025 2054 2079 sine
2101 2024 2432 2078 dubitatione
2472 2033 2812 2093 quassantur.
2844 2022 3011 2092 Caput
3038 2037 3167 2078 vero
3195 2022 3388 2075 dicitur
3415 2036 3508 2075 su-

1936 2115 2099 2169 blime
2142 2124 2301 2182 atque
2343 2113 2653 2168 honorabile
2681 2113 2890 2168 culmen
2921 2112 3160 2182 corporis
3192 2110 3382 2173 nostri,
3410 2124 3508 2175 ap-

1938 2205 2193 2273 pellatum
2240 2219 2270 2257 a
2316 2202 2607 2271 capiendo,
2653 2202 2796 2271 quod
2843 2216 3031 2257 sensus
3076 2208 3288 2255 nostros
3334 2200 3509 2267 capiat

1937 2296 2241 2357 universos,
2289 2293 2342 2348 id
2388 2302 2470 2348 est
2514 2294 2710 2357 visum,
2760 2293 3018 2355 auditum,
3066 2301 3300 2359 gustum,
3347 2291 3510 2359 380

1935 2384 2208 2450 olfactum,
2243 2391 2464 2450 tactum,
2495 2383 2638 2452 quod
2683 2384 2864 2451 utique
2907 2383 3010 2435 alia
3059 2381 3294 2434 membra
3329 2389 3506 2432 nostra

1935 2486 2162 2545 excepto
2192 2484 2333 2529 tactu
2364 2491 2469 2528 non
2510 2476 2743 2544 capiunt.
2790 2474 2854 2528 Et
2900 2475 3021 2527 ideo
3063 2482 3218 2540 caput
3264 2480 3505 2525 nostrum

1934 2576 2080 2621 recte
2104 2582 2385 2636 possumus
2408 2565 2607 2628 dicere.
2639 2580 2795 2634 quem
2823 2564 3160 2619 decernimus
3182 2563 3353 2631 sequi.
3381 2562 3507 2615 Ter-

1933 2671 2045 2708 ram
2075 2669 2205 2708 vero
2230 2655 2486 2723 copiosam
2512 2652 2660 2717 dicit,
2690 2666 2807 2721 qttte
2838 2660 3145 2719 peccatores
3175 2650 3507 2704 abundantes

1933 2746 2153 2808 enutrit,
2183 2745 2332 2813 quasi
2365 2758 2593 2797 messem
2632 2757 2957 2811 germenque
2984 2741 3255 2795 vitiorum.

2006 2835 2158 2889 Vers.
2191 2835 2243 2888 8.
2292 2832 2365 2887 De
2393 2841 2613 2886 torrente
2640 2833 2691 2884 in
2720 2832 2798 2883 via
2829 2831 2957 2883 bibet
2984 2829 3135 2900 [mss.
3167 2829 3259 2896 A.,
3291 2828 3376 2888 Β..
3417 2825 3501 2890 F.,

1932 2923 2104 2996 bibit];
2136 2931 2406 2991 propterea
2443 2920 2687 2976 exaltabit
2725 2930 2897 2991 caput.
2929 2920 3159 2973 Torrens
3190 2918 3289 2971 fuit
3316 2916 3505 2991 turbu-

1934 3020 2073 3073 lenta
2119 3017 2423 3087 persecutio
2451 3014 2777 3077 Judaeorum,
2811 3012 2879 3067 de
2920 3026 3022 3081 qua
3070 3011 3335 3064 Dominus
3350 3007 3505 3063 Chri-

1931 3119 2046 3164 stus
2086 3107 2209 3161 bibit
2244 3108 2295 3159 in
2326 3105 2428 3171 via,
2452 3104 2503 3157 id
2530 3111 2611 3157 est
2637 3104 2687 3156 in
2718 3102 2819 3157 hac
2848 3102 2953 3155 vita
2978 3102 3107 3155 dum
3137 3114 3362 3169 corpore
3385 3114 3509 3169 per-

252 3212 432 3279 riisse,
464 3227 580 3282 qua;
609 3212 822 3267 fuerunt
865 3211 1071 3265 ordinis
1115 3210 1293 3264 Aaron
1336 3217 1390 3263 ει
1436 3204 1824 3262 Melchisedech
1857 3205 1901 3267 ρ
1935 3197 2068 3251 tulit.
2094 3194 2202 3251 Sed
2228 3194 2354 3249 dum
2382 3195 2435 3246 in
2462 3194 2542 3246 via
2570 3192 2783 3282 dicitur,
2815 3191 2960 3245 illata
2989 3192 3074 3244 vis
3099 3190 3421 3282 ostenditur,
3452 3198 3508 3242 et

253 3318 474 3359 manere
520 3304 695 3372 potius
740 3303 1073 3367 institutum,
1121 3299 1263 3371 quod
1306 3308 1417 3353 toto
1462 3298 1594 3351 orbe
1645 3297 1694 3350 in
1743 3310 1829 3351 sa—

250 3406 650 3450 cramentorum
706 3394 1017 3463 erogatione
1074 3392 1403 3454 celebratur;
1458 3388 1599 3458 quod
1656 3387 1830 3442 adhuc

251 3485 421 3540 Judaei
453 3500 557 3539 non
584 3484 885 3552 intelligunt
913 3483 1185 3548 obstinati,
1215 3497 1335 3538 cum
1365 3496 1549 3537 eorum
1576 3488 1631 3535 et
1655 3494 1834 3535 sacer-

252 3578 351 3631 dos
378 3587 432 3633 et
460 3576 720 3631 sacriﬁcia
750 3577 815 3630 de
844 3574 1018 3631 medio
1048 3573 1339 3643 probentur
1357 3572 1555 3628 ablata.
1581 3570 1832 3626 Sacerdos

252 3678 432 3722 autem
471 3670 737 3738 praecipue
765 3668 960 3723 dicitur
987 3666 1250 3733 Christus,
1292 3665 1382 3735 qui
1423 3663 1589 3719 semel
1630 3678 1690 3717 se
1735 3676 1831 3731 pro

252 3760 409 3814 nobis
433 3759 628 3813 obtulit
666 3759 1068 3820 immolandum,
1098 3756 1166 3811 de
1196 3771 1300 3825 quo
1334 3754 1462 3809 dicit
1497 3752 1781 3822 Apostolus
1815 3767 1830 3804 :

253 3852 397 3906 Talis
425 3852 559 3905 enim
601 3850 826 3915 decebat,
856 3860 909 3903 ut
952 3849 1095 3903 nobis
1136 3858 1263 3902 esset
1309 3848 1560 3916 pontifex,
1603 3852 1831 3907 sanctus,

251 3945 516 4011 innocens,
551 3942 870 4012 impollutus,
897 3953 1188 4012 segregatus
1212 3958 1243 3993 a
1274 3938 1643 4009 peccatoribus,
1672 3947 1718 3989 et
1746 3951 1834 3989 ea:-

251 4037 436 4090 celsior
459 4033 595 4087 caelis
625 4035 790 4101 factus
818 4031 1002 4101 (Hebr.
1034 4046 1125 4096 vit,
1156 4030 1272 4098 26).
1301 4030 1468 4095 Quem
1495 4042 1710 4081 sensum
1736 4024 1835 4078 mi-

254 4127 495 4182 rabiliter
531 4138 585 4180 et
622 4126 899 4180 evidenter
938 4126 1264 4191 exsequitur.
1313 4122 1379 4175 In
1423 4130 1667 4175 teternum
1706 4132 1836 4172 vero

253 4233 378 4274 cum
406 4218 618 4279 dicitur,
664 4218 776 4285 ipse
818 4216 1149 4284 significatur
1182 4214 1435 4268 Dominus
1458 4211 1719 4275 Christus,
1748 4208 1837 4279 qni

254 4318 534 4378 permanet
564 4308 615 4360 in
646 4305 814 4375 gloria
845 4307 1192 4373 sempiterna.

326 4401 478 4456 Vers.
508 4400 563 4455 ο.
594 4399 842 4453 Dominus
866 4415 897 4450 a
917 4399 1109 4451 dextris
1135 4398 1234 4451 tuis
1257 4411 1275 4450 :
1303 4394 1549 4465 confregit
1574 4394 1626 4447 in
1650 4395 1732 4447 die
1750 4394 1841 4448 ira:

254 4509 363 4547 sua:
389 4508 552 4563 reges.
576 4492 725 4558 Quod
764 4491 921 4545 Pater
954 4490 1147 4544 dicitur
1175 4489 1387 4555 iecisse,
1419 4488 1518 4540 hoc
1544 4497 1596 4539 et
1624 4486 1837 4550 Filium,

1932 3285 2301 3343 velocissimus
2327 3282 2582 3337 transitus
2613 3280 2894 3344 indicatur,
2930 3295 3022 3347 per
3060 3291 3217 3349 quem
3247 3279 3506 3332 itineran-

1932 3387 2012 3432 tes
2052 3376 2173 3432 vehi
2200 3374 2375 3430 solent
2413 3372 2479 3427 ad
2519 3372 2679 3427 aliam
2721 3371 3073 3425 mansionem.
3121 3369 3241 3435 Ipse
3285 3376 3371 3423 est
3414 3382 3507 3422 au-

1931 3478 2035 3522 tem
2074 3467 2163 3536 qui
2210 3464 2428 3525 audivit,
2474 3463 2609 3518 Sede
2645 3479 2678 3515 a
2722 3461 2915 3516 dextris
2950 3461 3112 3524 meis;
3158 3461 3275 3528 ipse
3304 3468 3389 3514 est
3422 3460 3508 3514 cui

1929 3558 2146 3620 dicitur,
2180 3555 2258 3610 Tn
2280 3572 2330 3608 es
2363 3553 2616 3610 Sacerdos
2642 3553 2695 3606 in
2724 3561 2969 3606 teternum
2985 3551 3261 3605 secundum
3282 3549 3509 3604 ordinem

1933 3646 2340 3711 Melchisedcch;
2361 3648 2474 3715 ipse
2490 3645 2579 3715 qui
2602 3653 2923 3713 conquassat
2946 3643 3117 3713 capita
3140 3651 3506 3709 peccatorum;

1933 3740 2017 3795 cui
2061 3747 2277 3809 propter
2318 3738 2569 3792 meritum
2621 3735 2867 3804 gloriosa:
2914 3734 3177 3803 passionis
3223 3734 3397 3787 datum
3437 3743 3509 3787 est

1933 3844 2116 3885 namen
2141 3830 2275 3895 quod
2307 3838 2378 3882 est
2408 3842 2560 3895 super
2585 3841 2732 3880 omne
2760 3841 2963 3891 nomen,
2996 3833 3051 3877 ut
3082 3825 3137 3876 in
3172 3824 3373 3877 nomine
3400 3825 3511 3892 ejus

1933 3938 2080 3976 omne
2106 3937 2238 3990 genu
2265 3921 2498 3988 flectatur
2528 3916 2820 3978 caelestium,
2867 3914 3176 3967 terrestrium
3208 3922 3255 3966 et
3285 3913 3511 3981 inferno-

1934 4027 2049 4064 runt
2089 4008 2312 4079 (Philip.
2360 4021 2418 4073 ll,
2454 4005 2505 4070 9,
2551 4005 2662 4074 l0).
2704 4003 2870 4057 Audis
2915 4017 3151 4071 passum,
3192 4017 3395 4071 pagane
3426 4004 3507 4056 Vel

1935 4100 2141 4164 Iudaee,
2174 4099 2289 4167 lege
2317 4104 2374 4151 et
2402 4096 2575 4166 ipsum
2605 4108 2725 4149 esse
2752 4092 2988 4147 futurum
3014 4094 3264 4161 judicem,
3293 4101 3351 4147 ut
3377 4106 3510 4147 con-

1937 4190 2216 4248 tremiscas
2239 4188 2658 4259 omnipotentem
2685 4185 2875 4254 Deum,
2900 4185 2993 4254 qui
3019 4184 3288 4240 hominem
3306 4184 3513 4254 judicas

1938 4280 2331 4355 negligentiam.

2473 4418 2745 4475 Conclusio
2784 4419 2987 4490 psalmi.

255 4587 358 4639 hoc
390 4555 468 4637 etv
484 4555 736 4652 Spiritum
776 4592 1019 4636 sanctum
1060 4581 1176 4634 sine
1203 4580 1364 4634 dubio
1403 4588 1611 4634 constat
1641 4593 1833 4647 opera-
1864 4564 1918 4623 D
2012 4564 2280 4631 Septimus
2330 4561 2545 4652 quidem
2594 4561 2830 4652 psalmus
2876 4568 2958 4614 est
3004 4573 3162 4628 quem
3205 4555 3275 4611 de
3312 4556 3516 4652 duabus

256 4687 390 4731 tum.
424 4675 556 4730 Illud
588 4685 763 4729 autem
796 4689 1013 4728 movere
1044 4682 1235 4740 potest,
1267 4688 1386 4725 cum
1423 4672 1476 4725 in
1516 4670 1703 4739 psalmi
1733 4670 1833 4722 hn-

254 4766 342 4835 jus
393 4766 545 4820 initio
585 4766 741 4819 Pater
784 4764 976 4818 dixerit
1021 4762 1156 4815 Filio
1187 4779 1199 4814 :
1236 4762 1369 4816 Sede
1399 4778 1428 4813 a
1458 4762 1647 4814 dextris
1678 4760 1832 4823 meis;

256 4873 400 4911 nunc
428 4858 619 4911 iterum
652 4857 910 4924 propheta
936 4854 1064 4908 dicit
1089 4871 1119 4906 a
1146 4854 1335 4906 dextris
1371 4852 1486 4907 Filii
1515 4852 1684 4906 Patris
1710 4864 1837 4918 ope-

254 4956 428 5002 ratam
461 4948 625 5003 l‘uisse
655 4949 925 5001 virtutem.
951 4945 1100 5010 Quod
1130 4944 1247 4998 ideo
1274 4946 1468 4998 dictum
1498 4952 1598 5006 est,
1632 4952 1691 4997 ut
1718 4958 1837 4997 cum

258 5042 374 5095 haec
403 5040 714 5094 vicissitudo
742 5039 961 5107 aequalis
991 5038 1222 5105 ponitur,
1248 5036 1420 5102 majus
1444 5035 1529 5089 hic
1554 5045 1640 5087 aut
1663 5035 1839 5089 minus

255 5131 460 5200 aliqu’d
501 5131 646 5185 nullo
688 5130 846 5184 modo
895 5130 1175 5185 senliatur.
1228 5128 1387 5196 [leges
1416 5127 1687 5195 confregit,
1722 5126 1839 5179 illos

258 5223 524 5291 signiﬁcat
549 5222 616 5276 de
640 5222 831 5291 quibus
860 5221 1127 5275 secundus
1157 5219 1393 5287 psalmus
1416 5216 1491 5270 ait
1517 5234 1530 5270 :
1562 5218 1842 5269 Astiterunt

258 5328 403 5381 reges
426 5322 593 5376 terraz,
626 5322 672 5364 et
704 5312 959 5378 principes
986 5318 1319 5362 conuenerunt
1345 5309 1396 5360 in
1422 5324 1576 5359 unum
1603 5308 1841 5359 adversus

257 5399 540 5455 Dominum
568 5411 614 5453 et
644 5401 885 5453 adversus
915 5399 1169 5452 Christum
1197 5399 1306 5468 ejus
1338 5394 1507 5463 (Psal.
1538 5412 1598 5462 ll,
1630 5397 1703 5462 2).
1739 5397 1842 5450 llos

259 5494 547 5562 confregit,
595 5492 808 5561 quando
853 5490 1157 5559 superbiam
1207 5503 1393 5542 eorum
1447 5487 1844 5554 omnipotentire

260 5599 373 5636 sua:
401 5585 597 5637 virtute
626 5582 917 5651 prostravit
948 5599 960 5633 :
995 5582 1117 5649 quia
1162 5580 1261 5633 nisi
1306 5579 1528 5633 inissent
1567 5578 1842 5642 confracti,

264 5675 318 5728 in
345 5675 562 5729 malitia:
591 5691 703 5729 sum
730 5676 911 5743 utique
941 5676 1100 5729 noxio
1128 5674 1303 5742 rigore
1330 5671 1699 5726 constiterant.

339 5764 492 5821 Vcrs.
526 5766 579 5820 7.
625 5765 887 5820 Judicabit
922 5768 973 5820 in
1012 5765 1327 5830 nationibus,
1368 5762 1593 5829 implebit
1638 5762 1839 5823 ruinas,

1942 4655 2149 4708 naturis
2177 4652 2387 4707 Domini
2416 4651 2613 4705 Christi
2663 4648 3003 4717 prtedicatum
3031 4662 3150 4702 esse
3193 4647 3513 4701 memoravi-

1943 4758 2079 4798 mus.
2118 4744 2220 4797 Sed
2272 4742 2519 4809 quoniam
2566 4739 2694 4792 dicit
2734 4737 3021 4805 Apostolus
3063 4736 3129 4789 ad
3175 4735 3512 4789 Timotheum

1942 4838 2222 4894 scribens:
2256 4834 2492 4888 Prwdica
2538 4831 2760 4894 verbum,
2792 4832 2927 4884 insta
2971 4837 3274 4898 Opportune,
3319 4828 3511 4893 impor-

1943 4941 2065 4983 tune
2100 4946 2117 4982 :
2145 4943 2325 4997 argue,
2359 4927 2651 4988 exhortare,
2680 4925 2887 4991 increpa
2909 4937 3025 4974 cum
3047 4920 3184 4973 omni
3211 4920 3454 4987 patientia
3472 4928 3519 4972 et

1944 5024 2177 5077 doctrina
2208 5019 2295 5091 (ll
2322 5019 2456 5073 Tim.
2493 5038 2562 5084 tv,
2607 5019 2696 5089 2);
2742 5017 2898 5072 velim
2944 5015 3218 5069 vobiscum
3242 5013 3331 5082 qui
3360 5027 3518 5066 tinam

1945 5124 2186 5168 naturam
2234 5112 2285 5166 in
2328 5111 2541 5167 Christo
2585 5110 2810 5164 Domino
2861 5106 3053 5159 factam
3118 5103 3311 5171 putatis
3349 5102 3523 5155 adhuc

1944 5208 2170 5260 miscere
2206 5204 2487 5273 colloquia.
2532 5202 2812 5255 Nobiscum
2855 5207 3001 5251 certe
3039 5195 3257 5250 creditis
3292 5192 3429 5261 quod
3470 5193 3523 5246 iu

1946 5310 2096 5352 utero
2122 5297 2301 5350 Mariae
2327 5309 2539 5361 semper
2567 5291 2797 5361 Virginis
2834 5290 3053 5344 Verbum
3075 5303 3193 5342 caro
3212 5286 3403 5355 factum
3426 5292 3522 5347 est,

1942 5398 1987 5440 et
2011 5386 2253 5438 habitavit
2285 5385 2336 5436 in
2364 5382 2506 5435 nobis
2548 5381 2729 5451 (Joan.
2762 5396 2799 5443 l,
2832 5378 2951 5447 li);
2984 5392 3209 5446 eumque
3233 5376 3285 5429 in
3312 5387 3521 5427 assum-

1948 5491 2036 5549 pta
2081 5476 2411 5532 humanitate
2458 5488 2668 5543 passum
2716 5480 2768 5527 et
2816 5471 3102 5539 sepultmn,
3133 5469 3222 5538 qui
3254 5467 3404 5522 tertia
3435 5464 3523 5518 die

1946 5568 2239 5627 resurrexit
2263 5581 2290 5618 a
2316 5566 2571 5631 mortuis;
2607 5564 2777 5618 visum
2808 5562 3002 5617 deinde
3030 5560 3375 5629 corporaliter
3396 5571 3522 5625 apo-

1947 5660 2104 5715 stolis
2128 5673 2192 5712 ac
2220 5655 2563 5713 credentibus
2592 5654 2723 5718 sibi;
2754 5652 3058 5707 ascendisse
3096 5663 3308 5719 quoque
3337 5647 3389 5700 in
3415 5659 3521 5701 ca:-

1953 5753 2030 5807 los
2067 5764 2187 5805 cum
2238 5763 2396 5804 carne
2442 5763 2541 5816 qua
2584 5745 2874 5803 resurrexit
2919 5759 2948 5797 a
2992 5740 3232 5806 mortuis,
3268 5740 3527 5793 hactenus.
