4090 6346
8 6221 320 6296 ΞΔ

466 340 560 397 799
1662 331 1729 384 Μ.
1780 325 2053 384 AURELII
2093 324 2490 382 CASSlODORl
3614 313 3720 370 8θο

465 454 683 507 omnino
731 451 1044 521 praedicatis.
1091 447 1193 503 Sed
1237 447 1360 514 quid
1409 446 1458 497 iu
1505 453 1772 511 posterum
1822 453 2030 494 terrena
2063 443 2106 496 Α

465 543 673 613 sapitis,
699 541 792 611 qui
827 557 992 610 usque
1037 539 1101 591 ad
1144 537 1380 590 cmlestia
1432 533 1786 600 pervenistis?
1825 532 1921 585 thi
1959 540 2039 583 est

467 650 594 703 ergo
619 635 704 687 illa
733 643 918 686 natura
947 645 1066 684 eum
1093 645 1190 697 qua
1219 628 1472 680 Dominus
1497 625 1736 678 ascendit
1766 625 1814 677 in
1840 623 2042 676 caelos?

461 728 504 779 λι
521 733 634 778 orte
659 725 767 792 jam
799 722 970 790 perire
1001 735 1106 773 non
1131 720 1320 786 potuit,
1351 726 1578 770 testante
1603 715 1859 782 Apostolo
1887 731 1903 766 :
1933 713 2042 765 lloc

459 815 676 866 scientes
701 811 835 874 quod
866 809 1094 863 Christus
1123 823 1390 876 resurgens
1417 805 1552 876 [ed.,
1584 803 1814 871 surgens]
1845 818 1875 852 a
1905 817 2040 853 mar-

459 905 588 968 tuis,
603 904 715 971 jam
742 917 844 953 non
876 900 1107 962 moritur,
1133 914 1267 950 mors
1301 898 1345 948 ei
1385 899 1522 948 ultra
1547 912 1646 946 non
1676 893 2039 947 dominabitur.

473 992 621 1057 Quod
651 990 783 1043 enim
813 997 1041 1040 mortuus
1083 996 1156 1040 est
1195 995 1422 1055 peccato,
1466 993 1694 1037 mortuus
1734 992 1807 1037 est
1854 981 2042 1046 semel;

471 1086 604 1155 quod
643 1092 808 1136 autem
838 1083 978 1144 vivit,
1018 1081 1134 1134 vivit
1177 1080 1279 1133 Deo
1324 1079 1500 1148 (Rom.
1535 1093 1608 1142 vr,
1639 1078 1693 1141 9,
1727 1079 1837 1145 10).
1871 1077 2045 1142 Quare

472 1175 692 1239 diceret,
719 1175 839 1226 vivit
873 1173 997 1239 Deo,
1029 1181 1080 1224 et
1113 1187 1215 1224 non
1249 1170 1375 1222 vivit
1400 1169 1560 1229 Deus,
1584 1167 1628 1220 si
1658 1181 1762 1221 una
1797 1166 1932 1218 facta
1963 1173 2047 1218 est

473 1275 658 1319 natura
689 1281 808 1334 quae
837 1264 998 1316 vivit?
1037 1263 1142 1317 Sed
1168 1272 1251 1315 est
1277 1260 1438 1324 aliud,
1481 1260 1723 1313 videlicet
1761 1259 1900 1327 quod
1929 1260 2046 1310 vivit

474 1357 603 1420 Deo,
628 1358 808 1424 utique
836 1357 974 1424 quod
1009 1363 1274 1408 mortuum
1308 1363 1388 1405 est
1418 1352 1581 1405 semel
1608 1360 1844 1417 peccato.
1879 1349 2046 1403 Audis

475 1447 720 1514 denique,
752 1446 912 1500 Sedet
950 1445 1013 1497 ad
1056 1445 1328 1497 dexteram
1373 1442 1562 1506 Patris,
1593 1453 1646 1494 et
1679 1440 1892 1494 dubitas
1923 1455 2045 1493 eum

476 1522 706 1590 retinere
757 1537 898 1604 quod
955 1531 1267 1586 humanitati
1313 1531 1428 1599 ejus
1486 1536 1666 1598 potest
1713 1529 2047 1582 solummodo

477 1628 795 1681 convenire?
837 1626 1151 1689 Permittite,
1193 1639 1514 1692 quaisumus,
1551 1637 1698 1690 spem
1736 1622 1924 1676 salutis
1953 1635 2049 1674 no-

477 1727 601 1772 strre
625 1715 895 1772 Christum
931 1717 1204 1771 Dominum
1239 1730 1452 1782 semper
1481 1714 1606 1778 dici,
1637 1714 1724 1783 qui
1773 1721 1916 1767 recte
1958 1728 2050 1779 po-

2705 435 2768 487 Di
2777 437 2896 489 visio
2935 452 3136 503 psann'.

2215 528 2448 593 Populus
2481 528 2753 580 beatorum
2784 528 3008 581 diversis
3039 525 3221 580 mundi
3265 525 3502 593 partibus
3535 539 3722 592 aggre-

2141 629 2312 687 gatus,
2360 621 2529 686 primo
2575 619 2814 686 ingressu
2861 620 3048 687 psalmi
3075 617 3318 673 confiteri
3355 632 3414 671 se
3443 615 3571 669 dicit
3614 618 3722 668 De-

2145 711 2292 762 miuo
2323 709 2374 761 in
2398 709 2810 776 congregatione
2834 709 3122 776 iustorum,
3148 709 3235 761 ubi
3263 717 3343 762 est
3371 719 3570 760 :eterna
3603 707 3723 759 laus

2143 811 2198 855 et
2241 801 2357 854 sine
2405 801 2508 853 fine
2550 802 2894 868 prmconium.
2945 800 3193 854 (‘Iontlnet
3233 809 3407 852 autem
3447 799 3560 852 haec
3598 813 3724 866 pars

2145 891 2385 959 prtcdicti
2420 891 2684 959 alphabeti
2718 891 2920 944 litteras
2966 906 3079 944 sex.
3121 889 3370 945 Secundo
3397 889 3580 942 ﬁdeles
3607 904 3726 954 ειυς

2147 982 2274 1036 dicit
2321 983 2539 1050 copioso
2589 997 2809 1035 munere
2862 983 3119 1046 satiatos,
3171 981 3456 1034 adventum
3513 979 3726 1032 Domini

2145 1072 2605 1139 compromittens,
2648 1080 2704 1123 ut
2743 1071 3111 1124 haereditatem
3153 1070 3437 1138 pollicitam
3479 1067 3729 1122 avidissi-

2147 1175 2232 1213 ma
2265 1163 2558 1214 intentione
2584 1160 2928 1228 perquirant;
2961 1162 3011 1213 in
3043 1176 3147 1228 quo
3177 1160 3294 1213 alia:
3323 1159 3508 1213 decem
3539 1158 3730 1212 litteras

2149 1261 2269 1304 sunt
2314 1251 2554 1319 digestas.
2589 1251 2769 1304 Tertio
2799 1251 3100 1318 redemptos
3141 1251 3334 1306 asserit
3377 1249 3725 1311 Christianos,

2149 1351 2202 1395 et
2227 1343 2623 1396 Testamentum
2667 1341 2870 1394 Novum
2908 1352 3105 1395 :eterna
3137 1341 3303 1411 gratia
3335 1349 3722 1394 consecratum.

2150 1432 2252 1487 Ista
2283 1449 2407 1486 vero
2436 1434 2674 1487 residuas
2702 1450 2792 1486 sex
2820 1435 3021 1488 litteras
3044 1434 3327 1500 recipiens,
3355 1441 3520 1486 totum
3543 1431 3727 1500 alpha-

2151 1523 2329 1578 betum
2353 1522 2546 1577 decora
2579 1524 2908 1593 perfectione
2930 1523 3237 1592 complevit.

2671 1663 2936 1732 Expositio
2977 1665 3178 1732 psalmi.

479 1815 581 1860 test
628 1807 716 1860 tali
764 1807 982 1860 nomine
1029 1808 1341 1872 nuncupari,
1374 1820 1494 1860 cum
1527 1807 1578 1858 in
1609 1805 1814 1858 duabus
1846 1805 2051 1857 naturis
2081 1801 2129 1861 B
2230 1802 2375 1858 Vers.
2428 1803 2481 1859 Ι.
2515 1803 2717 1867 Αιῑιιιι,
2758 1803 2921 1856 Bern.
2958 1801 3244 1871 Conﬁtebor
3281 1802 3392 1865 tibi,
3424 1799 3658 1864 Domine,
3683 1802 3737 1854 in

481 1898 722 1952 adunatis
753 1911 912 1967 atque
940 1897 1188 1966 perlectis
1219 1899 1270 1950 in
1301 1897 1466 1966 gloria
1501 1897 1672 1950 Patris
1700 1905 1978 1965 permanet
2004 1897 2056 1950 in

483 1989 675 2043 saacnla
727 1989 1066 2042 szeculorum.
1119 1989 1251 2041 Nam
1297 1989 1341 2041 si
1399 1988 1537 2040 dicta
1590 1997 1764 2040 vestra
1821 1986 2058 2054 diligenti

489 2079 885 2136 examinatione
909 2077 1166 2146 pensetis,
1185 2079 1394 2146 quoties
1415 2077 1594 2130 Jesum
1613 2074 1880 2129 Christum
1907 2075 2062 2129 unius

485 2181 603 2220 esse
635 2177 837 2219 naturae
867 2167 1064 2230 dicitis,
1107 2167 1264 2220 toties
1304 2181 1424 2220 eum
1454 2166 1618 2218 lilium
1661 2173 1862 2219 Sancta:
1896 2165 2064 2234 Virgi-

489 2257 569 2309 nis
599 2256 900 2327 abnegatis.
927 2257 992 2310 Et
1015 2255 1190 2310 videte
1220 2255 1361 2310 unde
1383 2256 1492 2325 jam
1520 2255 1669 2309 vobis
1692 2256 1834 2309 Salus
1862 2257 2060 2320 veniat,

487 2345 583 2398 sia
612 2346 760 2400 vobis
803 2346 1081 2400 Dominum
1120 2346 1447 2401 Salvatorem
1489 2345 1812 2414 perversitas
1856 2344 2066 2401 confes-

491 2436 658 2491 sionis
687 2437 950 2491 abscidat.

799 2595 1156 2651 EXPOSITIO
1195 2594 1260 2649 IN
1299 2594 1622 2650 PSALMUM
1657 2592 1771 2649 CX.

1155 2726 1396 2781 Alleluia.

569 2887 822 2956 Quamvis
865 2888 968 2943 hoc
1006 2901 1202 2942 nomen
1248 2887 1422 2942 laudis
1451 2886 1700 2956 generale
1737 2900 1858 2941 esse
1895 2883 2075 2939 videav

501 2989 608 3043 tur,
643 2989 823 3033 tamen
855 2977 928 3032 ibi
968 2977 1199 3031 maxime
1234 2977 1533 3045 apponitur,
1561 2976 1652 3030 ubi
1683 2990 1872 3044 magna
1897 2973 2075 3028 exsul-

499 3069 702 3123 tatione
739 3069 1018 3138 gaudetur.
1069 3067 1274 3121 Laudat
1322 3068 1466 3120 enim
1515 3067 1794 3120 Dominum
1848 3065 2076 3134 populus

2164 1901 2267 1945 toto
2294 1893 2446 1944 corde
2478 1907 2609 1958 meo,
2641 1894 2693 1944 in
2723 1892 2934 1944 consilio
2966 1893 3224 1961 justorum
3255 1900 3300 1942 et
3329 1888 3736 1958 congregatione.

2163 1982 2453 2050 Conﬁtebor
2493 1984 2651 2052 (sicut
2694 1999 2836 2051 saepe
2873 1982 3123 2048 diximus)
3169 1981 3502 2047 mquivocum
3546 1995 3738 2033 nomen

2163 2083 2268 2140 est,
2317 2073 2410 2127 sed
2459 2088 2552 2142 pro
2594 2075 2829 2128 locerum
2871 2074 3180 2126 diversitate
3222 2073 3380 2141 381
3431 2071 3736 2138 suscipitur.

2167 2164 2482 2232 Conﬁtentur
2523 2165 2664 2220 enim
2707 2175 2761 2219 et
2805 2167 2896 2234 qui
2941 2175 3155 2233 peccata
3190 2165 3489 2232 deplorant,
3531 2165 3654 2217 item
3689 2154 3742 2216 et

2167 2257 2254 2326 qui
2287 2257 2513 2310 Domino
2542 2259 2740 2325 gratias
2770 2258 3008 2312 referunt
3033 2259 3381 2320 confitentur;
3408 2255 3500 2310 sed
3533 2256 3663 2309 illud
3691 2256 3744 2310 in

2168 2349 2436 2419 lacrymis,
2484 2350 2622 2402 istud
2672 2351 2724 2403 iu
2769 2350 2959 2418 gaudio
3005 2360 3114 2413 est;
3159 2349 3291 2404 illud
3334 2349 3384 2403 in
3429 2347 3742 2412 afﬂictione,

2169 2443 2309 2498 istud
2349 2441 2400 2495 in
2443 2451 2624 2496 sancta
2670 2444 2864 2496 mentis
2901 2443 3177 2496 alacritate
3218 2441 3450 2494 noscitur
3477 2440 3742 2493 constitu-

2173 2542 2303 2586 tum.
2341 2531 2486 2587 Unde
2514 2532 2600 2586 hic
2629 2534 2838 2601 profusa
2867 2532 3048 2585 laetitia
3083 2531 3314 2586 es‘sultat
3346 2530 3566 2598 populus
3602 2529 3746 2582 iide-

2173 2626 2258 2688 lis,
2291 2627 2574 2693 quamdam
2605 2626 2885 2694 imaginem
2919 2625 3078 2679 futuri
3106 2625 3284 2679 saeculi
3316 2623 3621 2691 designans,
3657 2623 3747 2677 ubi

2175 2729 2334 2770 voces
2365 2715 2480 2768 ista:
2513 2715 2780 2768 coutiuute
2820 2722 2963 2779 sunt,
2998 2724 3051 2768 et
3093 2713 3274 2767 laudes
3316 2713 3520 2766 Domini
3553 2711 3748 2766 devota

2174 2814 2354 2858 mente
2382 2804 2846 2858 concelebrentur.
2879 2803 3007 2858 Nam
3037 2813 3092 2857 ut
3121 2803 3480 2857 sinceritatem
3521 2816 3634 2856 sua:
3671 2803 3750 2854 in-

2177 2896 2433 2948 tentionis
2487 2894 2768 2960 ostendat,
2815 2895 3150 2948 laudaturum
3201 2909 3260 2948 se
3302 2895 3430 2948 dicit
3472 2909 3596 2948 eum
3641 2901 3750 2946 toto

2177 2986 2354 3039 cordis
2383 2985 2608 3049 affectu,
2651 2994 2707 3038 ut
2754 2985 2883 3039 nihil
2925 2985 3176 3054 cogitatio
3205 2984 3431 3038 adversa
3461 2984 3750 3052 subripiat‘,

2183 3090 2280 3130 nec
2323 3075 2653 3142 splendidam
2703 3075 3042 3143 lucidamque
3093 3084 3324 3128 mentem
3368 3073 3630 3127 diabolica
3671 3073 3752 3126 vi-

503 3171 650 3222 suus,
682 3158 828 3226 quia
859 3156 1042 3211 mundi
1089 3156 1241 3210 clade
1286 3155 1560 3220 liberatus,
1613 3157 1861 3210 vitiorum
1902 3159 2068 3212 nescit

2179 3168 2403 3224 deantur
2433 3167 2641 3222 fuscare
2669 3167 2954 3237 praestigia.
2981 3167 3250 3232 Sequitur,
3274 3168 3327 3219 in
3352 3165 3572 3220 consilio
3593 3166 3752 3228 iusto-

501 3256 768 3308 sustinere
797 3255 1092 3308 servitium.
1125 3253 1254 3318 Quae
1281 3253 1396 3306 laus
1425 3251 1616 3306 futurae
1646 3252 1866 3320 ﬁguram
1901 3255 2074 3306 nosci-

501 3356 588 3399 tur
628 3354 843 3414 portare
889 3346 1121 3410 laetitiae,
1169 3345 1256 3399 ubi
1300 3345 1554 3398 Dominus
1600 3360 1626 3395 a
1675 3345 1921 3398 ﬁdelibus
1965 3348 2074 3401 suis

502 3439 706 3506 absque
747 3437 1142 3491 intermissione
1177 3436 1502 3504 conspicitur
1527 3445 1582 3491 et
1611 3436 1729 3490 sine
1755 3437 1861 3490 (ine
1895 3437 2077 3491 lauda~

503 3538 608 3592 tur,
640 3531 780 3582 sicut
817 3529 869 3582 in
904 3528 1010 3582 alio
1043 3528 1248 3592 psalmo
1289 3527 1479 3596 legitur
1511 3545 1524 3581 :
1559 3529 1704 3583 Beati
1735 3531 1821 3597 qui
1849 3530 2076 3583 habitant

504 3619 555 3670 in
581 3618 732 3669 doma
757 3627 844 3670 tua
871 3633 889 3671 :
917 3619 968 3670 in
989 3617 1178 3672 swcula
1205 3619 1502 3671 sa’culorum
1528 3617 1811 3672 laudabunt
1839 3627 1883 3671 te
1905 3618 2073 3690 (Psal.

505 3723 724 3775 Lxxxm,
764 3708 842 3771 5).
896 3709 990 3762 Est
1032 3708 1190 3762 etiam
1237 3709 1473 3777 psalmus
1514 3708 1616 3764 iste
1657 3711 1792 3778 apud
1827 3710 2077 3765 Hebrteos

503 3798 771 3864 alphabeti
804 3800 995 3855 ordine
1033 3800 1338 3867 decoratus,
1370 3801 1459 3870 qui
1496 3816 1594 3872 per
1631 3803 1805 3870 capita
1845 3816 2079 3856 comma-

509 3900 618 3941 tutn
667 3889 780 3943 sive
809 3873 1130 3944 divisionum
1165 3892 1369 3959 primus
1405 3892 1610 3946 cunctis
1641 3893 1832 3947 litteris
1857 3891 2078 3946 adnota-

507 3991 634 4036 tur:
667 3983 786 4038 illos
835 3984 985 4038 nobis
1031 3983 1206 4052 justos
1244 3984 1506 4051 indicans,
1537 3985 1626 4052 qui
1673 3985 1872 4057 (divina
1909 3986 2077 4054 gratia

509 4072 794 4143 tribuente)
825 4075 1071 4142 perfectis
1103 4076 1388 4131 virtutibus
1420 4078 1747 4131 elucescunt.
1780 4076 1912 4130 Nam
1942 4077 2078 4130 sicut

507 4165 812 4232 superiores
843 4167 1028 4233 psalmi
1055 4167 1434 4234 alphabetodes
1461 4167 1716 4236 quasdam
1749 4167 1952 4221 litteras
1982 4167 2080 4222 mi-

509 4269 608 4306 nus
637 4253 913 4318 habentes,
941 4257 1061 4309 illos
1090 4256 1374 4326 designant
1403 4258 1492 4326 qui
1521 4273 1625 4311 non
1657 4257 1790 4311 adeo
1819 4257 2082 4310 universis

510 4346 713 4398 meritis
754 4347 937 4414 repleti
981 4358 1122 4413 sunt,
1169 4348 1264 4402 sed
1307 4358 1485 4402 tamen
1533 4349 1587 4402 in
1635 4359 1820 4402 sancto
1851 4349 2080 4402 concilio

509 4435 751 4492 habitare
783 4447 1093 4505 noscuntur,
1144 4441 1211 4492 ita
1234 4448 1287 4494 et
1314 4441 1420 4506 isti,
1447 4441 1728 4508 completis
1753 4441 1943 4494 litteris
1966 4456 2081 4494 om-

509 4527 685 4590 nibus,
725 4529 1094 4582 excellcntinm
1125 4530 1310 4583 merita
1350 4531 1596 4584 videntur
1631 4532 1867 4586 indicare
1902 4534 2076 4598 justo-
2111 4519 2159 4578 Ῑ)
2186 4535 2368 4587 dicens

511 4633 648 4673 rum.
682 4619 776 4673 Est
813 4630 868 4674 et
907 4621 1008 4674 alia
1033 4635 1212 4688 causa,
1242 4629 1298 4674 ut
1321 4621 1480 4674 Pater
1514 4621 1741 4674 Hilarius
1769 4623 1898 4675 dicit
1920 4621 2080 4692 (Pro-

510 4713 614 4780 log.
641 4712 693 4764 in
711 4709 902 4779 Psal.),
921 4711 1078 4780 positi
1101 4712 1256 4782 hujus
1287 4712 1554 4780 alphabeti
1575 4730 1587 4765 :
1605 4713 1814 4767 Scimus
1837 4715 2079 4781 parvulos

510 4813 564 4856 et
592 4803 749 4860 rudes
777 4819 872 4873 per
899 4805 1102 4860 litteras
1149 4805 1369 4870 erudiri,
1400 4815 1458 4860 ut
1504 4806 1779 4874 sapientiae
1819 4820 2078 4875 princepta

509 4895 860 4964 conquirant;
892 4896 968 4951 sic
999 4897 1294 4965 hujusmodi
1326 4896 1513 4965 psalmi
1547 4898 1722 4967 pueris
1749 4907 1801 4952 et
1827 4900 2080 4967 incipien-

512 4984 652 5037 tibus
681 4986 897 5052 dantur,
927 4996 983 5041 ut
1025 4989 1312 5057 primordia
1355 5003 1539 5043 eorum
1573 4989 1724 5058 quasi
1766 4991 2080 5059 quibusdam

511 5076 794 5132 elementis
855 5080 1168 5135 docentibus
1233 5081 1581 5135 instruantur.
1643 5081 1776 5135 Nam
1839 5085 2083 5151 quamvis

509 5167 766 5231 quosdam
797 5178 850 5222 et
878 5170 993 5224 sine
1023 5171 1217 5228 litteris
1249 5172 1555 5241 Scripturas
1585 5173 1792 5227 divinas
1833 5174 2084 5232 didicisse

517 5255 824 5324 legerimus,
857 5257 1057 5314 facilior
1085 5270 1262 5316 tamen
1300 5277 1388 5317 res
1426 5273 1508 5316 est
1549 5263 1638 5317 Dei
1687 5264 1856 5332 gratia
1890 5265 2090 5334 fragili-

516 5348 608 5397 tati
651 5355 846 5401 nostra:
893 5363 989 5417 per
1039 5351 1238 5405 litteras
1283 5353 1619 5420 prudentiam
1669 5352 1898 5418 discere,
1928 5369 2085 5423 quam

515 5435 646 5490 illud
699 5439 1011 5494 miraculum
1055 5444 1338 5498 sustinere.
1385 5443 1800 5499 Commonemur
1829 5459 1955 5514 ergo
1992 5462 2086 5511 per

519 5525 622 5582 hoc
649 5541 1057 5594 sacramentum,
1091 5545 1352 5602 quatenus
1393 5533 1702 5602 pronissimi
1734 5535 1796 5588 ad
1829 5535 2087 5589 eruditio-

519 5620 604 5674 nis
629 5619 804 5672 studia
834 5619 1141 5678 feSIinemus
1171 5640 1183 5677 :
1213 5624 1424 5694 quando
1455 5637 1510 5678 ut
1539 5625 1806 5679 elementa
1843 5626 2094 5682 meditari-

520 5723 584 5764 ευ
611 5708 818 5766 discere
845 5710 1152 5781 debeamus,
1187 5718 1318 5771 ordo
1348 5717 1459 5783 ipse
1489 5715 1702 5783 ponitur
1735 5716 2049 5771 litterarum.

2175 3276 2288 3312 rum
2318 3269 2364 3312 et
2392 3261 2794 3326 congregatione.
2836 3258 2891 3312 Si
2935 3258 3205 3310 consilium
3235 3261 3500 3330 justorum
3543 3265 3590 3309 et
3629 3272 3753 3308 con-

2177 3350 2520 3420 gregationem
2573 3348 2658 3403 hic
2710 3348 2842 3403 velis
2891 3348 3216 3414 exquirere,
3271 3348 3495 3402 omnino
3543 3347 3756 3402 videtur

2177 3439 2398 3493 difﬁcile
2429 3447 2486 3492 ut
2514 3439 2565 3492 in
2597 3439 2697 3492 hoc
2719 3439 2918 3493 saeculo
2941 3439 3139 3492 electos
3165 3453 3352 3493 onmes
3378 3438 3643 3500 invenias,
3669 3439 3756 3490 ubi

2182 3531 2420 3585 Ecclesia
2466 3531 2823 3600 permixtione
2875 3531 3138 3585 bonorum
3190 3531 3562 3599 malorumque
3602 3545 3756 3584 com—

2177 3623 2318 3692 pleta
2366 3630 2468 3678 est.
2516 3622 2620 3676 Sed
2672 3623 2758 3688 qui
2809 3622 2894 3676 hic
2942 3631 3043 3675 toto
3092 3621 3245 3675 corde
3287 3621 3609 3690 conﬁtentur,
3648 3621 3757 3688 jam

2179 3715 2423 3768 videntur
2445 3716 2497 3768 in
2521 3715 2610 3768 illa
2639 3716 3028 3785 congregatione
3049 3718 3310 3784 justorum
3334 3715 3581 3782 psallere,
3601 3728 3758 3782 quam

2179 3805 2247 3859 de
2275 3805 2478 3858 cunctis
2506 3806 2756 3872 gentibus
2798 3807 2847 3860 in
2887 3806 3118 3860 futurum
3162 3804 3499 3859 manifestum
3535 3815 3616 3857 est
3654 3805 3758 3856 Dos

2181 3897 2382 3952 minum
2435 3911 2779 3964 congregare.
2835 3897 2900 3950 Et
2951 3898 3231 3951 videamus
3276 3897 3398 3965 quid
3447 3895 3599 3949 nobis
3647 3895 3746 3947 ista

2181 3991 2341 4046 verba
2388 3990 2722 4043 denuntient.
2771 3988 3050 4042 Consilium
3089 3989 3353 4058 justorum
3399 3996 3498 4048 est,
3546 3985 3760 4054 quando

2179 4080 2322 4136 beati
2371 4095 2490 4133 eum
2546 4079 2770 4132 Domino
2816 4077 3225 4132 resurreCIionis
3276 4087 3518 4146 tempore
3558 4075 3760 4144 judica~

2182 4171 2331 4235 bunt,
2363 4169 2503 4223 sicut
2553 4169 2603 4222 in
2655 4169 2826 4236 primo
2877 4169 3083 4232 psalmo
3127 4168 3328 4223 dictum
3359 4178 3479 4222 est:
3512 4165 3637 4220 Ideo
3664 4181 3761 4218 non

2181 4268 2450 4328 resurgunt
2475 4258 2619 4325 impii
2646 4260 2696 4310 in
2719 4257 2938 4328 judicio,
2965 4273 3122 4324 neque
3153 4265 3438 4322 peccatores
3468 4255 3522 4308 in
3551 4254 3761 4307 consilio

2177 4356 2430 4424 justorum
2457 4349 2624 4420 (Psal.
2652 4365 2689 4412 ι,
2718 4348 2794 4419 5).
2835 4349 2948 4403 lloc
2977 4350 3116 4403 enim
3146 4349 3197 4402 in
3226 4347 3516 4415 Evangelio
3546 4355 3759 4415 aposto-

2187 4443 2252 4496 lis
2292 4453 2346 4497 et
2383 4443 2584 4496 sanctis
2613 4443 2722 4495 suis
2753 4440 3057 4510 specialiter
3091 4440 3342 4494 Dominus
3371 4438 3764 4507 compromisit,

2413 4551 2425 4584 :
2473 4533 2730 4588 Sedebitis
2781 4548 2936 4595 super
2984 4531 3246 4584 duodecim
3275 4530 3440 4592 sedes,
3474 4532 3768 4600 judicantes

2190 4624 2460 4676 duodecim
2505 4624 2662 4675 tribus
2693 4621 2856 4673 Israel
2900 4621 3112 4688 (Matth.
3143 4637 3255 4686 nx,
3284 4619 3401 4690 9.8).
3430 4619 3769 4692 Congregatio

2188 4729 2316 4768 vero
2346 4714 2611 4784 significat
2652 4714 2812 4767 totius
2857 4713 3108 4767 Ecclesiae
3155 4715 3360 4766 beatam
3393 4728 3671 4778 coronam,
3700 4714 3769 4766 de

2188 4807 2412 4860 diversis
2441 4806 2618 4860 mundi
2649 4806 2886 4872 partibus
2915 4805 3221 4858 adunatam.

2259 4897 2413 4951 Vers.
2453 4897 2507 4949 2.
2555 4895 2750 4960 GIMIiL,
2797 4897 3034 4949 DALETH.
3089 4895 3281 4966 Magna
3328 4909 3486 4961 opera
3519 4892 3770 4954 Domini;

2190 4988 2438 5056 exquisita
2463 4988 2516 5039 in
2542 5003 2713 5040 omnes
2740 4986 3022 5039 voluntates
3046 4988 3174 5056 ejus.
3203 4985 3334 5038 liinc
3356 4982 3465 5052 jam
3491 4997 3769 5037 enumera-

2189 5078 2363 5130 tiones
2393 5077 2768 5130 sincerissimat
2789 5076 3145 5130 confessionis
3175 5075 3489 5144 ingreditur,
3524 5088 3770 5139 magnam

2193 5168 2606 5222 immensitatem
2650 5167 2900 5221 bonitatis
2929 5166 3184 5222 ostendit.
3218 5166 3355 5230 Quid
3383 5164 3528 5218 enim
3562 5161 3767 5229 magni-

2195 5260 2442 5315 ﬁcentius
2472 5275 2630 5328 quam
2670 5261 2736 5313 de
2767 5261 2928 5327 impio
2967 5259 3144 5313 facere
3180 5259 3407 5328 justum,
3437 5256 3506 5310 de
3533 5256 3689 5308 hoste
3713 5253 3770 5304 li-

2194 5353 2346 5418 lium,
2373 5355 2438 5408 de
2459 5353 2668 5420 Captivo
2694 5352 2952 5406 liberum?
2982 5353 3050 5407 Ut
3077 5353 3127 5404 in
3151 5355 3226 5405 eis
3255 5351 3588 5417 compleatur
3631 5345 3767 5415 quod

2194 5445 2482 5515 Apostolus
2517 5447 2644 5500 dicit
2675 5464 2688 5498 :
2725 5445 2823 5500 Ubi
2851 5454 3020 5498 autem
3055 5445 3328 5497 abundavit
3361 5452 3647 5509 peccatum,
3684 5455 3772 5492 su-

2193 5537 2562 5608 perabundavit
2596 5545 2642 5588 et
2677 5537 2842 5605 gratia
2871 5535 3046 5602 (Rom.
3077 5549 3132 5597 v,
3158 5535 3274 5602 20).
3302 5533 3594 5601 Exquisita,
3619 5529 3668 5582 id
3689 5535 3772 5581 est

2195 5627 2498 5696 singularis,
2549 5635 2756 5689 exacta,
2804 5626 2889 5680 cui
2937 5626 3068 5679 nihil
3117 5634 3289 5694 potest
3319 5624 3493 5679 simile
3522 5618 3765 5689 reperiri.

2200 5719 2465 5773 Permittit
2487 5718 2626 5773 enim
2657 5717 2924 5773 diabolum
2965 5718 3177 5786 saevire,
3211 5726 3268 5773 ut
3305 5731 3373 5772 es
3405 5716 3546 5771 illius
3574 5712 3767 5782 iniqui-
