4032 6340
257 392 351 445 801
1206 392 1558 450 EXPOSITIO
1598 396 1661 450 IN
1708 392 2158 448 PSAL'I‘ERIUM.
2204 393 2394 447 PSAL.
2438 391 2550 447 CX.
3416 396 3517 453 802

256 512 368 558 tale
388 504 487 556 sibi
511 502 701 556 debeat
732 502 1066 557 fidelissimos
1096 504 1362 567 invenire;
1398 520 1649 572 novoque
1679 507 1837 557 modo
1867 514 1910 562 Α
1942 515 1995 557 et
2016 505 2288 573 sanguinis
2318 506 2479 569 sacri,
2511 520 2628 574 qua}
2650 513 2734 560 est
2762 505 2904 559 salus
2934 507 3167 575 gentium
3194 518 3246 562 et
3277 512 3519 566 remissrc

255 595 496 648 nascitur
527 594 594 646 de
617 594 904 646 afﬂictione
926 592 1196 662 gaudium,
1218 594 1284 646 de
1314 596 1684 656 persecutione
1708 605 1840 647 tem-

253 685 427 753 porali
461 694 659 738 :eterna
684 685 965 737 securitas.
1000 686 1064 738 Et
1092 700 1159 738 ne
1191 695 1406 752 putares
1431 701 1525 752 pro
1556 694 1707 753 parte
1736 688 1842 739 lan-

254 778 464 839 datum,
494 776 709 846 adjecit,
754 776 807 829 in
846 792 1015 829 omnes
1056 777 1341 830 voluntates
1389 778 1521 844 ejus.
1571 777 1837 845 Quidquid

253 869 399 924 enim
432 868 577 933 facit,
606 867 800 921 eximie
826 878 985 937 atque
1015 868 1623 935 incompreliensibiliter
1650 885 1842 937 opera-

258 969 367 1021 tur,
398 964 531 1012 sicut
564 960 615 1012 in
660 958 855 1012 Genesi
889 959 1143 1025 scriptum
1181 967 1263 1011 est
1291 976 1301 1009 :
1334 956 1482 1010 Fecit
1511 957 1648 1011 Deus
1673 959 1842 1011 omnia

256 1050 404 1103 ualde
452 1049 583 1102 bona
626 1047 777 1119 (Gen.
812 1064 848 1110 ι,
894 1050 1007 1119 51).
1049 1049 1137 1101 Sic
1173 1049 1260 1100 illa
1314 1048 1718 1114 investigabilis,
1752 1049 1839 1101 illa

256 1138 645 1194 inaestimabilis
669 1142 780 1194 laus
811 1138 908 1193 sub
938 1140 1193 1193 brevitate
1216 1140 1466 1193 conclusa
1498 1147 1600 1194 est.

331 1230 486 1284 Vers.
536 1233 588 1284 5.
624 1230 725 1294 ηε,
759 1230 893 1285 νλυ.
945 1231 1205 1296 Confessio
1230 1241 1274 1283 et
1302 1232 1683 1300 magniﬁcentia
1712 1249 1842 1300 opus

257 1322 387 1389 ejus,
417 1328 465 1372 et
498 1320 704 1389 justitia
732 1320 842 1388 ejus
874 1330 1037 1373 manet
1080 1320 1132 1372 in
1161 1321 1404 1372 secratum
1445 1322 1639 1373 saeculi.
1668 1321 1838 1389 Opera

259 1407 348 1462 illa
373 1409 598 1472 Domini,
636 1425 755 1477 qua:
791 1410 1039 1477 superius
1067 1410 1218 1475 dixit,
1254 1424 1395 1463 nunc
1425 1410 1616 1464 iterum
1648 1426 1837 1479 quem-

259 1498 543 1551 admodum
568 1498 927 1566 intelligantur
952 1500 1193 1565 exponit.
1218 1499 1398 1552 Gloria
1426 1499 1567 1553 enim
1598 1509 1652 1554 et
1676 1501 1840 1554 decor

263 1591 427 1659 (sicut
478 1590 625 1642 Pater
657 1589 1009 1657 llieronymus
1060 1590 1353 1658 transtulit)
1400 1599 1483 1644 est
1528 1607 1656 1659 opus
1686 1592 1838 1660 ejus:

263 1685 513 1752 quoniam
538 1692 589 1736 et
619 1683 900 1735 laudabilia
925 1692 1050 1735 sunt
1084 1684 1264 1750 nimis,
1294 1692 1346 1737 et
1377 1684 1573 1738 decora
1612 1699 1732 1754 qua:
1763 1685 1843 1738 fa-

261 1775 354 1828 cit.
379 1773 611 1826 Diximus
631 1774 772 1827 enim
793 1771 1164 1840 Confessiouem
1182 1774 1322 1827 illam
1348 1774 1431 1827 hic
1452 1774 1839 1842 accipiendam,

1947 607 2283 662 peccatorum
2296 636 2307 648 .

2016 687 2166 738 Vers.
2216 690 2267 740 6.
2300 688 2463 751 Cson,
2508 689 2712 742 Lmen.
2762 690 3008 743 Virtutem
3052 708 3263 757 operum
3307 710 3517 746 suorum

1942 780 2257 831 annuntiat'it
2275 780 2464 846 populo
2482 798 2591 842 suo,
2617 782 2768 833 ut‘det
2786 782 2887 834 illis
2905 782 3247 835 Ita'reditatem
3270 786 3517 852 gentium.

1945 869 2041 921 llic
2068 879 2149 922 est
2181 871 2398 937 impleta
2429 872 2712 935 sententia,
2744 889 2860 941 qua:
2888 874 3055 927 tribus
3087 876 3325 927 versibus
3348 878 3516 929 conti-

1944 968 2120 1011 netur.
2160 958 2336 1013 Virtus
2362 977 2569 1028 operum
2601 962 2717 1026 fuit,
2757 978 2913 1030 quam
2944 964 3069 1016 dicit
3104 965 3155 1016 in
3189 965 3476 1032 Evangelia
3504 982 3516 1019 :

1943 1049 2074 1104 chi
2099 1051 2291 1116 vident,
2318 1052 2461 1103 surdi
2489 1054 2725 1117 audiunt,
2759 1054 2948 1119 leprosi
2976 1057 3309 1118 mumlantur,
3334 1060 3517 1109 mortui

1941 1151 2209 1207 resurgunt
2231 1152 2310 1193 :et
2341 1142 2508 1194 beatus
2538 1144 2623 1211 qui
2654 1160 2754 1195 non
2780 1144 2932 1210 fuerit
2962 1145 3337 1198 scandalizatus
3365 1146 3416 1198 in
3444 1164 3518 1200 me

1944 1231 2154 1299 (Matth.
2188 1248 2264 1294 χι,
2295 1234 2374 1301 5).
2399 1236 2750 1297 Annuutiavit,
2784 1236 3120 1291 manifestam
3152 1238 3297 1303 fecit,
3325 1242 3518 1309 populo

1942 1321 2147 1376 scilicet
2170 1323 2496 1389 Christiano,
2530 1342 2687 1393 quem
2717 1327 2943 1380 redemit
2970 1329 3227 1397 sanguine
3263 1331 3518 1396 pretioso.

1943 1413 2049 1466 Sed
2091 1413 2192 1467 hoc
2232 1414 2306 1467 illi
2341 1416 2629 1482 prophetia:
2657 1417 2842 1481 Spiritu
2891 1418 3096 1483 dicunt,
3129 1420 3216 1487 qui
3269 1430 3391 1474 ante
3420 1422 3516 1473 ad-

1943 1512 2157 1555 ventum
2187 1504 2394 1556 Domini
2426 1503 2477 1556 in
2502 1519 2624 1557 eum
2648 1514 2828 1557 sancta
2848 1506 2949 1558 fide
2977 1509 3339 1565 crediderunt.
3366 1510 3519 1562 Dedit

1944 1605 2117 1647 autem
2141 1596 2213 1648 eis
2237 1596 2580 1649 [nereditatem
2602 1598 2843 1665 gentium,
2874 1598 3083 1665 quando
3108 1601 3395 1653 Ecclesium
3432 1618 3520 1655 ca-

1946 1685 2197 1738 tholicam
2235 1686 2300 1739 de
2328 1687 2532 1739 eunetis
2560 1687 2869 1739 nationibus
2899 1688 3033 1740 vivis
3061 1688 3325 1754 lapidibus
3358 1690 3520 1743 fabri-

1945 1778 2102 1831 cavit.
2146 1776 2257 1844 Ipsa
2288 1787 2368 1831 est
2399 1778 2668 1831 bwreditas
2699 1795 2815 1846 quae
2850 1780 3105 1847 promissa
3137 1790 3217 1833 est
3250 1782 3476 1835 Abralta:
3502 1799 3515 1837 :

260 1878 380 1931 quae
413 1864 591 1917 verbis
636 1863 1047 1930 praeconialibus
1097 1865 1412 1932 explicatur.
1467 1866 1747 1933 Sequitur,
1793 1876 1839 1919 et
1872 1879 1918 1937 Β
1949 1866 2301 1931 Multiplicabo
2340 1883 2505 1919 semen
2528 1878 2669 1919 tuum
2691 1869 2819 1920 sicut
2841 1868 3013 1922 stellas
3040 1870 3151 1921 caeli
3180 1879 3223 1922 et
3252 1872 3381 1923 sicut
3409 1888 3520 1924 are-

261 1954 460 2022 justitia
505 1957 619 2025 ejus
650 1964 814 2006 manet
844 1955 894 2005 in
928 1954 1169 2007 swculum
1218 1956 1409 2008 saeculi.
1464 1955 1557 2009 llic
1580 1958 1838 2026 justitiam

263 2044 491 2107 Domini,
523 2043 841 2098 sententiam
870 2044 1230 2113 fnturijudicii
1255 2046 1511 2099 debemus
1538 2047 1837 2110 advertere,

261 2150 380 2202 qua:
408 2136 627 2190 omnino
654 2146 903 2205 perpetua
933 2148 1035 2192 est.
1068 2137 1281 2189 Justitia
1308 2138 1501 2206 quippe
1532 2140 1642 2208 ejus
1672 2150 1840 2191 manet

261 2228 317 2281 in
354 2229 594 2280 saeculum
618 2228 810 2290 swculi,
849 2242 968 2281 cum
1000 2228 1369 2296 peccatoribus
1399 2227 1593 2282 dixerit
1628 2246 1640 2281 :
1677 2230 1757 2282 Ite
1790 2231 1840 2282 in

262 2322 435 2390 ignem
459 2330 716 2381 aaternum,
743 2321 828 2387 qui
870 2329 1078 2387 paratus
1106 2330 1179 2373 e-t
1201 2320 1404 2372 diabolo
1433 2330 1479 2372 et
1510 2321 1708 2390 angelis
1735 2325 1843 2389 ejus

263 2406 479 2476 (Matt/1.
512 2425 640 2473 xxv,
672 2408 788 2478 Μ).
825 2409 1128 2474 lterumque
1167 2410 1373 2478 justitia
1417 2412 1526 2479 ejus
1574 2420 1744 2461 manet
1787 2410 1838 2461 in

260 2499 503 2554 circulum
537 2500 731 2561 saculi,
766 2500 978 2569 quando
1008 2499 1189 2553 lideles
1222 2500 1581 2565 advocaverit,
1608 2501 1795 2555 dicens
1823 2519 1837 2557 :

272 2589 467 2655 Venite,
518 2591 766 2645 benedicti
813 2590 986 2643 Patris
1021 2592 1137 2655 mei,
1170 2591 1413 2659 percipite
1462 2608 1675 2661 regnum
1706 2593 1841 2657 quod

261 2682 400 2737 vobis
446 2694 685 2754 paratum
725 2693 799 2737 est
834 2683 897 2735 ab
926 2683 1070 2735 initio
1101 2682 1276 2734 mundi
1309 2680 1554 2752 (Ibidem,
1588 2682 1703 2753 54).
1751 2685 1842 2739 Sic

263 2776 317 2829 in
347 2784 568 2845 utraque
596 2784 746 2843 parte
778 2778 987 2849 justitia
1020 2777 1226 2830 Domini
1269 2785 1521 2845 perpetua
1552 2788 1604 2830 et
1635 2777 1839 2832 incom-

263 2866 532 2921 mutabilis
564 2877 892 2936 perseverat.

335 2962 488 3015 Vers.
519 2961 573 3013 4.
608 2961 762 3029 ΖΑΙΝ,
814 2961 988 3017 "cru.
1032 2959 1334 3014 Memoriam
1378 2961 1493 3030 fecit
1532 2960 1841 3013 mirabilium

264 3067 474 3104 suorum
496 3050 778 3105 misericors
800 3061 846 3104 et
867 3052 1132 3105 miserator
1150 3049 1422 3103 Dominus.
1446 3049 1525 3104 Ad
1548 3050 1838 3103 secundum

265 3140 415 3194 venit
457 3140 775 3210 ingressum,
817 3140 907 3195 ubi
938 3140 1173 3193 ostendit
1199 3154 1319 3193 esca
1350 3139 1553 3193 caelesti
1600 3139 1843 3193 fidelissi-

1944 1973 2059 2009 nam
2085 1974 2200 2025 quia
2227 1967 2298 2009 est
2335 1960 2402 2009 ad
2431 1974 2574 2010 oram
2602 1960 2755 2011 maris
2786 1958 2936 2028 (Gen.
2973 1976 3101 2022 χχιι,
3137 1962 3246 2028 17).
3299 1964 3522 2028 Aperuit

1942 2050 2083 2103 enim
2115 2063 2327 2102 causam
2360 2065 2524 2118 quare
2571 2052 2801 2104 virtutem
2832 2068 3038 2119 aperum
3071 2066 3285 2105 suorum
3316 2071 3519 2107 annun-

1943 2141 2087 2193 tiabit
2135 2140 2323 2208 populo
2366 2158 2495 2207 suo;
2545 2143 2748 2196 scilicet
2775 2151 2835 2195 ut
2886 2144 3029 2195 daret
3072 2144 3144 2195 eis
3175 2144 3519 2198 [nereditatem

1944 2233 2181 2301 genium.
2218 2231 2328 2300 Ipsa
2362 2232 2502 2286 enim
2534 2232 2756 2286 intentio
2786 2232 2881 2284 fuit
2913 2233 3287 2287 miraculorum
3318 2242 3372 2287 ut
3398 2248 3520 2288 ere-

1945 2322 2152 2385 derent,
2175 2332 2228 2375 et
2253 2325 2463 2387 prmmia
2486 2324 2866 2390 εοιιιιποιηίεςςι
2891 2323 3170 2378 credentes
3193 2326 3518 2389 acciperent.

2021 2414 2171 2466 Vers.
2206 2415 2256 2466 7.
2294 2415 2436 2475 Msu,
2486 2414 2615 2466 Nux.
2654 2414 2819 2482 Opera
2846 2431 3085 2466 manuum
3116 2417 3225 2485 ejus
3264 2415 3444 2467 veritas
3472 2425 3521 2466 et

1936 2504 2190 2571 judicium
2221 2519 2237 2554 :
2272 2504 2444 2568 ﬁdelia
2480 2505 2651 2555 omnia
2682 2504 2921 2555 mandata
2964 2506 3092 2573 ejus.
3137 2504 3519 2560 Pulcherritnis

1945 2595 2210 2660 variisque
2239 2592 2520 2646 sententiis
2550 2594 2601 2646 in
2635 2595 2734 2647 IIOC
2771 2603 2825 2646 et
2851 2595 3093 2661 sequenti
3142 2610 3300 2648 versu
3332 2595 3518 2650 laudes

1948 2685 2154 2737 Domini
2183 2683 2578 2737 describuntur.
2605 2684 2731 2747 Quae
2754 2683 3067 2737 duodecima
3090 2695 3168 2736 est
3196 2686 3406 2752 species
3429 2685 3523 2740 de-

1949 2776 2225 2835 finitionis.
2245 2790 2403 2843 quam
2425 2775 2595 2828 Graeci
2619 2774 2728 2829 κατ’
2751 2774 2970 2839 ἔπαινον,
2997 2774 3167 2827 Latini
3194 2791 3288 2843 per
3311 2776 3520 2830 laudem

1946 2866 2147 2918 dicunt.
2196 2865 2363 2931 Opera
2404 2864 2598 2933 quippe
2628 2865 2840 2917 virtutis
2870 2864 2985 2931 ejus
3014 2871 3115 2929 est,
3150 2866 3362 2933 quando
3392 2879 3521 2920 con-

1947 2954 2215 3008 fitentibus
2237 2954 2428 3023 parcit,
2448 2963 2501 3008 et
2522 2954 2704 3007 beatos
2726 2968 2790 3007 ex
2810 2954 2987 3021 impiis
3011 2953 3152 3019 facit,
3182 2954 3375 3008 deinde
3396 2969 3518 3009 cum

1945 3045 2221 3101 obstinatis
2263 3060 2447 3113 poenas
2487 3044 2689 3099 debitas
2717 3044 2909 3099 reddit.
2943 3045 3276 3113 Quapropter
3305 3047 3519 3115 proprie

1945 3139 2145 3193 dictum
2176 3139 2337 3208 382
2368 3147 2470 3200 est,
2499 3138 2636 3208 Opus
2653 3139 2761 3206 ejus
2790 3138 2968 3190 veritas
2991 3147 3036 3190 et
3058 3136 3335 3208 judicium.
3373 3137 3521 3190 Veri-

267 3248 389 3287 mos
412 3241 607 3301 pastos,
634 3233 686 3287 id
718 3241 801 3287 est
822 3233 1055 3287 adventu
1086 3231 1293 3285 Domini
1319 3233 1498 3300 utique
1526 3231 1836 3286 Salvatoris.
1870 3237 1913 3298 ε
1948 3240 2023 3283 tas
2039 3240 2120 3284 est
2136 3231 2277 3285 enim
2297 3245 2416 3284 cum
2437 3230 2678 3284 fidelibus
2699 3230 2956 3298 promissa
2972 3229 3196 3282 restituit
3215 3229 3521 3298 ;judicium,

268 3323 573 3378 Memoriam
598 3339 726 3392 ergo
752 3325 871 3394 fecit
900 3324 1209 3375 mirabilium
1234 3340 1460 3387 suorum,
1494 3322 1703 3391 quando
1730 3322 1846 3390 plu-

267 3415 402 3469 rima
435 3429 569 3469 nova
595 3423 649 3468 et
679 3415 923 3468 inusitata
954 3416 1290 3467 monstravit.
1324 3413 1472 3467 Tunc
1496 3414 1636 3467 enim
1668 3414 1845 3469 omnia

270 3506 440 3559 Deum
472 3520 660 3575 regere
691 3506 859 3573 pomit
884 3505 1160 3559 evidenter
1197 3504 1424 3569 adverti,
1470 3503 1680 3571 quando
1718 3506 1847 3558 visa:

269 3607 399 3653 sunt
441 3598 856 3651 consuetudines
884 3612 1062 3650 rerum
1102 3597 1269 3649 sacris
1294 3595 1622 3664 jussionibus
1652 3597 1845 3650 immu~

271 3690 398 3743 tari.
441 3689 768 3743 Convertere
808 3688 947 3742 enim
984 3687 1243 3741 veraciter
1285 3701 1387 3739 non
1420 3694 1595 3753 potest
1635 3686 1849 3740 ordines

272 3796 475 3845 rerum,
506 3780 604 3833 nisi
638 3780 727 3848 qui
752 3793 843 3832 eas
878 3788 931 3832 et
956 3778 1144 3831 fecisse
1170 3786 1223 3832 et
1253 3777 1629 3831 administrare
1655 3792 1852 3845 cogno-

271 3872 459 3926 scitur.
484 3871 548 3925 Et
572 3880 629 3925 ut
647 3870 951 3924 ostenderet
973 3870 1059 3938 qui
1085 3869 1197 3937 fecit
1225 3869 1517 3920 memoriam
1544 3868 1851 3919 mirabilium

273 3981 505 4025 suorum,
563 3962 821 4030 sequitur,
869 3960 1155 4013 misericors
1203 3966 1250 4011 et
1283 3958 1548 4010 miseratur
1579 3957 1846 4012 Dominus.

280 4056 569 4109 Misericors
614 4062 855 4107 naturam
886 4052 1001 4120 ejus
1034 4051 1241 4117 pietatis
1271 4048 1534 4111 ostendit;
1566 4050 1849 4116 miserator,

279 4156 488 4214 tempus
509 4159 612 4213 quo
640 4143 870 4195 adventu
896 4156 992 4194 suo
1023 4138 1447 4193 misericordiam
1478 4137 1623 4203 iecit,
1668 4148 1720 4192 et
1759 4139 1853 4193 hu-

275 4252 437 4290 mano
466 4235 645 4304 generi
669 4235 812 4303 larga
843 4234 1035 4303 pietate
1066 4231 1329 4284 subvenit.

353 4328 503 4380 Vers.
535 4326 588 4379 5.
628 4325 802 4389 Turn,
852 4324 971 4378 Ιιου.
1028 4322 1214 4375 Escam
1243 4321 1383 4374 dedit
1436 4321 1725 4374 timentibus
1763 4336 1856 4382 se;

276 4432 471 4469 memor
496 4417 585 4469 erit
607 4417 657 4468 in
687 4416 930 4469 swculum
960 4413 1245 4467 testamenti
1266 4413 1367 4466 sui.
1396 4412 1545 4479 Quod
1579 4412 1730 4477 dixit,
1760 4410 1858 4464 Es-

276 4524 391 4559 cam
418 4507 554 4559 dedit
583 4507 871 4559 timentibus
906 4521 977 4570 se,
1028 4505 1292 4571 signiﬁcat
1319 4504 1499 4572 utique
1528 4504 1854 4571 spiritualcm

1951 3321 2091 3391 quod
2119 3321 2297 3391 impiis
2324 3322 2678 3375 comminatur
2712 3336 2724 3371 :
2759 3321 3006 3388 quoniam
3033 3318 3120 3387 qui
3146 3319 3229 3373 hic
3260 3328 3523 3388 praecepta

1949 3413 2067 3483 ejus
2092 3413 2271 3469 facere
2297 3415 2589 3484 negligant,
2621 3412 2693 3466 ibi
2723 3412 3004 3465 vindictam
3035 3422 3342 3479 perpetuam
3366 3412 3527 3465 susti-

1951 3508 2168 3563 nebunt.
2219 3508 2491 3577 Sequitur,
2524 3505 2697 3572 ﬁdelia
2728 3506 2897 3557 omnia
2943 3504 3184 3555 mandata
3213 3506 3345 3575 ejus.
3381 3504 3524 3558 Scri-

1952 3611 2097 3670 ptum
2133 3608 2215 3654 est
2246 3616 2260 3653 :
2294 3599 2452 3654 Serva
2480 3597 2740 3660 mandata,
2776 3605 2820 3646 et
2852 3596 3115 3647 servabunt
3146 3604 3191 3646 te
3217 3593 3401 3664 (Eccli.
3434 3609 3524 3658 xv,

1953 3692 2061 3762 16).
2096 3689 2304 3743 Fidelia
2329 3706 2454 3743 vero
2481 3696 2623 3750 sunt,
2648 3686 2896 3756 quoniam
2922 3687 3067 3739 nullo
3095 3685 3369 3739 mendacio
3388 3684 3526 3738 dicta

1951 3785 2255 3847 variantur;
2290 3781 2380 3835 sed
2413 3778 2658 3833 absolute
2687 3793 2782 3831 nos
2826 3776 3152 3841 custodiunt,
3196 3788 3314 3828 cum
3343 3789 3404 3829 ea
3433 3789 3525 3829 cu-

1952 3875 2153 3929 stodire
2180 3871 2384 3925 Domini
2415 3885 2634 3924 munere
2667 3869 2995 3922 festinamus.

2028 3965 2178 4018 Vers.
2205 3964 2258 4017 8.
2289 3964 2526 4025 Sumen,
2570 3962 2689 4013 AIN.
2738 3959 3051 4025 Conﬁrmata
3082 3956 3135 4007 in
3158 3954 3402 4009 swculum
3426 3970 3526 4008 sa:-

1954 4057 2077 4121 culi,
2116 4056 2254 4124 facta
2297 4056 2350 4106 in
2391 4054 2593 4105 veritate
2617 4060 2663 4104 et
2695 4052 2948 4121 wquitate.
2984 4050 3223 4103 Humana
3252 4049 3409 4102 verba
3450 4049 3526 4102 in-

1955 4160 2165 4199 cassum
2210 4145 2372 4197 missa
2394 4144 2671 4196 solvuntur
2701 4159 2714 4193 :
2745 4139 2956 4194 Domini
2988 4150 3161 4192 autem
3191 4153 3367 4192 sermo
3397 4154 3530 4193 con-

1960 4235 2198 4288 firmatus
2230 4240 2501 4298 permanet
2532 4231 2581 4283 in
2612 4239 2893 4283 teternnm.
2922 4227 3100 4282 Nescit
3130 4230 3273 4282 enim
3305 4228 3533 4282 titubare

1958 4321 2097 4390 quod
2128 4319 2343 4373 Veritas
2389 4318 2641 4385 loquitur.
2681 4316 2949 4385 Sequitur,
2985 4317 3121 4386 facta
3165 4316 3217 4368 in
3250 4316 3459 4370 veritate
3485 4325 3533 4370 et

1959 4413 2211 4479 (equitate.
2248 4409 2489 4463 Mandata
2522 4409 2629 4467 illa.
2656 4423 2772 4477 qua}
2794 4408 3038 4477 superius
3062 4406 3217 4471 dixit,
3241 4416 3299 4461 ut
3328 4422 3389 4462 ea
3420 4423 3536 4462 cre-

1962 4505 2117 4557 deres
2165 4501 2481 4557 certissimis
2531 4501 2807 4555 eﬂ’ectibus
2856 4516 2976 4555 esse
3026 4501 3348 4567 plenissima,
3399 4500 3537 4568 facta

276 4600 479 4654 cibum.
523 4598 650 4664 Quis
672 4599 810 4651 enim
844 4610 1019 4650 escam
1059 4610 1398 4650 communem
1433 4602 1582 4663 putet
1610 4594 1856 4648 fidelibus
1886 4609 1939 4667 D
1963 4595 2097 4648 dixit
2119 4609 2238 4649 esse
2258 4593 2459 4663 quam“
2481 4593 2638 4647 dicta.
2676 4593 2737 4645 Et
2765 4599 2823 4644 ut
2850 4591 3079 4661 dignitas
3103 4605 3287 4643 eorum
3312 4591 3547 4658 amplius

278 4689 345 4741 ad
378 4689 654 4758 premium
686 4687 882 4749 datam,
917 4702 1035 4754 qua:
1071 4695 1125 4740 et
1147 4685 1515 4754 peccatoribus
1545 4683 1742 4753 passim
1767 4699 1857 4737 co-

278 4781 555 4849 gooscitur
594 4778 887 4831 attributa?
939 4778 1045 4832 Sed
1091 4788 1149 4832 ut
1189 4780 1358 4847 magis
1391 4777 1491 4833 hoc
1518 4777 1584 4831 de
1628 4776 1859 4829 adventu

282 4871 495 4926 Domini
546 4870 840 4925 Salvatoris
893 4869 1176 4924 debuisses
1228 4870 1530 4934 advertere,
1587 4871 1855 4938 sequitur,

283 4979 473 5017 memor
500 4962 592 5016 erit
638 4962 689 5013 in
732 4960 973 5013 swculum
1020 4961 1302 5012 testamenti
1351 4960 1451 5011 sui.
1496 4960 1695 5012 Memor
1741 4959 1858 5019 erit,

284 5051 630 5105 humanitatis
659 5051 1042 5105 consuetudine
1064 5050 1278 5113 dicitur,
1310 5050 1431 5116 quia
1464 5058 1590 5102 tunc
1615 5047 1735 5117 quis
1761 5049 1857 5098 ali-

282 5144 412 5211 quid
440 5145 491 5197 in
523 5154 703 5197 mente
732 5143 982 5197 habuisse
1008 5152 1241 5211 putatur,
1274 5155 1392 5193 cum
1425 5142 1685 5207 promissa
1716 5154 1862 5192 com-

285 5239 529 5302 pleverit.
555 5235 621 5289 In
634 5239 870 5290 swculum
889 5235 1241 5289 aeternitatem
1261 5232 1541 5300 signiﬁcat,
1561 5232 1681 5298 quia
1704 5232 1862 5285 verba

283 5329 589 5382 testamenti
619 5328 702 5382 sui
727 5328 1043 5381 solidissima
1071 5328 1292 5379 veritate
1319 5325 1570 5378 custodit.
1603 5323 1732 5376 Nam
1757 5322 1861 5375 sic-

284 5429 344 5471 ut
376 5419 671 5487 promissus
698 5429 780 5472 est
810 5420 863 5473 in
898 5418 1074 5471 Veteri
1095 5416 1441 5469 Testamento
1465 5414 1717 5467 Dominus
1746 5412 1867 5468 Sal-

286 5522 461 5576 vator,
497 5510 566 5565 ita
600 5512 650 5566 iu
684 5508 830 5564 Novo
858 5508 1111 5563 advenire
1132 5507 1380 5576 dignatus
1401 5514 1504 5569 est,
1536 5507 1587 5558 in
1618 5520 1724 5573 quo
1754 5521 1865 5558 esca

288 5601 415 5655 data
438 5612 510 5656 est
535 5603 821 5656 timentibus
836 5616 980 5667 eum,
1010 5601 1059 5655 id
1082 5608 1163 5655 est
1184 5596 1598 5654 communicatio
1619 5598 1867 5666 corporis

362 5780 396 5817 ⁸
418 5780 517 5837 Hic
545 5780 722 5852 aliqua
756 5781 962 5837 videtur
985 5779 1173 5835 deesse
1201 5773 1534 5845 conjunctio.
1580 5770 1735 5827 Eutr.

1966 4696 2263 4755 appareret,
2295 4685 2505 4753 adjecit,
2536 4686 2587 4736 in
2614 4685 2816 4736 veritate
2842 4693 2886 4735 et
2916 4684 3169 4751 wquitate.
3209 4680 3408 4734 Veritas
3444 4693 3546 4744 est,

1966 4781 2083 4851 quia
2110 4779 2247 4833 dicta
2272 4777 2639 4844 complentur;
2670 4776 2881 4843 a’qnitas
2904 4781 3004 4837 est,
3029 4771 3147 4841 quia
3165 4770 3385 4839 justititn
3419 4786 3550 4841 pon-

1968 4874 2095 4926 dere
2125 4869 2485 4939 proferuntur.
2516 4867 2621 4921 llas
2664 4867 2805 4921 enim
2837 4864 3059 4918 virtutes
3088 4861 3429 4917 manifestum
3470 4874 3549 4917 est

1969 4964 2085 5031 ejus
2114 4961 2387 5015 continere
2420 4958 2687 5011 mandata.

2044 5055 2195 5109 Vers.
2220 5054 2272 5108 9.
2303 5053 2434 5120 Pus,
2464 5052 2627 5115 Saos,
2656 5051 2819 5104 Corn.
2848 5046 3262 5116 Redemptiouem
3293 5047 3428 5099 misit
3459 5062 3547 5114 po-

1969 5147 2090 5213 pulo
2121 5162 2250 5212 suo;
2294 5145 2548 5198 mandavit
2598 5144 2651 5195 in
2700 5153 2941 5194 a'ternum
2992 5148 3342 5193 testamentum
3372 5156 3540 5191 suum.

1973 5239 2219 5291 Sanctum
2249 5246 2295 5288 ct
2327 5236 2544 5289 terribile
2574 5249 2758 5285 nomen
2783 5232 2904 5298 ejus.
2944 5230 3039 5283 llic
3062 5232 3546 5301 enthymematii-us

1972 5330 2312 5399 syllogismus
2351 5329 2459 5393 jam
2505 5326 2660 5380 nobis
2703 5326 3066 5393 frequentatus
3096 5324 3366 5387 oboritur;
3398 5323 3547 5391 cujus

1972 5422 2263 5495 propositio
2289 5429 2368 5474 est
2394 5438 2404 5469 :
2435 5418 2846 5485 Redemptioncm
2870 5418 3004 5469 misit
3032 5418 3222 5487 populo
3252 5433 3365 5482 suo,
3397 5432 3545 5468 num-

1972 5518 2106 5571 dat-it
2131 5517 2183 5568 in
2213 5521 2453 5568 aeternum
2494 5518 2839 5564 testamentum
2879 5525 3047 5562 suum.
3082 5507 3335 5576 Sequitur
3360 5522 3548 5575 exspe-

1974 5616 2110 5660 ctata
2137 5602 2404 5660 conclusio
2440 5619 2450 5654 :
2485 5599 2730 5656 Sanctum
2754 5608 2826 5653 est
2855 5599 3013 5670 igitur
3043 5609 3090 5653 et
3119 5601 3337 5655 terribile
3362 5615 3545 5653 nomen
