  <div class='ocr_page' id='page_1' title='image "/cluster/home/n/w/nwhite01/storage/ocr_20150623/70/hvd.32044015469356/407.png"; bbox 0 0 4032 6340; ppageno 0'>
   <div class='ocr_carea' id='block_1_1' title="bbox 529 345 628 408">
    <p class='ocr_par' dir='ltr' id='par_1_1' title="bbox 529 345 628 408">
     <span class='ocr_line' id='line_1_1' title="bbox 529 345 628 408; baseline 0 0"><span class='ocrx_word' id='word_1_1' title='bbox 529 345 628 408; x_wconf 75' lang='lat'><strong>803</strong></span> 
     </span>
    </p>
   </div>
   <div class='ocr_carea' id='block_1_2' title="bbox 527 557 2095 633">
    <p class='ocr_par' dir='ltr' id='par_1_2' title="bbox 527 557 2095 633">
     <span class='ocr_line' id='line_1_2' title="bbox 527 557 2095 633; baseline 0.012 -25"><span class='ocrx_word' id='word_1_2' title='bbox 527 566 608 609; x_wconf 85' lang='lat' dir='ltr'><strong>cst</strong></span> <span class='ocrx_word' id='word_1_3' title='bbox 646 557 712 611; x_wconf 90' lang='lat' dir='ltr'><strong>ad</strong></span> <span class='ocrx_word' id='word_1_4' title='bbox 743 559 1034 627; x_wconf 89' lang='lat' dir='ltr'><strong>ingressum</strong></span> <span class='ocrx_word' id='word_1_5' title='bbox 1061 563 1292 624; x_wconf 90' lang='lat' dir='ltr'><strong>tertium,</strong></span> <span class='ocrx_word' id='word_1_6' title='bbox 1316 563 1366 616; x_wconf 88' lang='lat' dir='ltr'><strong>in</strong></span> <span class='ocrx_word' id='word_1_7' title='bbox 1399 579 1500 633; x_wconf 88' lang='lat' dir='ltr'><strong>quo</strong></span> <span class='ocrx_word' id='word_1_8' title='bbox 1527 566 1803 623; x_wconf 92' lang='lat' dir='ltr'><strong>Dominum</strong></span> <span class='ocrx_word' id='word_1_9' title='bbox 1844 574 2095 628; x_wconf 80' lang='lat' dir='ltr'><strong>Salvato-</strong></span> 
     </span>
    </p>
   </div>
   <div class='ocr_carea' id='block_1_3' title="bbox 528 649 2098 725">
    <p class='ocr_par' dir='ltr' id='par_1_3' title="bbox 528 649 2098 725">
     <span class='ocr_line' id='line_1_3' title="bbox 528 649 2098 725; baseline 0.012 -27"><span class='ocrx_word' id='word_1_10' title='bbox 528 659 638 698; x_wconf 91' lang='lat' dir='ltr'><strong>rem</strong></span> <span class='ocrx_word' id='word_1_11' title='bbox 673 649 974 713; x_wconf 90' lang='lat' dir='ltr'><strong>pronuntiat</strong></span> <span class='ocrx_word' id='word_1_12' title='bbox 995 664 1113 704; x_wconf 91' lang='lat' dir='ltr'><strong>esse</strong></span> <span class='ocrx_word' id='word_1_13' title='bbox 1138 662 1439 717; x_wconf 90' lang='lat' dir='ltr'><strong>venturum,</strong></span> <span class='ocrx_word' id='word_1_14' title='bbox 1477 657 1562 722; x_wconf 85' lang='lat' dir='ltr'><strong>qui</strong></span> <span class='ocrx_word' id='word_1_15' title='bbox 1594 658 1882 725; x_wconf 90' lang='lat' dir='ltr'><strong>timendus,</strong></span> <span class='ocrx_word' id='word_1_16' title='bbox 1913 677 2098 716; x_wconf 88' lang='lat' dir='ltr'><strong>aman-</strong></span> 
     </span>
    </p>
   </div>
   <div class='ocr_carea' id='block_1_4' title="bbox 525 733 2095 808">
    <p class='ocr_par' dir='ltr' id='par_1_4' title="bbox 525 733 2095 808">
     <span class='ocr_line' id='line_1_4' title="bbox 525 733 2095 808; baseline 0.015 -22"><span class='ocrx_word' id='word_1_17' title='bbox 525 733 624 788; x_wconf 86' lang='lat' dir='ltr'><strong>dus</strong></span> <span class='ocrx_word' id='word_1_18' title='bbox 653 742 707 788; x_wconf 91' lang='lat' dir='ltr'><strong>et</strong></span> <span class='ocrx_word' id='word_1_19' title='bbox 730 738 977 790; x_wconf 92' lang='lat' dir='ltr'><strong>continua</strong></span> <span class='ocrx_word' id='word_1_20' title='bbox 1021 739 1381 796; x_wconf 73' lang='lat' dir='ltr'><strong>exsultatione</strong></span> <span class='ocrx_word' id='word_1_21' title='bbox 1414 741 1710 800; x_wconf 80' lang='lat' dir='ltr'><strong>laudandus</strong></span> <span class='ocrx_word' id='word_1_22' title='bbox 1740 757 1840 802; x_wconf 89' lang='lat' dir='ltr'><strong>est.</strong></span> <span class='ocrx_word' id='word_1_23' title='bbox 1883 750 2095 808; x_wconf 86' lang='lat' dir='ltr'><strong>Conve-</strong></span> 
     </span>
    </p>
   </div>
   <div class='ocr_carea' id='block_1_5' title="bbox 523 825 2094 910">
    <p class='ocr_par' dir='ltr' id='par_1_5' title="bbox 523 825 2094 910">
     <span class='ocr_line' id='line_1_5' title="bbox 523 825 2094 910; baseline 0.011 -31"><span class='ocrx_word' id='word_1_24' title='bbox 523 825 734 880; x_wconf 74' lang='lat' dir='ltr'><strong>nienter</strong></span> <span class='ocrx_word' id='word_1_25' title='bbox 762 837 935 881; x_wconf 84' lang='lat' dir='ltr'><strong>autem</strong></span> <span class='ocrx_word' id='word_1_26' title='bbox 963 829 1174 896; x_wconf 91' lang='lat' dir='ltr'><strong>dicitur,</strong></span> <span class='ocrx_word' id='word_1_27' title='bbox 1215 832 1626 904; x_wconf 78' lang='lat' dir='ltr'><strong>Redemptionem</strong></span> <span class='ocrx_word' id='word_1_28' title='bbox 1660 840 1813 905; x_wconf 88' lang='lat' dir='ltr'><strong>misit,</strong></span> <span class='ocrx_word' id='word_1_29' title='bbox 1840 844 2094 910; x_wconf 89' lang='lat' dir='ltr'><strong>quoniam</strong></span> 
     </span>
    </p>
   </div>
   <div class='ocr_carea' id='block_1_6' title="bbox 525 914 2094 999">
    <p class='ocr_par' dir='ltr' id='par_1_6' title="bbox 525 914 2094 999">
     <span class='ocr_line' id='line_1_6' title="bbox 525 914 2094 999; baseline 0.015 -33"><span class='ocrx_word' id='word_1_30' title='bbox 525 914 626 969; x_wconf 87' lang='lat' dir='ltr'><strong>hoc</strong></span> <span class='ocrx_word' id='word_1_31' title='bbox 646 916 962 972; x_wconf 83' lang='lat' dir='ltr'><strong>videbantur</strong></span> <span class='ocrx_word' id='word_1_32' title='bbox 991 920 1230 990; x_wconf 79' lang='lat' dir='ltr'><strong>indigere</strong></span> <span class='ocrx_word' id='word_1_33' title='bbox 1251 926 1465 992; x_wconf 86' lang='lat' dir='ltr'><strong>captivi.</strong></span> <span class='ocrx_word' id='word_1_34' title='bbox 1488 927 1592 982; x_wconf 88' lang='lat' dir='ltr'><strong>Sed</strong></span> <span class='ocrx_word' id='word_1_35' title='bbox 1620 929 1724 984; x_wconf 86' lang='lat' dir='ltr'><strong>tale</strong></span> <span class='ocrx_word' id='word_1_36' title='bbox 1749 935 1970 999; x_wconf 90' lang='lat' dir='ltr'><strong>pretium</strong></span> <span class='ocrx_word' id='word_1_37' title='bbox 1995 933 2094 989; x_wconf 85' lang='lat' dir='ltr'><strong>fuit</strong></span> 
     </span>
    </p>
   </div>
   <div class='ocr_carea' id='block_1_7' title="bbox 524 1005 2091 1086">
    <p class='ocr_par' dir='ltr' id='par_1_7' title="bbox 524 1005 2091 1086">
     <span class='ocr_line' id='line_1_7' title="bbox 524 1005 2091 1086; baseline 0.016 -32"><span class='ocrx_word' id='word_1_38' title='bbox 524 1005 664 1072; x_wconf 85' lang='lat' dir='ltr'><strong>quod</strong></span> <span class='ocrx_word' id='word_1_39' title='bbox 700 1017 952 1076; x_wconf 83' lang='lat' dir='ltr'><strong>tyrannus</strong></span> <span class='ocrx_word' id='word_1_40' title='bbox 982 1024 1086 1064; x_wconf 91' lang='lat' dir='ltr'><strong>non</strong></span> <span class='ocrx_word' id='word_1_41' title='bbox 1127 1024 1384 1081; x_wconf 89' lang='lat' dir='ltr'><strong>sumeret,</strong></span> <span class='ocrx_word' id='word_1_42' title='bbox 1419 1017 1512 1070; x_wconf 90' lang='lat' dir='ltr'><strong>sed</strong></span> <span class='ocrx_word' id='word_1_43' title='bbox 1543 1017 1633 1072; x_wconf 91' lang='lat' dir='ltr'><strong>ille</strong></span> <span class='ocrx_word' id='word_1_44' title='bbox 1661 1020 1750 1086; x_wconf 90' lang='lat' dir='ltr'><strong>qui</strong></span> <span class='ocrx_word' id='word_1_45' title='bbox 1777 1021 2091 1084; x_wconf 84' lang='lat' dir='ltr'><strong>absolveba-</strong></span> 
     </span>
    </p>
   </div>
   <div class='ocr_carea' id='block_1_8' title="bbox 524 1096 2094 1180">
    <p class='ocr_par' dir='ltr' id='par_1_8' title="bbox 524 1096 2094 1180">
     <span class='ocr_line' id='line_1_8' title="bbox 524 1096 2094 1180; baseline 0.012 -34"><span class='ocrx_word' id='word_1_46' title='bbox 524 1102 610 1146; x_wconf 90' lang='lat' dir='ltr'><strong>tur</strong></span> <span class='ocrx_word' id='word_1_47' title='bbox 643 1096 927 1164; x_wconf 90' lang='lat' dir='ltr'><strong>acciperet.</strong></span> <span class='ocrx_word' id='word_1_48' title='bbox 990 1098 1247 1153; x_wconf 88' lang='lat' dir='ltr'><strong>Lucratus</strong></span> <span class='ocrx_word' id='word_1_49' title='bbox 1299 1113 1383 1156; x_wconf 89' lang='lat' dir='ltr'><strong>est</strong></span> <span class='ocrx_word' id='word_1_50' title='bbox 1420 1107 1662 1172; x_wconf 89' lang='lat' dir='ltr'><strong>captivus</strong></span> <span class='ocrx_word' id='word_1_51' title='bbox 1700 1111 2094 1180; x_wconf 81' lang='lat' dir='ltr'><strong>redemptionem</strong></span> 
     </span>
    </p>
   </div>
   <div class='ocr_carea' id='block_1_9' title="bbox 524 1187 2094 1268">
    <p class='ocr_par' dir='ltr' id='par_1_9' title="bbox 524 1187 2094 1268">
     <span class='ocr_line' id='line_1_9' title="bbox 524 1187 2094 1268; baseline 0.013 -30"><span class='ocrx_word' id='word_1_52' title='bbox 524 1199 697 1251; x_wconf 88' lang='lat' dir='ltr'><strong>suam,</strong></span> <span class='ocrx_word' id='word_1_53' title='bbox 754 1197 806 1240; x_wconf 92' lang='lat' dir='ltr'><strong>et</strong></span> <span class='ocrx_word' id='word_1_54' title='bbox 853 1187 966 1255; x_wconf 89' lang='lat' dir='ltr'><strong>ipse</strong></span> <span class='ocrx_word' id='word_1_55' title='bbox 996 1199 1077 1243; x_wconf 90' lang='lat' dir='ltr'><strong>est</strong></span> <span class='ocrx_word' id='word_1_56' title='bbox 1107 1191 1272 1260; x_wconf 80' lang='lat' dir='ltr'><strong>magis</strong></span> <span class='ocrx_word' id='word_1_57' title='bbox 1320 1194 1442 1247; x_wconf 91' lang='lat' dir='ltr'><strong>inde</strong></span> <span class='ocrx_word' id='word_1_58' title='bbox 1473 1195 1671 1251; x_wconf 85' lang='lat' dir='ltr'><strong>ditatus</strong></span> <span class='ocrx_word' id='word_1_59' title='bbox 1701 1200 1788 1268; x_wconf 88' lang='lat' dir='ltr'><strong>qui</strong></span> <span class='ocrx_word' id='word_1_60' title='bbox 1817 1203 2094 1258; x_wconf 89' lang='lat' dir='ltr'><strong>tenebatur</strong></span> 
     </span>
    </p>
   </div>
   <div class='ocr_carea' id='block_1_10' title="bbox 523 1276 2090 1362">
    <p class='ocr_par' dir='ltr' id='par_1_10' title="bbox 523 1276 2090 1362">
     <span class='ocr_line' id='line_1_10' title="bbox 523 1276 2090 1362; baseline 0.011 -32"><span class='ocrx_word' id='word_1_61' title='bbox 523 1276 800 1334; x_wconf 87' lang='lat' dir='ltr'><strong>obnoxius.</strong></span> <span class='ocrx_word' id='word_1_62' title='bbox 831 1279 1101 1348; x_wconf 87' lang='lat' dir='ltr'><strong>Sequitur,</strong></span> <span class='ocrx_word' id='word_1_63' title='bbox 1121 1283 1376 1336; x_wconf 80' lang='lat' dir='ltr'><strong>mandavit</strong></span> <span class='ocrx_word' id='word_1_64' title='bbox 1405 1286 1456 1338; x_wconf 88' lang='lat' dir='ltr'><strong>in</strong></span> <span class='ocrx_word' id='word_1_65' title='bbox 1481 1296 1726 1340; x_wconf 75' lang='lat' dir='ltr'><strong>teter-num</strong></span> <span class='ocrx_word' id='word_1_66' title='bbox 1743 1298 2090 1362; x_wconf 80' lang='lat' dir='ltr'><strong>testqmentum</strong></span> 
     </span>
    </p>
   </div>
   <div class='ocr_carea' id='block_1_11' title="bbox 522 1367 2091 1448">
    <p class='ocr_par' dir='ltr' id='par_1_11' title="bbox 522 1367 2091 1448">
     <span class='ocr_line' id='line_1_11' title="bbox 522 1367 2091 1448; baseline 0.011 -29"><span class='ocrx_word' id='word_1_67' title='bbox 522 1383 689 1421; x_wconf 86' lang='lat' dir='ltr'><strong>suum.</strong></span> <span class='ocrx_word' id='word_1_68' title='bbox 715 1367 965 1424; x_wconf 77' lang='lat' dir='ltr'><strong>Mandare</strong></span> <span class='ocrx_word' id='word_1_69' title='bbox 990 1371 1236 1437; x_wconf 84' lang='lat' dir='ltr'><strong>dicimus,</strong></span> <span class='ocrx_word' id='word_1_70' title='bbox 1263 1376 1569 1430; x_wconf 86' lang='lat' dir='ltr'><strong>absentibus</strong></span> <span class='ocrx_word' id='word_1_71' title='bbox 1591 1380 1750 1434; x_wconf 89' lang='lat' dir='ltr'><strong>verba</strong></span> <span class='ocrx_word' id='word_1_72' title='bbox 1775 1396 1869 1448; x_wconf 88' lang='lat' dir='ltr'><strong>per</strong></span> <span class='ocrx_word' id='word_1_73' title='bbox 1889 1383 2091 1438; x_wconf 87' lang='lat' dir='ltr'><strong>medias</strong></span> 
     </span>
    </p>
   </div>
   <div class='ocr_carea' id='block_1_12' title="bbox 521 1455 2088 1539">
    <p class='ocr_par' dir='ltr' id='par_1_12' title="bbox 521 1455 2088 1539">
     <span class='ocr_line' id='line_1_12' title="bbox 521 1455 2088 1539; baseline 0.012 -30"><span class='ocrx_word' id='word_1_74' title='bbox 521 1455 788 1512; x_wconf 88' lang='lat' dir='ltr'><strong>destinare</strong></span> <span class='ocrx_word' id='word_1_75' title='bbox 828 1473 1102 1526; x_wconf 87' lang='lat' dir='ltr'><strong>personas.</strong></span> <span class='ocrx_word' id='word_1_76' title='bbox 1159 1463 1309 1529; x_wconf 84' lang='lat' dir='ltr'><strong>Quod</strong></span> <span class='ocrx_word' id='word_1_77' title='bbox 1350 1462 1542 1519; x_wconf 77' lang='lat' dir='ltr'><strong>factum</strong></span> <span class='ocrx_word' id='word_1_78' title='bbox 1586 1477 1823 1535; x_wconf 87' lang='lat' dir='ltr'><strong>constat,</strong></span> <span class='ocrx_word' id='word_1_79' title='bbox 1877 1473 2088 1539; x_wconf 88' lang='lat' dir='ltr'><strong>quando</strong></span> 
     </span>
    </p>
   </div>
   <div class='ocr_carea' id='block_1_13' title="bbox 520 1543 2090 1631">
    <p class='ocr_par' dir='ltr' id='par_1_13' title="bbox 520 1543 2090 1631">
     <span class='ocr_line' id='line_1_13' title="bbox 520 1543 2090 1631; baseline 0.013 -31"><span class='ocrx_word' id='word_1_80' title='bbox 520 1543 894 1602; x_wconf 76' lang='lat' dir='ltr'><strong>Testamentum</strong></span> <span class='ocrx_word' id='word_1_81' title='bbox 923 1551 1124 1606; x_wconf 81' lang='lat' dir='ltr'><strong>Novum</strong></span> <span class='ocrx_word' id='word_1_82' title='bbox 1151 1568 1246 1622; x_wconf 89' lang='lat' dir='ltr'><strong>per</strong></span> <span class='ocrx_word' id='word_1_83' title='bbox 1267 1558 1536 1624; x_wconf 84' lang='lat' dir='ltr'><strong>apostolos</strong></span> <span class='ocrx_word' id='word_1_84' title='bbox 1557 1567 1716 1627; x_wconf 89' lang='lat' dir='ltr'><strong>atque</strong></span> <span class='ocrx_word' id='word_1_85' title='bbox 1737 1564 2090 1631; x_wconf 85' lang='lat' dir='ltr'><strong>evangelistas</strong></span> 
     </span>
    </p>
   </div>
   <div class='ocr_carea' id='block_1_14' title="bbox 519 1640 2089 1712">
    <p class='ocr_par' dir='ltr' id='par_1_14' title="bbox 519 1640 2089 1712">
     <span class='ocr_line' id='line_1_14' title="bbox 519 1640 2089 1712; baseline 0.012 -20"><span class='ocrx_word' id='word_1_86' title='bbox 519 1652 645 1692; x_wconf 84' lang='lat' dir='ltr'><strong>suos</strong></span> <span class='ocrx_word' id='word_1_87' title='bbox 689 1640 980 1694; x_wconf 86' lang='lat' dir='ltr'><strong>transmisit</strong></span> <span class='ocrx_word' id='word_1_88' title='bbox 1006 1641 1071 1695; x_wconf 87' lang='lat' dir='ltr'><strong>ad</strong></span> <span class='ocrx_word' id='word_1_89' title='bbox 1115 1653 1318 1711; x_wconf 86' lang='lat' dir='ltr'><strong>gentes.</strong></span> <span class='ocrx_word' id='word_1_90' title='bbox 1353 1645 1418 1699; x_wconf 86' lang='lat' dir='ltr'><strong>In</strong></span> <span class='ocrx_word' id='word_1_91' title='bbox 1448 1659 1693 1702; x_wconf 64' lang='lat' dir='ltr'><strong>(sternunt</strong></span> <span class='ocrx_word' id='word_1_92' title='bbox 1728 1662 1904 1706; x_wconf 89' lang='lat' dir='ltr'><strong>autem</strong></span> <span class='ocrx_word' id='word_1_93' title='bbox 1943 1665 2089 1712; x_wconf 89' lang='lat' dir='ltr'><strong>recte</strong></span> 
     </span>
    </p>
   </div>
   <div class='ocr_carea' id='block_1_15' title="bbox 519 1728 2088 1815">
    <p class='ocr_par' dir='ltr' id='par_1_15' title="bbox 519 1728 2088 1815">
     <span class='ocr_line' id='line_1_15' title="bbox 519 1728 2088 1815; baseline 0.015 -33"><span class='ocrx_word' id='word_1_94' title='bbox 519 1728 730 1795; x_wconf 90' lang='lat' dir='ltr'><strong>dicitur,</strong></span> <span class='ocrx_word' id='word_1_95' title='bbox 759 1733 880 1801; x_wconf 89' lang='lat' dir='ltr'><strong>quia</strong></span> <span class='ocrx_word' id='word_1_96' title='bbox 912 1734 1112 1788; x_wconf 90' lang='lat' dir='ltr'><strong>nullum</strong></span> <span class='ocrx_word' id='word_1_97' title='bbox 1138 1737 1212 1790; x_wconf 92' lang='lat' dir='ltr'><strong>illi</strong></span> <span class='ocrx_word' id='word_1_98' title='bbox 1255 1739 1396 1794; x_wconf 90' lang='lat' dir='ltr'><strong>aliud</strong></span> <span class='ocrx_word' id='word_1_99' title='bbox 1426 1756 1796 1799; x_wconf 89' lang='lat' dir='ltr'><strong>successurum</strong></span> <span class='ocrx_word' id='word_1_100' title='bbox 1825 1747 2088 1815; x_wconf 81' lang='lat' dir='ltr'><strong>signiﬁca-</strong></span> 
     </span>
    </p>
   </div>
   <div class='ocr_carea' id='block_1_16' title="bbox 1718 364 2547 432">
    <p class='ocr_par' dir='ltr' id='par_1_16' title="bbox 1718 364 2547 432">
     <span class='ocr_line' id='line_1_16' title="bbox 1718 364 2547 432; baseline 0.013 -13"><span class='ocrx_word' id='word_1_101' title='bbox 1718 364 1786 420; x_wconf 79' lang='grc' dir='ltr'><strong>Μ.</strong></span> <span class='ocrx_word' id='word_1_102' title='bbox 1827 365 2106 424; x_wconf 79' lang='lat' dir='ltr'><strong>AUllELll</strong></span> <span class='ocrx_word' id='word_1_103' title='bbox 2143 371 2547 432; x_wconf 80' lang='lat' dir='ltr'><strong>CASSIODORI</strong></span> 
     </span>
    </p>
   </div>
   <div class='ocr_carea' id='block_1_17' title="bbox 528 464 2173 544">
    <p class='ocr_par' dir='ltr' id='par_1_17' title="bbox 528 464 2173 544">
     <span class='ocr_line' id='line_1_17' title="bbox 528 464 2173 544; baseline 0.013 -28"><span class='ocrx_word' id='word_1_104' title='bbox 528 466 658 532; x_wconf 79' lang='lat' dir='ltr'><strong>ejus.</strong></span> <span class='ocrx_word' id='word_1_105' title='bbox 702 464 991 522; x_wconf 81' lang='lat' dir='ltr'><strong>Audiamus</strong></span> <span class='ocrx_word' id='word_1_106' title='bbox 1022 469 1218 538; x_wconf 86' lang='lat' dir='ltr'><strong>reliqua</strong></span> <span class='ocrx_word' id='word_1_107' title='bbox 1265 484 1382 539; x_wconf 70' lang='lat' dir='ltr'><strong>qua:</strong></span> <span class='ocrx_word' id='word_1_108' title='bbox 1412 485 1725 542; x_wconf 87' lang='lat' dir='ltr'><strong>sequuntur.</strong></span> <span class='ocrx_word' id='word_1_109' title='bbox 1774 478 2093 537; x_wconf 85' lang='lat' dir='ltr'><strong>Perventum</strong></span> <span class='ocrx_word' id='word_1_110' title='bbox 2123 489 2173 544; x_wconf 82' lang='grc' dir='ltr'>Α</span> 
     </span>
    </p>
   </div>
   <div class='ocr_carea' id='block_1_18' title="bbox 3674 384 3776 444">
    <p class='ocr_par' dir='ltr' id='par_1_18' title="bbox 3674 384 3776 444">
     <span class='ocr_line' id='line_1_18' title="bbox 3674 384 3776 444; baseline 0.02 -2"><span class='ocrx_word' id='word_1_111' title='bbox 3674 384 3776 444; x_wconf 72' lang='grc' dir='ltr'><strong>8ὕᾶ</strong></span> 
     </span>
    </p>
   </div>
   <div class='ocr_carea' id='block_1_19' title="bbox 2723 491 3237 564">
    <p class='ocr_par' dir='ltr' id='par_1_19' title="bbox 2723 491 3237 564">
     <span class='ocr_line' id='line_1_19' title="bbox 2723 491 3237 564; baseline 0.01 -18"><span class='ocrx_word' id='word_1_112' title='bbox 2723 491 2994 547; x_wconf 74' lang='lat' dir='ltr'><strong>Conclusio</strong></span> <span class='ocrx_word' id='word_1_113' title='bbox 3031 495 3237 564; x_wconf 88' lang='lat' dir='ltr'><strong>psalmi.</strong></span> 
     </span>
    </p>
   </div>
   <div class='ocr_carea' id='block_1_20' title="bbox 2270 575 3766 655">
    <p class='ocr_par' dir='ltr' id='par_1_20' title="bbox 2270 575 3766 655">
     <span class='ocr_line' id='line_1_20' title="bbox 2270 575 3766 655; baseline 0.013 -28"><span class='ocrx_word' id='word_1_114' title='bbox 2270 575 2436 640; x_wconf 86' lang='lat' dir='ltr'><strong>Quam</strong></span> <span class='ocrx_word' id='word_1_115' title='bbox 2491 578 2627 634; x_wconf 88' lang='lat' dir='ltr'><strong>bene</strong></span> <span class='ocrx_word' id='word_1_116' title='bbox 2659 580 3000 639; x_wconf 80' lang='lat' dir='ltr'><strong>ﬁdelissimus</strong></span> <span class='ocrx_word' id='word_1_117' title='bbox 3031 587 3255 655; x_wconf 88' lang='lat' dir='ltr'><strong>populus</strong></span> <span class='ocrx_word' id='word_1_118' title='bbox 3285 585 3388 642; x_wconf 86' lang='lat' dir='ltr'><strong>iste</strong></span> <span class='ocrx_word' id='word_1_119' title='bbox 3417 587 3628 644; x_wconf 69' lang='lat' dir='ltr'><strong>laetatus</strong></span> <span class='ocrx_word' id='word_1_120' title='bbox 3654 596 3766 647; x_wconf 86' lang='lat' dir='ltr'><strong>est!</strong></span> 
     </span>
    </p>
   </div>
   <div class='ocr_carea' id='block_1_21' title="bbox 2199 666 3771 747">
    <p class='ocr_par' dir='ltr' id='par_1_21' title="bbox 2199 666 3771 747">
     <span class='ocr_line' id='line_1_21' title="bbox 2199 666 3771 747; baseline 0.012 -27"><span class='ocrx_word' id='word_1_121' title='bbox 2199 666 2321 720; x_wconf 89' lang='lat' dir='ltr'><strong>Fuit</strong></span> <span class='ocrx_word' id='word_1_122' title='bbox 2343 679 2394 722; x_wconf 89' lang='lat' dir='ltr'><strong>et</strong></span> <span class='ocrx_word' id='word_1_123' title='bbox 2421 679 2657 725; x_wconf 90' lang='lat' dir='ltr'><strong>nostrum</strong></span> <span class='ocrx_word' id='word_1_124' title='bbox 2677 675 2923 742; x_wconf 80' lang='lat' dir='ltr'><strong>gaudium</strong></span> <span class='ocrx_word' id='word_1_125' title='bbox 2945 676 3129 731; x_wconf 90' lang='lat' dir='ltr'><strong>audire</strong></span> <span class='ocrx_word' id='word_1_126' title='bbox 3150 679 3488 747; x_wconf 80' lang='lat' dir='ltr'><strong>gaudentem.</strong></span> <span class='ocrx_word' id='word_1_127' title='bbox 3511 679 3771 739; x_wconf 81' lang='lat' dir='ltr'><strong>Alacritas</strong></span> 
     </span>
    </p>
   </div>
   <div class='ocr_carea' id='block_1_22' title="bbox 2196 758 3767 839">
    <p class='ocr_par' dir='ltr' id='par_1_22' title="bbox 2196 758 3767 839">
     <span class='ocr_line' id='line_1_22' title="bbox 2196 758 3767 839; baseline 0.01 -29"><span class='ocrx_word' id='word_1_128' title='bbox 2196 758 2334 810; x_wconf 88' lang='lat' dir='ltr'><strong>enim</strong></span> <span class='ocrx_word' id='word_1_129' title='bbox 2368 762 2562 814; x_wconf 83' lang='lat' dir='ltr'><strong>mentis</strong></span> <span class='ocrx_word' id='word_1_130' title='bbox 2590 771 2830 830; x_wconf 77' lang='lat' dir='ltr'><strong>augetur,</strong></span> <span class='ocrx_word' id='word_1_131' title='bbox 2850 766 3062 832; x_wconf 89' lang='lat' dir='ltr'><strong>quando</strong></span> <span class='ocrx_word' id='word_1_132' title='bbox 3090 768 3306 822; x_wconf 75' lang='lat' dir='ltr'><strong>alterius</strong></span> <span class='ocrx_word' id='word_1_133' title='bbox 3333 767 3564 824; x_wconf 65' lang='lat' dir='ltr'><strong>laetantis</strong></span> <span class='ocrx_word' id='word_1_134' title='bbox 3594 772 3767 839; x_wconf 49' lang='lat' dir='ltr'><strong>prola‘</strong></span> 
     </span>
    </p>
   </div>
   <div class='ocr_carea' id='block_1_23' title="bbox 2197 850 3769 930">
    <p class='ocr_par' dir='ltr' id='par_1_23' title="bbox 2197 850 3769 930">
     <span class='ocr_line' id='line_1_23' title="bbox 2197 850 3769 930; baseline 0.011 -31"><span class='ocrx_word' id='word_1_135' title='bbox 2197 857 2246 900; x_wconf 75' lang='grc' dir='ltr'>ω</span> <span class='ocrx_word' id='word_1_136' title='bbox 2293 850 2450 904; x_wconf 87' lang='lat' dir='ltr'><strong>verba</strong></span> <span class='ocrx_word' id='word_1_137' title='bbox 2489 854 2722 906; x_wconf 84' lang='lat' dir='ltr'><strong>suaviter</strong></span> <span class='ocrx_word' id='word_1_138' title='bbox 2765 854 3103 910; x_wconf 89' lang='lat' dir='ltr'><strong>hauriuntur.</strong></span> <span class='ocrx_word' id='word_1_139' title='bbox 3136 857 3242 912; x_wconf 87' lang='lat' dir='ltr'><strong>Sed</strong></span> <span class='ocrx_word' id='word_1_140' title='bbox 3275 873 3374 913; x_wconf 89' lang='lat' dir='ltr'><strong>nec</strong></span> <span class='ocrx_word' id='word_1_141' title='bbox 3410 859 3514 913; x_wconf 88' lang='lat' dir='ltr'><strong>hoc</strong></span> <span class='ocrx_word' id='word_1_142' title='bbox 3557 874 3769 930; x_wconf 84' lang='lat' dir='ltr'><strong>quoque</strong></span> 
     </span>
    </p>
   </div>
   <div class='ocr_carea' id='block_1_24' title="bbox 2195 943 3762 1020">
    <p class='ocr_par' dir='ltr' id='par_1_24' title="bbox 2195 943 3762 1020">
     <span class='ocr_line' id='line_1_24' title="bbox 2195 943 3762 1020; baseline 0.008 -28"><span class='ocrx_word' id='word_1_143' title='bbox 2195 947 2408 1006; x_wconf 83' lang='lat' dir='ltr'><strong>putetur</strong></span> <span class='ocrx_word' id='word_1_144' title='bbox 2428 943 2679 1008; x_wconf 86' lang='lat' dir='ltr'><strong>otiosum,</strong></span> <span class='ocrx_word' id='word_1_145' title='bbox 2704 944 2843 1012; x_wconf 91' lang='lat' dir='ltr'><strong>quod</strong></span> <span class='ocrx_word' id='word_1_146' title='bbox 2877 955 2995 1014; x_wconf 90' lang='lat' dir='ltr'><strong>post</strong></span> <span class='ocrx_word' id='word_1_147' title='bbox 3022 947 3370 1002; x_wconf 89' lang='lat' dir='ltr'><strong>centesimum</strong></span> <span class='ocrx_word' id='word_1_148' title='bbox 3402 963 3604 1004; x_wconf 88' lang='lat' dir='ltr'><strong>nonum</strong></span> <span class='ocrx_word' id='word_1_149' title='bbox 3627 945 3762 1020; x_wconf 85' lang='lat' dir='ltr'><strong>psal-</strong></span> 
     </span>
    </p>
   </div>
   <div class='ocr_carea' id='block_1_25' title="bbox 2195 1031 3766 1097">
    <p class='ocr_par' dir='ltr' id='par_1_25' title="bbox 2195 1031 3766 1097">
     <span class='ocr_line' id='line_1_25' title="bbox 2195 1031 3766 1097; baseline 0.01 -17"><span class='ocrx_word' id='word_1_150' title='bbox 2195 1043 2338 1082; x_wconf 86' lang='lat' dir='ltr'><strong>mum</strong></span> <span class='ocrx_word' id='word_1_151' title='bbox 2367 1031 2480 1084; x_wconf 85' lang='lat' dir='ltr'><strong>haec</strong></span> <span class='ocrx_word' id='word_1_152' title='bbox 2505 1032 2792 1088; x_wconf 80' lang='lat' dir='ltr'><strong>exsultatio</strong></span> <span class='ocrx_word' id='word_1_153' title='bbox 2821 1035 3056 1090; x_wconf 91' lang='lat' dir='ltr'><strong>ﬁdelium</strong></span> <span class='ocrx_word' id='word_1_154' title='bbox 3083 1038 3174 1092; x_wconf 90' lang='lat' dir='ltr'><strong>tali</strong></span> <span class='ocrx_word' id='word_1_155' title='bbox 3201 1053 3424 1094; x_wconf 89' lang='lat' dir='ltr'><strong>numero</strong></span> <span class='ocrx_word' id='word_1_156' title='bbox 3453 1041 3766 1097; x_wconf 84' lang='lat' dir='ltr'><strong>collocatur.</strong></span> 
     </span>
    </p>
   </div>
   <div class='ocr_carea' id='block_1_26' title="bbox 2197 1117 3766 1199">
    <p class='ocr_par' dir='ltr' id='par_1_26' title="bbox 2197 1117 3766 1199">
     <span class='ocr_line' id='line_1_26' title="bbox 2197 1117 3766 1199; baseline 0.008 -28"><span class='ocrx_word' id='word_1_157' title='bbox 2197 1117 2418 1189; x_wconf 80' lang='lat' dir='ltr'><strong>Respice</strong></span> <span class='ocrx_word' id='word_1_158' title='bbox 2438 1123 2578 1176; x_wconf 90' lang='lat' dir='ltr'><strong>enim</strong></span> <span class='ocrx_word' id='word_1_159' title='bbox 2609 1123 2942 1180; x_wconf 89' lang='lat' dir='ltr'><strong>dulcedinem</strong></span> <span class='ocrx_word' id='word_1_160' title='bbox 2963 1130 3412 1199; x_wconf 81' lang='lat' dir='ltr'><strong>securitatemque</strong></span> <span class='ocrx_word' id='word_1_161' title='bbox 3439 1131 3766 1196; x_wconf 86' lang='lat' dir='ltr'><strong>canentium,</strong></span> 
     </span>
    </p>
   </div>
   <div class='ocr_carea' id='block_1_27' title="bbox 2194 1212 3762 1290">
    <p class='ocr_par' dir='ltr' id='par_1_27' title="bbox 2194 1212 3762 1290">
     <span class='ocr_line' id='line_1_27' title="bbox 2194 1212 3762 1290; baseline 0.01 -27"><span class='ocrx_word' id='word_1_162' title='bbox 2194 1218 2248 1263; x_wconf 91' lang='lat' dir='ltr'><strong>et</strong></span> <span class='ocrx_word' id='word_1_163' title='bbox 2276 1212 2514 1268; x_wconf 82' lang='lat' dir='ltr'><strong>invenies</strong></span> <span class='ocrx_word' id='word_1_164' title='bbox 2541 1214 2626 1268; x_wconf 90' lang='lat' dir='ltr'><strong>hic</strong></span> <span class='ocrx_word' id='word_1_165' title='bbox 2657 1216 2938 1286; x_wconf 79' lang='lat' dir='ltr'><strong>imaginem</strong></span> <span class='ocrx_word' id='word_1_166' title='bbox 2977 1218 3116 1274; x_wconf 91' lang='lat' dir='ltr'><strong>illius</strong></span> <span class='ocrx_word' id='word_1_167' title='bbox 3146 1221 3347 1289; x_wconf 69' lang='lat' dir='ltr'><strong>praemii</strong></span> <span class='ocrx_word' id='word_1_168' title='bbox 3380 1223 3762 1290; x_wconf 81' lang='lat' dir='ltr'><strong>contributam,</strong></span> 
     </span>
    </p>
   </div>
   <div class='ocr_carea' id='block_1_28' title="bbox 2193 1306 3764 1384">
    <p class='ocr_par' dir='ltr' id='par_1_28' title="bbox 2193 1306 3764 1384">
     <span class='ocr_line' id='line_1_28' title="bbox 2193 1306 3764 1384; baseline 0.01 -30"><span class='ocrx_word' id='word_1_169' title='bbox 2193 1319 2349 1372; x_wconf 91' lang='lat' dir='ltr'><strong>quam</strong></span> <span class='ocrx_word' id='word_1_170' title='bbox 2375 1306 2631 1374; x_wconf 85' lang='lat' dir='ltr'><strong>operariis</strong></span> <span class='ocrx_word' id='word_1_171' title='bbox 2654 1307 2704 1361; x_wconf 93' lang='lat' dir='ltr'><strong>iu</strong></span> <span class='ocrx_word' id='word_1_172' title='bbox 2726 1307 3010 1375; x_wconf 82' lang='lat' dir='ltr'><strong>Evangelio</strong></span> <span class='ocrx_word' id='word_1_173' title='bbox 3033 1311 3288 1366; x_wconf 82' lang='lat' dir='ltr'><strong>Dominus</strong></span> <span class='ocrx_word' id='word_1_174' title='bbox 3312 1313 3614 1381; x_wconf 90' lang='lat' dir='ltr'><strong>pollicetur,</strong></span> <span class='ocrx_word' id='word_1_175' title='bbox 3637 1329 3764 1384; x_wconf 85' lang='lat' dir='ltr'><strong>quos</strong></span> 
     </span>
    </p>
   </div>
   <div class='ocr_carea' id='block_1_29' title="bbox 2193 1394 3760 1460">
    <p class='ocr_par' dir='ltr' id='par_1_29' title="bbox 2193 1394 3760 1460">
     <span class='ocr_line' id='line_1_29' title="bbox 2193 1394 3760 1460; baseline 0.008 -13"><span class='ocrx_word' id='word_1_176' title='bbox 2193 1394 2258 1447; x_wconf 91' lang='lat' dir='ltr'><strong>ad</strong></span> <span class='ocrx_word' id='word_1_177' title='bbox 2290 1395 2522 1450; x_wconf 86' lang='lat' dir='ltr'><strong>laborem</strong></span> <span class='ocrx_word' id='word_1_178' title='bbox 2555 1399 2723 1454; x_wconf 79' lang='lat' dir='ltr'><strong>vinea:</strong></span> <span class='ocrx_word' id='word_1_179' title='bbox 2751 1401 3045 1455; x_wconf 88' lang='lat' dir='ltr'><strong>vocationis</strong></span> <span class='ocrx_word' id='word_1_180' title='bbox 3083 1415 3196 1457; x_wconf 67' lang='lat' dir='ltr'><strong>suae</strong></span> <span class='ocrx_word' id='word_1_181' title='bbox 3237 1404 3554 1460; x_wconf 87' lang='lat' dir='ltr'><strong>muneribus</strong></span> <span class='ocrx_word' id='word_1_182' title='bbox 3581 1406 3760 1459; x_wconf 80' lang='lat' dir='ltr'><strong>invita-</strong></span> 
     </span>
    </p>
   </div>
   <div class='ocr_carea' id='block_1_30' title="bbox 2192 1490 3758 1566">
    <p class='ocr_par' dir='ltr' id='par_1_30' title="bbox 2192 1490 3758 1566">
     <span class='ocr_line' id='line_1_30' title="bbox 2192 1490 3758 1566; baseline 0.008 -25"><span class='ocrx_word' id='word_1_183' title='bbox 2192 1490 2287 1542; x_wconf 91' lang='lat' dir='ltr'><strong>vit.</strong></span> <span class='ocrx_word' id='word_1_184' title='bbox 2339 1490 2456 1558; x_wconf 91' lang='lat' dir='ltr'><strong>lpse</strong></span> <span class='ocrx_word' id='word_1_185' title='bbox 2485 1501 2566 1546; x_wconf 88' lang='lat' dir='ltr'><strong>est</strong></span> <span class='ocrx_word' id='word_1_186' title='bbox 2605 1494 2746 1547; x_wconf 90' lang='lat' dir='ltr'><strong>enim</strong></span> <span class='ocrx_word' id='word_1_187' title='bbox 2778 1495 3030 1551; x_wconf 84' lang='lat' dir='ltr'><strong>denarius</strong></span> <span class='ocrx_word' id='word_1_188' title='bbox 3054 1495 3144 1566; x_wconf 92' lang='lat' dir='ltr'><strong>qui</strong></span> <span class='ocrx_word' id='word_1_189' title='bbox 3169 1505 3222 1550; x_wconf 90' lang='lat' dir='ltr'><strong>et</strong></span> <span class='ocrx_word' id='word_1_190' title='bbox 3251 1512 3404 1551; x_wconf 88' lang='lat' dir='ltr'><strong>mane</strong></span> <span class='ocrx_word' id='word_1_191' title='bbox 3443 1507 3500 1552; x_wconf 88' lang='lat' dir='ltr'><strong>et</strong></span> <span class='ocrx_word' id='word_1_192' title='bbox 3525 1513 3643 1552; x_wconf 87' lang='lat' dir='ltr'><strong>sero</strong></span> <span class='ocrx_word' id='word_1_193' title='bbox 3667 1513 3758 1553; x_wconf 60' lang='lat' dir='ltr'><strong>re-</strong></span> 
     </span>
    </p>
   </div>
   <div class='ocr_carea' id='block_1_31' title="bbox 2192 1580 3759 1655">
    <p class='ocr_par' dir='ltr' id='par_1_31' title="bbox 2192 1580 3759 1655">
     <span class='ocr_line' id='line_1_31' title="bbox 2192 1580 3759 1655; baseline 0.006 -23"><span class='ocrx_word' id='word_1_194' title='bbox 2192 1580 2458 1635; x_wconf 78' lang='lat' dir='ltr'><strong>aientibus</strong></span> <span class='ocrx_word' id='word_1_195' title='bbox 2496 1582 2725 1638; x_wconf 88' lang='lat' dir='ltr'><strong>dabitur.</strong></span> <span class='ocrx_word' id='word_1_196' title='bbox 2761 1584 3038 1650; x_wconf 87' lang='lat' dir='ltr'><strong>Deuarius,</strong></span> <span class='ocrx_word' id='word_1_197' title='bbox 3065 1587 3314 1655; x_wconf 90' lang='lat' dir='ltr'><strong>quoniam</strong></span> <span class='ocrx_word' id='word_1_198' title='bbox 3345 1589 3622 1642; x_wconf 88' lang='lat' dir='ltr'><strong>coronalis</strong></span> <span class='ocrx_word' id='word_1_199' title='bbox 3638 1600 3715 1644; x_wconf 90' lang='lat' dir='ltr'><strong>est</strong></span> <span class='ocrx_word' id='word_1_200' title='bbox 3743 1608 3759 1653; x_wconf 85' lang='lat'><strong>;</strong></span> 
     </span>
    </p>
   </div>
   <div class='ocr_carea' id='block_1_32' title="bbox 2190 1672 3762 1741">
    <p class='ocr_par' dir='ltr' id='par_1_32' title="bbox 2190 1672 3762 1741">
     <span class='ocr_line' id='line_1_32' title="bbox 2190 1672 3762 1741; baseline 0.004 -17"><span class='ocrx_word' id='word_1_201' title='bbox 2190 1686 2351 1733; x_wconf 90' lang='lat' dir='ltr'><strong>unus,</strong></span> <span class='ocrx_word' id='word_1_202' title='bbox 2373 1673 2494 1741; x_wconf 90' lang='lat' dir='ltr'><strong>quia</strong></span> <span class='ocrx_word' id='word_1_203' title='bbox 2514 1672 2671 1727; x_wconf 83' lang='lat' dir='ltr'><strong>tinem</strong></span> <span class='ocrx_word' id='word_1_204' title='bbox 2695 1673 2906 1740; x_wconf 75' lang='lat' dir='ltr'><strong>penitus</strong></span> <span class='ocrx_word' id='word_1_205' title='bbox 2929 1690 3031 1728; x_wconf 90' lang='lat' dir='ltr'><strong>non</strong></span> <span class='ocrx_word' id='word_1_206' title='bbox 3057 1675 3292 1730; x_wconf 83' lang='lat' dir='ltr'><strong>habebit.</strong></span> <span class='ocrx_word' id='word_1_207' title='bbox 3311 1676 3503 1730; x_wconf 87' lang='lat' dir='ltr'><strong>Addita</strong></span> <span class='ocrx_word' id='word_1_208' title='bbox 3533 1687 3618 1732; x_wconf 84' lang='lat' dir='ltr'><strong>est</strong></span> <span class='ocrx_word' id='word_1_209' title='bbox 3648 1679 3762 1731; x_wconf 81' lang='lat' dir='ltr'><strong>huic</strong></span> 
     </span>
    </p>
   </div>
   <div class='ocr_carea' id='block_1_33' title="bbox 2193 1763 3764 1839">
    <p class='ocr_par' dir='ltr' id='par_1_33' title="bbox 2193 1763 3764 1839">
     <span class='ocr_line' id='line_1_33' title="bbox 2193 1763 3764 1839; baseline 0.005 -24"><span class='ocrx_word' id='word_1_210' title='bbox 2193 1763 2398 1830; x_wconf 88' lang='lat' dir='ltr'><strong>psalmo</strong></span> <span class='ocrx_word' id='word_1_211' title='bbox 2416 1772 2472 1818; x_wconf 89' lang='lat' dir='ltr'><strong>et</strong></span> <span class='ocrx_word' id='word_1_212' title='bbox 2493 1764 2759 1832; x_wconf 85' lang='lat' dir='ltr'><strong>alphabcti</strong></span> <span class='ocrx_word' id='word_1_213' title='bbox 2788 1766 2980 1821; x_wconf 87' lang='lat' dir='ltr'><strong>decora</strong></span> <span class='ocrx_word' id='word_1_214' title='bbox 3008 1765 3288 1837; x_wconf 82' lang='lat' dir='ltr'><strong>perfectio,</strong></span> <span class='ocrx_word' id='word_1_215' title='bbox 3313 1779 3367 1822; x_wconf 92' lang='lat' dir='ltr'><strong>ut</strong></span> <span class='ocrx_word' id='word_1_216' title='bbox 3391 1770 3579 1839; x_wconf 63' lang='lat' dir='ltr'><strong>gratiae</strong></span> <span class='ocrx_word' id='word_1_217' title='bbox 3608 1777 3764 1823; x_wconf 69' lang='lat' dir='ltr'><strong>tantae</strong></span> 
     </span>
    </p>
   </div>
   <div class='ocr_carea' id='block_1_34' title="bbox 519 1820 3516 1928">
    <p class='ocr_par' dir='ltr' id='par_1_34' title="bbox 519 1820 3516 1928">
     <span class='ocr_line' id='line_1_34' title="bbox 519 1820 3516 1928; baseline 0.014 -57"><span class='ocrx_word' id='word_1_218' title='bbox 519 1825 628 1886; x_wconf 90' lang='lat' dir='ltr'><strong>tur,</strong></span> <span class='ocrx_word' id='word_1_219' title='bbox 659 1820 794 1873; x_wconf 87' lang='lat' dir='ltr'><strong>sicut</strong></span> <span class='ocrx_word' id='word_1_220' title='bbox 814 1821 866 1875; x_wconf 93' lang='lat' dir='ltr'><strong>iu</strong></span> <span class='ocrx_word' id='word_1_221' title='bbox 890 1821 1068 1878; x_wconf 80' lang='lat' dir='ltr'><strong>Veteri</strong></span> <span class='ocrx_word' id='word_1_222' title='bbox 1087 1825 1426 1884; x_wconf 87' lang='lat' dir='ltr'><strong>Testamento</strong></span> <span class='ocrx_word' id='word_1_223' title='bbox 1450 1835 1942 1890; x_wconf 79' lang='lat' dir='ltr'><strong>constatellectum.</strong></span> <span class='ocrx_word' id='word_1_224' title='bbox 1977 1840 2085 1894; x_wconf 91' lang='lat' dir='ltr'><strong>lloc</strong></span> <span class='ocrx_word' id='word_1_225' title='bbox 2117 1837 2164 1894; x_wconf 91' lang='lat' dir='ltr'><strong>B</strong></span> <span class='ocrx_word' id='word_1_226' title='bbox 2187 1820 2560 1910; x_wconf 60' lang='grc' dir='ltr'><strong>ὲχευιιειίοηίέ</strong></span> <span class='ocrx_word' id='word_1_227' title='bbox 2581 1854 2878 1911; x_wconf 76' lang='lat' dir='ltr'><strong>litterarum</strong></span> <span class='ocrx_word' id='word_1_228' title='bbox 2903 1820 3516 1928; x_wconf 40' lang='lat' dir='ltr'><strong>institutiojungere‘lur.</strong></span> 
     </span>
    </p>
   </div>
   <div class='ocr_carea' id='block_1_35' title="bbox 518 1911 2088 1992">
    <p class='ocr_par' dir='ltr' id='par_1_35' title="bbox 518 1911 2088 1992">
     <span class='ocr_line' id='line_1_35' title="bbox 518 1911 2088 1992; baseline 0.014 -30"><span class='ocrx_word' id='word_1_229' title='bbox 518 1918 601 1963; x_wconf 89' lang='lat' dir='ltr'><strong>est</strong></span> <span class='ocrx_word' id='word_1_230' title='bbox 623 1911 762 1965; x_wconf 89' lang='lat' dir='ltr'><strong>enim</strong></span> <span class='ocrx_word' id='word_1_231' title='bbox 787 1913 926 1982; x_wconf 82' lang='lat' dir='ltr'><strong>quod</strong></span> <span class='ocrx_word' id='word_1_232' title='bbox 966 1927 1154 1970; x_wconf 90' lang='lat' dir='ltr'><strong>cuncta</strong></span> <span class='ocrx_word' id='word_1_233' title='bbox 1207 1919 1501 1985; x_wconf 88' lang='lat' dir='ltr'><strong>conclusit,</strong></span> <span class='ocrx_word' id='word_1_234' title='bbox 1545 1925 1666 1992; x_wconf 89' lang='lat' dir='ltr'><strong>quia</strong></span> <span class='ocrx_word' id='word_1_235' title='bbox 1701 1925 2088 1992; x_wconf 86' lang='lat' dir='ltr'><strong>plenitudinem</strong></span> 
     </span>
    </p>
   </div>
   <div class='ocr_carea' id='block_1_36' title="bbox 518 2005 2084 2079">
    <p class='ocr_par' dir='ltr' id='par_1_36' title="bbox 518 2005 2084 2079">
     <span class='ocr_line' id='line_1_36' title="bbox 518 2005 2084 2079; baseline 0.014 -25"><span class='ocrx_word' id='word_1_236' title='bbox 518 2014 691 2067; x_wconf 87' lang='lat' dir='ltr'><strong>suam,</strong></span> <span class='ocrx_word' id='word_1_237' title='bbox 738 2017 858 2072; x_wconf 83' lang='lat' dir='ltr'><strong>quae</strong></span> <span class='ocrx_word' id='word_1_238' title='bbox 887 2005 1032 2073; x_wconf 87' lang='lat' dir='ltr'><strong>prius</strong></span> <span class='ocrx_word' id='word_1_239' title='bbox 1080 2007 1250 2063; x_wconf 81' lang='lat' dir='ltr'><strong>fuerat</strong></span> <span class='ocrx_word' id='word_1_240' title='bbox 1278 2013 1566 2079; x_wconf 87' lang='lat' dir='ltr'><strong>promissa,</strong></span> <span class='ocrx_word' id='word_1_241' title='bbox 1612 2019 1863 2072; x_wconf 89' lang='lat' dir='ltr'><strong>restituit.</strong></span> <span class='ocrx_word' id='word_1_242' title='bbox 1894 2019 2084 2076; x_wconf 84' lang='lat' dir='ltr'><strong>Merito</strong></span> 
     </span>
    </p>
   </div>
   <div class='ocr_carea' id='block_1_37' title="bbox 518 2096 2083 2175">
    <p class='ocr_par' dir='ltr' id='par_1_37' title="bbox 518 2096 2083 2175">
     <span class='ocr_line' id='line_1_37' title="bbox 518 2096 2083 2175; baseline 0.012 -30"><span class='ocrx_word' id='word_1_243' title='bbox 518 2107 646 2160; x_wconf 87' lang='lat' dir='ltr'><strong>ergo</strong></span> <span class='ocrx_word' id='word_1_244' title='bbox 673 2103 914 2148; x_wconf 65' lang='lat' dir='ltr'><strong>internum</strong></span> <span class='ocrx_word' id='word_1_245' title='bbox 949 2096 1160 2161; x_wconf 88' lang='lat' dir='ltr'><strong>dicitur,</strong></span> <span class='ocrx_word' id='word_1_246' title='bbox 1214 2102 1352 2168; x_wconf 84' lang='lat' dir='ltr'><strong>quod</strong></span> <span class='ocrx_word' id='word_1_247' title='bbox 1385 2105 1529 2156; x_wconf 89' lang='lat' dir='ltr'><strong>nullo</strong></span> <span class='ocrx_word' id='word_1_248' title='bbox 1561 2105 1666 2159; x_wconf 87' lang='lat' dir='ltr'><strong>alio</strong></span> <span class='ocrx_word' id='word_1_249' title='bbox 1709 2106 1946 2175; x_wconf 81' lang='lat' dir='ltr'><strong>indigere</strong></span> <span class='ocrx_word' id='word_1_250' title='bbox 1987 2125 2083 2164; x_wconf 90' lang='lat' dir='ltr'><strong>co-</strong></span> 
     </span>
    </p>
   </div>
   <div class='ocr_carea' id='block_1_38' title="bbox 515 2187 2077 2273">
    <p class='ocr_par' dir='ltr' id='par_1_38' title="bbox 515 2187 2077 2273">
     <span class='ocr_line' id='line_1_38' title="bbox 515 2187 2077 2273; baseline 0.012 -36"><span class='ocrx_word' id='word_1_251' title='bbox 515 2188 802 2252; x_wconf 83' lang='lat' dir='ltr'><strong>gnosc&#39;tur.</strong></span> <span class='ocrx_word' id='word_1_252' title='bbox 836 2187 1068 2254; x_wconf 81' lang='lat' dir='ltr'><strong>Addidit,</strong></span> <span class='ocrx_word' id='word_1_253' title='bbox 1110 2190 1360 2246; x_wconf 85' lang='lat' dir='ltr'><strong>Sanctum</strong></span> <span class='ocrx_word' id='word_1_254' title='bbox 1398 2204 1444 2248; x_wconf 90' lang='lat' dir='ltr'><strong>et</strong></span> <span class='ocrx_word' id='word_1_255' title='bbox 1468 2197 1688 2250; x_wconf 85' lang='lat' dir='ltr'><strong>terribile</strong></span> <span class='ocrx_word' id='word_1_256' title='bbox 1727 2214 1913 2253; x_wconf 86' lang='lat' dir='ltr'><strong>nomen</strong></span> <span class='ocrx_word' id='word_1_257' title='bbox 1946 2204 2077 2273; x_wconf 89' lang='lat' dir='ltr'><strong>ejus.</strong></span> 
     </span>
    </p>
   </div>
   <div class='ocr_carea' id='block_1_39' title="bbox 517 2273 2086 2358">
    <p class='ocr_par' dir='ltr' id='par_1_39' title="bbox 517 2273 2086 2358">
     <span class='ocr_line' id='line_1_39' title="bbox 517 2273 2086 2358; baseline 0.011 -30"><span class='ocrx_word' id='word_1_258' title='bbox 517 2273 767 2328; x_wconf 85' lang='lat' dir='ltr'><strong>Sanctum</strong></span> <span class='ocrx_word' id='word_1_259' title='bbox 812 2277 1042 2345; x_wconf 87' lang='lat' dir='ltr'><strong>pertinet</strong></span> <span class='ocrx_word' id='word_1_260' title='bbox 1082 2280 1147 2335; x_wconf 86' lang='lat' dir='ltr'><strong>ad</strong></span> <span class='ocrx_word' id='word_1_261' title='bbox 1199 2283 1654 2352; x_wconf 82' lang='lat' dir='ltr'><strong>incarnationem,</strong></span> <span class='ocrx_word' id='word_1_262' title='bbox 1702 2288 1840 2342; x_wconf 74' lang='lat' dir='ltr'><strong>sicut</strong></span> <span class='ocrx_word' id='word_1_263' title='bbox 1863 2290 1976 2358; x_wconf 89' lang='lat' dir='ltr'><strong>ipse</strong></span> <span class='ocrx_word' id='word_1_264' title='bbox 2003 2290 2086 2345; x_wconf 90' lang='lat' dir='ltr'><strong>di-</strong></span> 
     </span>
    </p>
   </div>
   <div class='ocr_carea' id='block_1_40' title="bbox 513 2358 2086 2442">
    <p class='ocr_par' dir='ltr' id='par_1_40' title="bbox 513 2358 2086 2442">
     <span class='ocr_line' id='line_1_40' title="bbox 513 2358 2086 2442; baseline 0.012 -26"><span class='ocrx_word' id='word_1_265' title='bbox 513 2363 631 2418; x_wconf 88' lang='lat' dir='ltr'><strong>cit:</strong></span> <span class='ocrx_word' id='word_1_266' title='bbox 669 2365 880 2421; x_wconf 80' lang='lat' dir='ltr'><strong>Custodi</strong></span> <span class='ocrx_word' id='word_1_267' title='bbox 926 2371 1150 2424; x_wconf 89' lang='lat' dir='ltr'><strong>animam</strong></span> <span class='ocrx_word' id='word_1_268' title='bbox 1189 2358 1382 2440; x_wconf 86' lang='lat' dir='ltr'><strong>meam,</strong></span> <span class='ocrx_word' id='word_1_269' title='bbox 1434 2377 1674 2442; x_wconf 81' lang='lat' dir='ltr'><strong>quoniam</strong></span> <span class='ocrx_word' id='word_1_270' title='bbox 1724 2392 1930 2432; x_wconf 84' lang='lat' dir='ltr'><strong>sanctus</strong></span> <span class='ocrx_word' id='word_1_271' title='bbox 1974 2398 2086 2435; x_wconf 83' lang='lat' dir='ltr'><strong>sunt</strong></span> 
     </span>
    </p>
   </div>
   <div class='ocr_carea' id='block_1_41' title="bbox 514 2451 2084 2536">
    <p class='ocr_par' dir='ltr' id='par_1_41' title="bbox 514 2451 2084 2536">
     <span class='ocr_line' id='line_1_41' title="bbox 514 2451 2084 2536; baseline 0.015 -32"><span class='ocrx_word' id='word_1_272' title='bbox 514 2451 687 2523; x_wconf 89' lang='lat' dir='ltr'><strong>(Psal.</strong></span> <span class='ocrx_word' id='word_1_273' title='bbox 709 2472 900 2523; x_wconf 77' lang='lat' dir='ltr'><strong>Lxxxv,</strong></span> <span class='ocrx_word' id='word_1_274' title='bbox 926 2458 1003 2528; x_wconf 74' lang='lat'><strong>2).</strong></span> <span class='ocrx_word' id='word_1_275' title='bbox 1035 2460 1281 2517; x_wconf 80' lang='lat' dir='ltr'><strong>Terribile</strong></span> <span class='ocrx_word' id='word_1_276' title='bbox 1301 2465 1367 2519; x_wconf 91' lang='lat' dir='ltr'><strong>ad</strong></span> <span class='ocrx_word' id='word_1_277' title='bbox 1393 2468 1832 2536; x_wconf 85' lang='lat' dir='ltr'><strong>omnipotentiam</strong></span> <span class='ocrx_word' id='word_1_278' title='bbox 1865 2471 2084 2529; x_wconf 78' lang='lat' dir='ltr'><strong>Deitatis</strong></span> 
     </span>
    </p>
   </div>
   <div class='ocr_carea' id='block_1_42' title="bbox 512 2545 2081 2630">
    <p class='ocr_par' dir='ltr' id='par_1_42' title="bbox 512 2545 2081 2630">
     <span class='ocr_line' id='line_1_42' title="bbox 512 2545 2081 2630; baseline 0.015 -34"><span class='ocrx_word' id='word_1_279' title='bbox 512 2545 760 2614; x_wconf 68' lang='lat' dir='ltr'><strong>excelsae,</strong></span> <span class='ocrx_word' id='word_1_280' title='bbox 779 2548 916 2602; x_wconf 90' lang='lat' dir='ltr'><strong>sicut</strong></span> <span class='ocrx_word' id='word_1_281' title='bbox 943 2550 997 2604; x_wconf 95' lang='lat' dir='ltr'><strong>in</strong></span> <span class='ocrx_word' id='word_1_282' title='bbox 1027 2552 1132 2605; x_wconf 88' lang='lat' dir='ltr'><strong>alio</strong></span> <span class='ocrx_word' id='word_1_283' title='bbox 1158 2556 1361 2620; x_wconf 88' lang='lat' dir='ltr'><strong>psalmo</strong></span> <span class='ocrx_word' id='word_1_284' title='bbox 1389 2556 1580 2611; x_wconf 92' lang='lat' dir='ltr'><strong>dicitur</strong></span> <span class='ocrx_word' id='word_1_285' title='bbox 1604 2575 1620 2614; x_wconf 91' lang='lat'><strong>:</strong></span> <span class='ocrx_word' id='word_1_286' title='bbox 1645 2556 1723 2612; x_wconf 83' lang='lat' dir='ltr'><strong>Tu</strong></span> <span class='ocrx_word' id='word_1_287' title='bbox 1752 2563 1990 2618; x_wconf 83' lang='lat' dir='ltr'><strong>terribilis</strong></span> <span class='ocrx_word' id='word_1_288' title='bbox 2006 2581 2081 2630; x_wconf 87' lang='lat' dir='ltr'><strong>es,</strong></span> 
     </span>
    </p>
   </div>
   <div class='ocr_carea' id='block_1_43' title="bbox 513 2634 2081 2715">
    <p class='ocr_par' dir='ltr' id='par_1_43' title="bbox 513 2634 2081 2715">
     <span class='ocr_line' id='line_1_43' title="bbox 513 2634 2081 2715; baseline 0.015 -30"><span class='ocrx_word' id='word_1_289' title='bbox 513 2634 690 2703; x_wconf 84' lang='lat' dir='ltr'><strong>etquis</strong></span> <span class='ocrx_word' id='word_1_290' title='bbox 715 2637 907 2690; x_wconf 86' lang='lat' dir='ltr'><strong>resistet</strong></span> <span class='ocrx_word' id='word_1_291' title='bbox 932 2640 1020 2692; x_wconf 85' lang='lat' dir='ltr'><strong>tibi</strong></span> <span class='ocrx_word' id='word_1_292' title='bbox 1049 2639 1221 2711; x_wconf 84' lang='lat' dir='ltr'><strong>(Psal.</strong></span> <span class='ocrx_word' id='word_1_293' title='bbox 1253 2659 1414 2710; x_wconf 82' lang='lat' dir='ltr'><strong>Lxxv,</strong></span> <span class='ocrx_word' id='word_1_294' title='bbox 1441 2647 1537 2715; x_wconf 83' lang='lat'><strong>8)?</strong></span> <span class='ocrx_word' id='word_1_295' title='bbox 1566 2648 1695 2714; x_wconf 68' lang='lat' dir='ltr'><strong>Quae</strong></span> <span class='ocrx_word' id='word_1_296' title='bbox 1723 2649 1829 2706; x_wconf 89' lang='lat' dir='ltr'><strong>duo</strong></span> <span class='ocrx_word' id='word_1_297' title='bbox 1859 2651 1925 2706; x_wconf 92' lang='lat' dir='ltr'><strong>ad</strong></span> <span class='ocrx_word' id='word_1_298' title='bbox 1954 2653 2081 2709; x_wconf 91' lang='lat' dir='ltr'><strong>illud</strong></span> 
     </span>
    </p>
   </div>
   <div class='ocr_carea' id='block_1_44' title="bbox 513 2723 2080 2805">
    <p class='ocr_par' dir='ltr' id='par_1_44' title="bbox 513 2723 2080 2805">
     <span class='ocr_line' id='line_1_44' title="bbox 513 2723 2080 2805; baseline 0.015 -30"><span class='ocrx_word' id='word_1_299' title='bbox 513 2723 800 2791; x_wconf 87' lang='lat' dir='ltr'><strong>pertinent,</strong></span> <span class='ocrx_word' id='word_1_300' title='bbox 829 2735 888 2780; x_wconf 92' lang='lat' dir='ltr'><strong>ut</strong></span> <span class='ocrx_word' id='word_1_301' title='bbox 913 2742 1153 2786; x_wconf 88' lang='lat' dir='ltr'><strong>amemus</strong></span> <span class='ocrx_word' id='word_1_302' title='bbox 1172 2731 1506 2801; x_wconf 88' lang='lat' dir='ltr'><strong>advocatum,</strong></span> <span class='ocrx_word' id='word_1_303' title='bbox 1538 2737 1856 2805; x_wconf 85' lang='lat' dir='ltr'><strong>iudicantem</strong></span> <span class='ocrx_word' id='word_1_304' title='bbox 1889 2744 2080 2798; x_wconf 89' lang='lat' dir='ltr'><strong>timere</strong></span> 
     </span>
    </p>
   </div>
   <div class='ocr_carea' id='block_1_45' title="bbox 515 2809 2079 2899">
    <p class='ocr_par' dir='ltr' id='par_1_45' title="bbox 515 2809 2079 2899">
     <span class='ocr_line' id='line_1_45' title="bbox 515 2809 2079 2899; baseline 0.015 -35"><span class='ocrx_word' id='word_1_305' title='bbox 515 2809 819 2869; x_wconf 88' lang='lat' dir='ltr'><strong>debeamus.</strong></span> <span class='ocrx_word' id='word_1_306' title='bbox 851 2816 974 2873; x_wconf 60' lang='lat' dir='ltr'><strong>llaec</strong></span> <span class='ocrx_word' id='word_1_307' title='bbox 999 2819 1141 2874; x_wconf 91' lang='lat' dir='ltr'><strong>enim</strong></span> <span class='ocrx_word' id='word_1_308' title='bbox 1166 2833 1530 2892; x_wconf 87' lang='lat' dir='ltr'><strong>competenter</strong></span> <span class='ocrx_word' id='word_1_309' title='bbox 1551 2837 1772 2898; x_wconf 91' lang='lat' dir='ltr'><strong>utraque</strong></span> <span class='ocrx_word' id='word_1_310' title='bbox 1795 2832 2079 2899; x_wconf 86' lang='lat' dir='ltr'><strong>conjuncta</strong></span> 
     </span>
    </p>
   </div>
   <div class='ocr_carea' id='block_1_46' title="bbox 513 2909 2083 2990">
    <p class='ocr_par' dir='ltr' id='par_1_46' title="bbox 513 2909 2083 2990">
     <span class='ocr_line' id='line_1_46' title="bbox 513 2909 2083 2990; baseline 0.017 -37"><span class='ocrx_word' id='word_1_311' title='bbox 513 2909 659 2966; x_wconf 87' lang='lat' dir='ltr'><strong>sunt,</strong></span> <span class='ocrx_word' id='word_1_312' title='bbox 688 2917 758 2958; x_wconf 91' lang='lat' dir='ltr'><strong>ne</strong></span> <span class='ocrx_word' id='word_1_313' title='bbox 797 2919 898 2960; x_wconf 87' lang='lat' dir='ltr'><strong>nos</strong></span> <span class='ocrx_word' id='word_1_314' title='bbox 925 2916 1016 2961; x_wconf 79' lang='lat' dir='ltr'><strong>aut</strong></span> <span class='ocrx_word' id='word_1_315' title='bbox 1045 2910 1189 2964; x_wconf 92' lang='lat' dir='ltr'><strong>solus</strong></span> <span class='ocrx_word' id='word_1_316' title='bbox 1215 2927 1366 2968; x_wconf 90' lang='lat' dir='ltr'><strong>amor</strong></span> <span class='ocrx_word' id='word_1_317' title='bbox 1397 2917 1724 2986; x_wconf 72' lang='lat' dir='ltr'><strong>negligentes</strong></span> <span class='ocrx_word' id='word_1_318' title='bbox 1753 2921 1959 2990; x_wconf 86' lang='lat' dir='ltr'><strong>reddat,</strong></span> <span class='ocrx_word' id='word_1_319' title='bbox 1991 2933 2083 2980; x_wconf 85' lang='lat' dir='ltr'><strong>aut</strong></span> 
     </span>
    </p>
   </div>
   <div class='ocr_carea' id='block_1_47' title="bbox 471 2995 1481 3067">
    <p class='ocr_par' dir='ltr' id='par_1_47' title="bbox 471 2995 1481 3067">
     <span class='ocr_line' id='line_1_47' title="bbox 471 2995 1481 3067; baseline 0.013 -21"><span class='ocrx_word' id='word_1_320' title='bbox 471 3037 478 3046; x_wconf 91' lang='lat'><strong>.</strong></span> <span class='ocrx_word' id='word_1_321' title='bbox 511 3000 714 3047; x_wconf 87' lang='lat' dir='ltr'><strong>tantum</strong></span> <span class='ocrx_word' id='word_1_322' title='bbox 741 2995 903 3050; x_wconf 89' lang='lat' dir='ltr'><strong>timor</strong></span> <span class='ocrx_word' id='word_1_323' title='bbox 929 2998 1237 3067; x_wconf 88' lang='lat' dir='ltr'><strong>desperatos</strong></span> <span class='ocrx_word' id='word_1_324' title='bbox 1267 3005 1481 3060; x_wconf 79' lang='lat' dir='ltr'><strong>efﬁciat.</strong></span> 
     </span>
    </p>
   </div>
   <div class='ocr_carea' id='block_1_48' title="bbox 583 3082 2079 3172">
    <p class='ocr_par' dir='ltr' id='par_1_48' title="bbox 583 3082 2079 3172">
     <span class='ocr_line' id='line_1_48' title="bbox 583 3082 2079 3172; baseline 0.021 -37"><span class='ocrx_word' id='word_1_325' title='bbox 583 3082 734 3144; x_wconf 77' lang='lat' dir='ltr'><strong>Vers.</strong></span> <span class='ocrx_word' id='word_1_326' title='bbox 784 3088 876 3158; x_wconf 76' lang='lat'><strong>10,</strong></span> <span class='ocrx_word' id='word_1_327' title='bbox 904 3088 1040 3165; x_wconf 73' lang='lat' dir='ltr'><strong>Res,</strong></span> <span class='ocrx_word' id='word_1_328' title='bbox 1071 3092 1183 3161; x_wconf 70' lang='lat' dir='ltr'><strong>Sis,</strong></span> <span class='ocrx_word' id='word_1_329' title='bbox 1212 3094 1349 3157; x_wconf 81' lang='grc' dir='ltr'><strong>ΤΑυ.</strong></span> <span class='ocrx_word' id='word_1_330' title='bbox 1383 3097 1598 3159; x_wconf 84' lang='lat' dir='ltr'><strong>Initium</strong></span> <span class='ocrx_word' id='word_1_331' title='bbox 1634 3101 1897 3172; x_wconf 68' lang='lat' dir='ltr'><strong>sapientia:</strong></span> <span class='ocrx_word' id='word_1_332' title='bbox 1931 3107 2079 3167; x_wconf 78' lang='lat' dir='ltr'><strong>timor</strong></span> 
     </span>
    </p>
   </div>
   <div class='ocr_carea' id='block_1_49' title="bbox 2473 1965 3482 2044">
    <p class='ocr_par' dir='ltr' id='par_1_49' title="bbox 2473 1965 3482 2044">
     <span class='ocr_line' id='line_1_49' title="bbox 2473 1965 3482 2044; baseline 0.008 -24"><span class='ocrx_word' id='word_1_333' title='bbox 2473 1965 2830 2022; x_wconf 78' lang='lat' dir='ltr'><strong>EXPOSITIO</strong></span> <span class='ocrx_word' id='word_1_334' title='bbox 2872 1968 2939 2024; x_wconf 77' lang='lat' dir='ltr'><strong>IN</strong></span> <span class='ocrx_word' id='word_1_335' title='bbox 2987 1969 3311 2044; x_wconf 69' lang='lat' dir='ltr'><strong>PSALMUM</strong></span> <span class='ocrx_word' id='word_1_336' title='bbox 3343 1972 3482 2028; x_wconf 73' lang='lat' dir='ltr'><strong>CXI.</strong></span> 
     </span>
    </p>
   </div>
   <div class='ocr_carea' id='block_1_50' title="bbox 2362 2057 3586 2129">
    <p class='ocr_par' dir='ltr' id='par_1_50' title="bbox 2362 2057 3586 2129">
     <span class='ocr_line' id='line_1_50' title="bbox 2362 2057 3586 2129; baseline 0.006 -19"><span class='ocrx_word' id='word_1_337' title='bbox 2362 2057 2605 2123; x_wconf 80' lang='lat' dir='ltr'><strong>Alleluia,</strong></span> <span class='ocrx_word' id='word_1_338' title='bbox 2641 2060 2978 2114; x_wconf 81' lang='lat' dir='ltr'><strong>conversionis</strong></span> <span class='ocrx_word' id='word_1_339' title='bbox 3012 2064 3189 2129; x_wconf 78' lang='lat' dir='ltr'><strong>Aggtci</strong></span> <span class='ocrx_word' id='word_1_340' title='bbox 3217 2072 3266 2117; x_wconf 91' lang='lat' dir='ltr'><strong>et</strong></span> <span class='ocrx_word' id='word_1_341' title='bbox 3293 2062 3586 2117; x_wconf 69' lang='lat' dir='ltr'><strong>Zachariae.</strong></span> 
     </span>
    </p>
   </div>
   <div class='ocr_carea' id='block_1_51' title="bbox 2258 2169 3759 2243">
    <p class='ocr_par' dir='ltr' id='par_1_51' title="bbox 2258 2169 3759 2243">
     <span class='ocr_line' id='line_1_51' title="bbox 2258 2169 3759 2243; baseline 0.003 -20"><span class='ocrx_word' id='word_1_342' title='bbox 2258 2169 2390 2224; x_wconf 86' lang='lat' dir='ltr'><strong>Cum</strong></span> <span class='ocrx_word' id='word_1_343' title='bbox 2438 2171 2543 2240; x_wconf 87' lang='lat' dir='ltr'><strong>jam</strong></span> <span class='ocrx_word' id='word_1_344' title='bbox 2583 2171 2888 2242; x_wconf 80' lang='lat' dir='ltr'><strong>frequenter</strong></span> <span class='ocrx_word' id='word_1_345' title='bbox 2916 2173 3087 2228; x_wconf 87' lang='lat' dir='ltr'><strong>solum</strong></span> <span class='ocrx_word' id='word_1_346' title='bbox 3129 2175 3360 2243; x_wconf 88' lang='lat' dir='ltr'><strong>posuerit</strong></span> <span class='ocrx_word' id='word_1_347' title='bbox 3406 2173 3656 2242; x_wconf 76' lang='lat' dir='ltr'><strong>Alleluia,</strong></span> <span class='ocrx_word' id='word_1_348' title='bbox 3689 2176 3759 2228; x_wconf 62' lang='lat' dir='ltr'><strong>vi-</strong></span> 
     </span>
    </p>
   </div>
   <div class='ocr_carea' id='block_1_52' title="bbox 2187 2259 3752 2332">
    <p class='ocr_par' dir='ltr' id='par_1_52' title="bbox 2187 2259 3752 2332">
     <span class='ocr_line' id='line_1_52' title="bbox 2187 2259 3752 2332; baseline 0.003 -19"><span class='ocrx_word' id='word_1_349' title='bbox 2187 2259 2409 2314; x_wconf 88' lang='lat' dir='ltr'><strong>deatuus</strong></span> <span class='ocrx_word' id='word_1_350' title='bbox 2449 2260 2676 2328; x_wconf 80' lang='lat' dir='ltr'><strong>adiectio</strong></span> <span class='ocrx_word' id='word_1_351' title='bbox 2723 2263 2822 2317; x_wconf 87' lang='lat' dir='ltr'><strong>ista</strong></span> <span class='ocrx_word' id='word_1_352' title='bbox 2853 2263 3124 2317; x_wconf 90' lang='lat' dir='ltr'><strong>nominum</strong></span> <span class='ocrx_word' id='word_1_353' title='bbox 3179 2263 3304 2332; x_wconf 91' lang='lat' dir='ltr'><strong>quid</strong></span> <span class='ocrx_word' id='word_1_354' title='bbox 3335 2264 3466 2318; x_wconf 89' lang='lat' dir='ltr'><strong>velit</strong></span> <span class='ocrx_word' id='word_1_355' title='bbox 3516 2265 3752 2328; x_wconf 69' lang='lat' dir='ltr'><strong>intelligi.</strong></span> 
     </span>
    </p>
   </div>
   <div class='ocr_carea' id='block_1_53' title="bbox 2187 2348 3758 2424">
    <p class='ocr_par' dir='ltr' id='par_1_53' title="bbox 2187 2348 3758 2424">
     <span class='ocr_line' id='line_1_53' title="bbox 2187 2348 3758 2424; baseline 0.004 -23"><span class='ocrx_word' id='word_1_356' title='bbox 2187 2348 2406 2418; x_wconf 74' lang='lat' dir='ltr'><strong>Aggaeus</strong></span> <span class='ocrx_word' id='word_1_357' title='bbox 2426 2359 2476 2403; x_wconf 90' lang='lat' dir='ltr'><strong>et</strong></span> <span class='ocrx_word' id='word_1_358' title='bbox 2495 2349 2773 2405; x_wconf 75' lang='lat' dir='ltr'><strong>Zacharias</strong></span> <span class='ocrx_word' id='word_1_359' title='bbox 2789 2354 3062 2422; x_wconf 71' lang='lat' dir='ltr'><strong>prophetae</strong></span> <span class='ocrx_word' id='word_1_360' title='bbox 3091 2353 3300 2408; x_wconf 83' lang='lat' dir='ltr'><strong>luerunt</strong></span> <span class='ocrx_word' id='word_1_361' title='bbox 3329 2355 3419 2424; x_wconf 89' lang='lat' dir='ltr'><strong>qui</strong></span> <span class='ocrx_word' id='word_1_362' title='bbox 3449 2365 3570 2424; x_wconf 89' lang='lat' dir='ltr'><strong>post</strong></span> <span class='ocrx_word' id='word_1_363' title='bbox 3593 2366 3758 2408; x_wconf 86' lang='lat' dir='ltr'><strong>trans-</strong></span> 
     </span>
    </p>
   </div>
   <div class='ocr_carea' id='block_1_54' title="bbox 2189 2439 3757 2518">
    <p class='ocr_par' dir='ltr' id='par_1_54' title="bbox 2189 2439 3757 2518">
     <span class='ocr_line' id='line_1_54' title="bbox 2189 2439 3757 2518; baseline 0.007 -27"><span class='ocrx_word' id='word_1_364' title='bbox 2189 2439 2557 2508; x_wconf 84' lang='lat' dir='ltr'><strong>migrationem</strong></span> <span class='ocrx_word' id='word_1_365' title='bbox 2590 2441 2896 2513; x_wconf 56' lang='lat' dir='ltr'><strong>Babyloniae</strong></span> <span class='ocrx_word' id='word_1_366' title='bbox 2937 2445 3036 2499; x_wconf 89' lang='lat' dir='ltr'><strong>sub</strong></span> <span class='ocrx_word' id='word_1_367' title='bbox 3075 2446 3230 2500; x_wconf 85' lang='lat' dir='ltr'><strong>Dario</strong></span> <span class='ocrx_word' id='word_1_368' title='bbox 3259 2461 3383 2512; x_wconf 84' lang='lat' dir='ltr'><strong>rege</strong></span> <span class='ocrx_word' id='word_1_369' title='bbox 3440 2447 3602 2517; x_wconf 82' lang='lat' dir='ltr'><strong>longo</strong></span> <span class='ocrx_word' id='word_1_370' title='bbox 3645 2457 3757 2518; x_wconf 86' lang='lat' dir='ltr'><strong>past</strong></span> 
     </span>
    </p>
   </div>
   <div class='ocr_carea' id='block_1_55' title="bbox 2187 2532 3758 2605">
    <p class='ocr_par' dir='ltr' id='par_1_55' title="bbox 2187 2532 3758 2605">
     <span class='ocr_line' id='line_1_55' title="bbox 2187 2532 3758 2605; baseline 0.006 -22"><span class='ocrx_word' id='word_1_371' title='bbox 2187 2539 2429 2599; x_wconf 86' lang='lat' dir='ltr'><strong>tempore</strong></span> <span class='ocrx_word' id='word_1_372' title='bbox 2455 2532 2907 2602; x_wconf 89' lang='lat' dir='ltr'><strong>prophetaverunt</strong></span> <span class='ocrx_word' id='word_1_373' title='bbox 2934 2551 3090 2605; x_wconf 90' lang='lat' dir='ltr'><strong>quam</strong></span> <span class='ocrx_word' id='word_1_374' title='bbox 3131 2537 3232 2590; x_wconf 89' lang='lat' dir='ltr'><strong>ista</strong></span> <span class='ocrx_word' id='word_1_375' title='bbox 3259 2539 3364 2591; x_wconf 91' lang='lat' dir='ltr'><strong>sint</strong></span> <span class='ocrx_word' id='word_1_376' title='bbox 3396 2548 3630 2592; x_wconf 83' lang='lat' dir='ltr'><strong>cantata.</strong></span> <span class='ocrx_word' id='word_1_377' title='bbox 3657 2539 3758 2592; x_wconf 77' lang='lat' dir='ltr'><strong>lle-</strong></span> 
     </span>
    </p>
   </div>
   <div class='ocr_carea' id='block_1_56' title="bbox 2186 2619 3754 2695">
    <p class='ocr_par' dir='ltr' id='par_1_56' title="bbox 2186 2619 3754 2695">
     <span class='ocr_line' id='line_1_56' title="bbox 2186 2619 3754 2695; baseline 0.008 -27"><span class='ocrx_word' id='word_1_378' title='bbox 2186 2619 2326 2672; x_wconf 91' lang='lat' dir='ltr'><strong>versi</strong></span> <span class='ocrx_word' id='word_1_379' title='bbox 2356 2621 2496 2674; x_wconf 91' lang='lat' dir='ltr'><strong>enim</strong></span> <span class='ocrx_word' id='word_1_380' title='bbox 2524 2621 2576 2674; x_wconf 91' lang='lat' dir='ltr'><strong>iu</strong></span> <span class='ocrx_word' id='word_1_381' title='bbox 2599 2619 2896 2677; x_wconf 84' lang='lat' dir='ltr'><strong>Jerusalem</strong></span> <span class='ocrx_word' id='word_1_382' title='bbox 2921 2625 3142 2692; x_wconf 87' lang='lat' dir='ltr'><strong>patriam</strong></span> <span class='ocrx_word' id='word_1_383' title='bbox 3171 2640 3342 2688; x_wconf 90' lang='lat' dir='ltr'><strong>suam,</strong></span> <span class='ocrx_word' id='word_1_384' title='bbox 3375 2640 3498 2679; x_wconf 92' lang='lat' dir='ltr'><strong>cum</strong></span> <span class='ocrx_word' id='word_1_385' title='bbox 3523 2628 3754 2695; x_wconf 83' lang='lat' dir='ltr'><strong>reparari</strong></span> 
     </span>
    </p>
   </div>
   <div class='ocr_carea' id='block_1_57' title="bbox 2186 2708 3755 2785">
    <p class='ocr_par' dir='ltr' id='par_1_57' title="bbox 2186 2708 3755 2785">
     <span class='ocr_line' id='line_1_57' title="bbox 2186 2708 3755 2785; baseline 0.008 -25"><span class='ocrx_word' id='word_1_386' title='bbox 2186 2708 2444 2777; x_wconf 87' lang='lat' dir='ltr'><strong>templum</strong></span> <span class='ocrx_word' id='word_1_387' title='bbox 2470 2711 2729 2777; x_wconf 90' lang='lat' dir='ltr'><strong>viderent,</strong></span> <span class='ocrx_word' id='word_1_388' title='bbox 2751 2712 2934 2768; x_wconf 89' lang='lat' dir='ltr'><strong>laudes</strong></span> <span class='ocrx_word' id='word_1_389' title='bbox 2956 2713 3164 2768; x_wconf 88' lang='lat' dir='ltr'><strong>Domini</strong></span> <span class='ocrx_word' id='word_1_390' title='bbox 3193 2730 3382 2785; x_wconf 89' lang='lat' dir='ltr'><strong>magna</strong></span> <span class='ocrx_word' id='word_1_391' title='bbox 3399 2717 3755 2772; x_wconf 69' lang='lat' dir='ltr'><strong>exsultatione</strong></span> 
     </span>
    </p>
   </div>
   <div class='ocr_carea' id='block_1_58' title="bbox 2185 2800 3754 2876">
    <p class='ocr_par' dir='ltr' id='par_1_58' title="bbox 2185 2800 3754 2876">
     <span class='ocr_line' id='line_1_58' title="bbox 2185 2800 3754 2876; baseline 0.006 -23"><span class='ocrx_word' id='word_1_392' title='bbox 2185 2800 2556 2868; x_wconf 78' lang='lat' dir='ltr'><strong>profuderunt.</strong></span> <span class='ocrx_word' id='word_1_393' title='bbox 2587 2803 2667 2857; x_wconf 87' lang='lat' dir='ltr'><strong>Ad</strong></span> <span class='ocrx_word' id='word_1_394' title='bbox 2696 2819 2854 2874; x_wconf 90' lang='lat' dir='ltr'><strong>quam</strong></span> <span class='ocrx_word' id='word_1_395' title='bbox 2886 2805 3290 2860; x_wconf 88' lang='lat' dir='ltr'><strong>similitudinem</strong></span> <span class='ocrx_word' id='word_1_396' title='bbox 3316 2815 3372 2861; x_wconf 90' lang='lat' dir='ltr'><strong>et</strong></span> <span class='ocrx_word' id='word_1_397' title='bbox 3411 2807 3501 2860; x_wconf 85' lang='lat' dir='ltr'><strong>hic</strong></span> <span class='ocrx_word' id='word_1_398' title='bbox 3527 2809 3754 2876; x_wconf 81' lang='lat' dir='ltr'><strong>psalmus</strong></span> 
     </span>
    </p>
   </div>
   <div class='ocr_carea' id='block_1_59' title="bbox 2185 2891 3750 2967">
    <p class='ocr_par' dir='ltr' id='par_1_59' title="bbox 2185 2891 3750 2967">
     <span class='ocr_line' id='line_1_59' title="bbox 2185 2891 3750 2967; baseline 0.004 -25"><span class='ocrx_word' id='word_1_399' title='bbox 2185 2891 2512 2959; x_wconf 75' lang='lat' dir='ltr'><strong>integerrimi</strong></span> <span class='ocrx_word' id='word_1_400' title='bbox 2543 2893 2809 2961; x_wconf 90' lang='lat' dir='ltr'><strong>alphabeti</strong></span> <span class='ocrx_word' id='word_1_401' title='bbox 2867 2895 3081 2960; x_wconf 85' lang='lat' dir='ltr'><strong>litteris,</strong></span> <span class='ocrx_word' id='word_1_402' title='bbox 3129 2897 3281 2966; x_wconf 89' lang='lat' dir='ltr'><strong>quasi</strong></span> <span class='ocrx_word' id='word_1_403' title='bbox 3327 2899 3526 2967; x_wconf 81' lang='lat' dir='ltr'><strong>regulis</strong></span> <span class='ocrx_word' id='word_1_404' title='bbox 3573 2900 3750 2952; x_wconf 64' lang='lat' dir='ltr'><strong>aurei.-</strong></span> 
     </span>
    </p>
   </div>
   <div class='ocr_carea' id='block_1_60' title="bbox 2183 2981 3741 3056">
    <p class='ocr_par' dir='ltr' id='par_1_60' title="bbox 2183 2981 3741 3056">
     <span class='ocr_line' id='line_1_60' title="bbox 2183 2981 3741 3056; baseline 0.004 -22"><span class='ocrx_word' id='word_1_405' title='bbox 2183 2981 2422 3036; x_wconf 88' lang='lat' dir='ltr'><strong>noscitur</strong></span> <span class='ocrx_word' id='word_1_406' title='bbox 2464 2998 2584 3038; x_wconf 89' lang='lat' dir='ltr'><strong>esse</strong></span> <span class='ocrx_word' id='word_1_407' title='bbox 2631 2993 2944 3050; x_wconf 89' lang='lat' dir='ltr'><strong>contextus;</strong></span> <span class='ocrx_word' id='word_1_408' title='bbox 3001 3002 3156 3055; x_wconf 90' lang='lat' dir='ltr'><strong>quem</strong></span> <span class='ocrx_word' id='word_1_409' title='bbox 3199 2997 3320 3056; x_wconf 88' lang='lat' dir='ltr'><strong>post</strong></span> <span class='ocrx_word' id='word_1_410' title='bbox 3365 2989 3741 3041; x_wconf 84' lang='lat' dir='ltr'><strong>absolutionem</strong></span> 
     </span>
    </p>
   </div>
   <div class='ocr_carea' id='block_1_61' title="bbox 2182 3073 3748 3142">
    <p class='ocr_par' dir='ltr' id='par_1_61' title="bbox 2182 3073 3748 3142">
     <span class='ocr_line' id='line_1_61' title="bbox 2182 3073 3748 3142; baseline 0.005 -16"><span class='ocrx_word' id='word_1_411' title='bbox 2182 3083 2521 3141; x_wconf 86' lang='lat' dir='ltr'><strong>peccatorum</strong></span> <span class='ocrx_word' id='word_1_412' title='bbox 2559 3073 2940 3142; x_wconf 79' lang='lat' dir='ltr'><strong>perfectissima</strong></span> <span class='ocrx_word' id='word_1_413' title='bbox 2987 3076 3174 3132; x_wconf 72' lang='lat' dir='ltr'><strong>debeat</strong></span> <span class='ocrx_word' id='word_1_414' title='bbox 3201 3077 3534 3132; x_wconf 86' lang='lat' dir='ltr'><strong>Christianus</strong></span> <span class='ocrx_word' id='word_1_415' title='bbox 3558 3078 3748 3133; x_wconf 71' lang='lat' dir='ltr'><strong>alacri~</strong></span> 
     </span>
    </p>
   </div>
   <div class='ocr_carea' id='block_1_62' title="bbox 509 3165 3746 3267">
    <p class='ocr_par' dir='ltr' id='par_1_62' title="bbox 509 3165 3746 3267">
     <span class='ocr_line' id='line_1_62' title="bbox 509 3165 3746 3267; baseline 0.013 -38"><span class='ocrx_word' id='word_1_416' title='bbox 509 3171 738 3236; x_wconf 79' lang='lat' dir='ltr'><strong>Domini.</strong></span> <span class='ocrx_word' id='word_1_417' title='bbox 789 3181 1085 3242; x_wconf 84' lang='lat' dir='ltr'><strong>Intellectus</strong></span> <span class='ocrx_word' id='word_1_418' title='bbox 1123 3189 1284 3246; x_wconf 83' lang='lat' dir='ltr'><strong>bonus</strong></span> <span class='ocrx_word' id='word_1_419' title='bbox 1334 3197 1568 3250; x_wconf 84' lang='lat' dir='ltr'><strong>omnibus</strong></span> <span class='ocrx_word' id='word_1_420' title='bbox 1613 3165 1910 3267; x_wconf 78' lang='lat' dir='ltr'><strong>facientibus</strong></span> <span class='ocrx_word' id='word_1_421' title='bbox 1963 3165 2074 3260; x_wconf 85' lang='lat' dir='ltr'><strong>eam</strong></span> <span class='ocrx_word' id='word_1_422' title='bbox 2104 3187 2150 3255; x_wconf 67' lang='grc' dir='ltr'><em>Ο</em></span> <span class='ocrx_word' id='word_1_423' title='bbox 2184 3172 2288 3267; x_wconf 26' lang='lat' dir='ltr'><strong>Anile</strong></span> <span class='ocrx_word' id='word_1_424' title='bbox 2325 3175 2564 3220; x_wconf 53' lang='lat' dir='ltr'><strong>mumm‘</strong></span> <span class='ocrx_word' id='word_1_425' title='bbox 2611 3165 2675 3218; x_wconf 50' lang='lat' dir='ltr'><strong>Et</strong></span> <span class='ocrx_word' id='word_1_426' title='bbox 2720 3176 2988 3267; x_wconf 29' lang='lat' dir='ltr'><strong>&quot;iamcum</strong></span> <span class='ocrx_word' id='word_1_427' title='bbox 3017 3168 3167 3267; x_wconf 34' lang='lat' dir='ltr'><strong>quot].</strong></span> <span class='ocrx_word' id='word_1_428' title='bbox 3207 3179 3484 3267; x_wconf 66' lang='lat' dir='ltr'><strong>ms.mm0r</strong></span> <span class='ocrx_word' id='word_1_429' title='bbox 3515 3169 3746 3267; x_wconf 42' lang='lat' dir='ltr'><strong>ﬁgfhum</strong></span> 
     </span>
    </p>
   </div>
   <div class='ocr_carea' id='block_1_63' title="bbox 507 3268 2078 3354">
    <p class='ocr_par' dir='ltr' id='par_1_63' title="bbox 507 3268 2078 3354">
     <span class='ocr_line' id='line_1_63' title="bbox 507 3268 2078 3354; baseline 0.022 -34"><span class='ocrx_word' id='word_1_430' title='bbox 507 3268 758 3339; x_wconf 80' lang='lat' dir='ltr'><strong>[mss.A.,</strong></span> <span class='ocrx_word' id='word_1_431' title='bbox 777 3275 861 3343; x_wconf 75' lang='lat'><strong>8.,</strong></span> <span class='ocrx_word' id='word_1_432' title='bbox 878 3277 966 3343; x_wconf 83' lang='lat' dir='ltr'><strong>F.,</strong></span> <span class='ocrx_word' id='word_1_433' title='bbox 989 3281 1145 3354; x_wconf 81' lang='lat' dir='ltr'><strong>eum].</strong></span> <span class='ocrx_word' id='word_1_434' title='bbox 1163 3284 1414 3342; x_wconf 88' lang='lat' dir='ltr'><strong>Laudatio</strong></span> <span class='ocrx_word' id='word_1_435' title='bbox 1438 3293 1546 3354; x_wconf 85' lang='lat' dir='ltr'><strong>eius</strong></span> <span class='ocrx_word' id='word_1_436' title='bbox 1571 3305 1740 3348; x_wconf 88' lang='lat' dir='ltr'><strong>manet</strong></span> <span class='ocrx_word' id='word_1_437' title='bbox 1763 3296 1815 3349; x_wconf 84' lang='lat' dir='ltr'><strong>in</strong></span> <span class='ocrx_word' id='word_1_438' title='bbox 1837 3299 2078 3354; x_wconf 61' lang='lat' dir='ltr'><strong>stet-ulum</strong></span> 
     </span>
    </p>
   </div>
   <div class='ocr_carea' id='block_1_64' title="bbox 509 3363 2073 3456">
    <p class='ocr_par' dir='ltr' id='par_1_64' title="bbox 509 3363 2073 3456">
     <span class='ocr_line' id='line_1_64' title="bbox 509 3363 2073 3456; baseline 0.02 -44"><span class='ocrx_word' id='word_1_439' title='bbox 509 3363 704 3456; x_wconf 52' lang='lat' dir='ltr'><strong>seaculi.</strong></span> <span class='ocrx_word' id='word_1_440' title='bbox 735 3363 962 3456; x_wconf 53' lang='lat' dir='ltr'><strong>Dulchre</strong></span> <span class='ocrx_word' id='word_1_441' title='bbox 981 3370 1257 3429; x_wconf 78' lang='lat' dir='ltr'><strong>deﬁnitum</strong></span> <span class='ocrx_word' id='word_1_442' title='bbox 1281 3388 1362 3433; x_wconf 91' lang='lat' dir='ltr'><strong>est</strong></span> <span class='ocrx_word' id='word_1_443' title='bbox 1385 3381 1509 3448; x_wconf 91' lang='lat' dir='ltr'><strong>quid</strong></span> <span class='ocrx_word' id='word_1_444' title='bbox 1547 3383 1618 3436; x_wconf 88' lang='lat' dir='ltr'><strong>sit</strong></span> <span class='ocrx_word' id='word_1_445' title='bbox 1643 3385 1794 3438; x_wconf 87' lang='lat' dir='ltr'><strong>timor</strong></span> <span class='ocrx_word' id='word_1_446' title='bbox 1822 3386 2027 3443; x_wconf 84' lang='lat' dir='ltr'><strong>Domini</strong></span> <span class='ocrx_word' id='word_1_447' title='bbox 2051 3408 2073 3456; x_wconf 77' lang='lat'><strong>,-</strong></span> 
     </span>
    </p>
   </div>
   <div class='ocr_carea' id='block_1_65' title="bbox 508 3449 2072 3536">
    <p class='ocr_par' dir='ltr' id='par_1_65' title="bbox 508 3449 2072 3536">
     <span class='ocr_line' id='line_1_65' title="bbox 508 3449 2072 3536; baseline 0.023 -36"><span class='ocrx_word' id='word_1_448' title='bbox 508 3449 714 3505; x_wconf 88' lang='lat' dir='ltr'><strong>scilicet</strong></span> <span class='ocrx_word' id='word_1_449' title='bbox 738 3450 953 3509; x_wconf 82' lang='lat' dir='ltr'><strong>Initium</strong></span> <span class='ocrx_word' id='word_1_450' title='bbox 987 3461 1268 3530; x_wconf 71' lang='grc' dir='ltr'><strong>εαρὶεηιῑω.</strong></span> <span class='ocrx_word' id='word_1_451' title='bbox 1314 3466 1417 3522; x_wconf 86' lang='lat' dir='ltr'><strong>Per</strong></span> <span class='ocrx_word' id='word_1_452' title='bbox 1445 3468 1586 3524; x_wconf 89' lang='lat' dir='ltr'><strong>hunc</strong></span> <span class='ocrx_word' id='word_1_453' title='bbox 1614 3475 1754 3529; x_wconf 92' lang='lat' dir='ltr'><strong>enim</strong></span> <span class='ocrx_word' id='word_1_454' title='bbox 1797 3477 1862 3531; x_wconf 88' lang='lat' dir='ltr'><strong>ad</strong></span> <span class='ocrx_word' id='word_1_455' title='bbox 1891 3449 2072 3536; x_wconf 57' lang='lat' dir='ltr'><strong>Domi;</strong></span> 
     </span>
    </p>
   </div>
   <div class='ocr_carea' id='block_1_66' title="bbox 507 3541 2071 3630">
    <p class='ocr_par' dir='ltr' id='par_1_66' title="bbox 507 3541 2071 3630">
     <span class='ocr_line' id='line_1_66' title="bbox 507 3541 2071 3630; baseline 0.024 -38"><span class='ocrx_word' id='word_1_456' title='bbox 507 3553 633 3593; x_wconf 90' lang='lat' dir='ltr'><strong>num</strong></span> <span class='ocrx_word' id='word_1_457' title='bbox 665 3541 808 3596; x_wconf 89' lang='lat' dir='ltr'><strong>velut</strong></span> <span class='ocrx_word' id='word_1_458' title='bbox 833 3547 1146 3615; x_wconf 88' lang='lat' dir='ltr'><strong>quibusdam</strong></span> <span class='ocrx_word' id='word_1_459' title='bbox 1167 3552 1344 3621; x_wconf 90' lang='lat' dir='ltr'><strong>januis</strong></span> <span class='ocrx_word' id='word_1_460' title='bbox 1370 3557 1636 3616; x_wconf 90' lang='lat' dir='ltr'><strong>iulroitur.</strong></span> <span class='ocrx_word' id='word_1_461' title='bbox 1663 3563 1792 3620; x_wconf 86' lang='lat' dir='ltr'><strong>Nam</strong></span> <span class='ocrx_word' id='word_1_462' title='bbox 1819 3568 1865 3621; x_wconf 89' lang='lat' dir='ltr'><strong>si</strong></span> <span class='ocrx_word' id='word_1_463' title='bbox 1899 3581 2071 3630; x_wconf 89' lang='lat' dir='ltr'><strong>metus</strong></span> 
     </span>
    </p>
   </div>
   <div class='ocr_carea' id='block_1_67' title="bbox 505 3627 2070 3730">
    <p class='ocr_par' dir='ltr' id='par_1_67' title="bbox 505 3627 2070 3730">
     <span class='ocr_line' id='line_1_67' title="bbox 505 3627 2070 3730; baseline 0.021 -49"><span class='ocrx_word' id='word_1_464' title='bbox 505 3627 618 3696; x_wconf 85' lang='lat' dir='ltr'><strong>ejus</strong></span> <span class='ocrx_word' id='word_1_465' title='bbox 639 3629 819 3698; x_wconf 89' lang='lat' dir='ltr'><strong>judicii</strong></span> <span class='ocrx_word' id='word_1_466' title='bbox 849 3637 1134 3705; x_wconf 71' lang='lat' dir='ltr'><strong>nesciatur,</strong></span> <span class='ocrx_word' id='word_1_467' title='bbox 1165 3647 1536 3704; x_wconf 85' lang='lat' dir='ltr'><strong>conversionis</strong></span> <span class='ocrx_word' id='word_1_468' title='bbox 1565 3653 1826 3709; x_wconf 88' lang='lat' dir='ltr'><strong>medicina</strong></span> <span class='ocrx_word' id='word_1_469' title='bbox 1847 3661 2070 3730; x_wconf 79' lang='lat' dir='ltr'><strong>negligi-</strong></span> 
     </span>
    </p>
   </div>
   <div class='ocr_carea' id='block_1_68' title="bbox 504 3720 2072 3818">
    <p class='ocr_par' dir='ltr' id='par_1_68' title="bbox 504 3720 2072 3818">
     <span class='ocr_line' id='line_1_68' title="bbox 504 3720 2072 3818; baseline 0.023 -48"><span class='ocrx_word' id='word_1_470' title='bbox 504 3725 609 3772; x_wconf 86' lang='lat' dir='ltr'><strong>tur.</strong></span> <span class='ocrx_word' id='word_1_471' title='bbox 641 3720 944 3780; x_wconf 85' lang='lat' dir='ltr'><strong>Timeamus</strong></span> <span class='ocrx_word' id='word_1_472' title='bbox 966 3728 1327 3800; x_wconf 87' lang='lat' dir='ltr'><strong>ulciscentem,</strong></span> <span class='ocrx_word' id='word_1_473' title='bbox 1351 3748 1408 3792; x_wconf 92' lang='lat' dir='ltr'><strong>ut</strong></span> <span class='ocrx_word' id='word_1_474' title='bbox 1427 3754 1727 3798; x_wconf 87' lang='lat' dir='ltr'><strong>mereamur</strong></span> <span class='ocrx_word' id='word_1_475' title='bbox 1750 3747 1948 3804; x_wconf 81' lang='lat' dir='ltr'><strong>Redetn</strong></span> <span class='ocrx_word' id='word_1_476' title='bbox 1959 3720 2072 3818; x_wconf 66' lang='lat' dir='ltr'><strong>pto-</strong></span> 
     </span>
    </p>
   </div>
   <div class='ocr_carea' id='block_1_69' title="bbox 501 3810 2069 3909">
    <p class='ocr_par' dir='ltr' id='par_1_69' title="bbox 501 3810 2069 3909">
     <span class='ocr_line' id='line_1_69' title="bbox 501 3810 2069 3909; baseline 0.024 -49"><span class='ocrx_word' id='word_1_477' title='bbox 501 3810 576 3862; x_wconf 90' lang='lat' dir='ltr'><strong>ris</strong></span> <span class='ocrx_word' id='word_1_478' title='bbox 631 3811 756 3884; x_wconf 89' lang='lat' dir='ltr'><strong>[ed.,</strong></span> <span class='ocrx_word' id='word_1_479' title='bbox 800 3818 1198 3895; x_wconf 83' lang='lat' dir='ltr'><strong>redemptionis]</strong></span> <span class='ocrx_word' id='word_1_480' title='bbox 1243 3830 1466 3896; x_wconf 87' lang='lat' dir='ltr'><strong>gratiam</strong></span> <span class='ocrx_word' id='word_1_481' title='bbox 1500 3836 1755 3901; x_wconf 89' lang='lat' dir='ltr'><strong>reperire.</strong></span> <span class='ocrx_word' id='word_1_482' title='bbox 1795 3810 2069 3909; x_wconf 73' lang='lat' dir='ltr'><strong>Sequitur,</strong></span> 
     </span>
    </p>
   </div>
   <div class='ocr_carea' id='block_1_70' title="bbox 500 3903 2068 4000">
    <p class='ocr_par' dir='ltr' id='par_1_70' title="bbox 500 3903 2068 4000">
     <span class='ocr_line' id='line_1_70' title="bbox 500 3903 2068 4000; baseline 0.02 -48"><span class='ocrx_word' id='word_1_483' title='bbox 500 3903 776 3958; x_wconf 81' lang='lat' dir='ltr'><strong>intellectus</strong></span> <span class='ocrx_word' id='word_1_484' title='bbox 795 3907 952 3963; x_wconf 86' lang='lat' dir='ltr'><strong>bonus</strong></span> <span class='ocrx_word' id='word_1_485' title='bbox 981 3915 1213 3971; x_wconf 82' lang='lat' dir='ltr'><strong>omnibus</strong></span> <span class='ocrx_word' id='word_1_486' title='bbox 1249 3919 1550 3988; x_wconf 78' lang='lat' dir='ltr'><strong>facientibus</strong></span> <span class='ocrx_word' id='word_1_487' title='bbox 1592 3941 1722 3980; x_wconf 87' lang='lat' dir='ltr'><strong>eam.</strong></span> <span class='ocrx_word' id='word_1_488' title='bbox 1755 3927 1832 3982; x_wconf 88' lang='lat' dir='ltr'><strong>Ne</strong></span> <span class='ocrx_word' id='word_1_489' title='bbox 1856 3903 2068 4000; x_wconf 49' lang='lat' dir='ltr'><strong>sapien;</strong></span> 
     </span>
    </p>
   </div>
   <div class='ocr_carea' id='block_1_71' title="bbox 501 3990 2069 4078">
    <p class='ocr_par' dir='ltr' id='par_1_71' title="bbox 501 3990 2069 4078">
     <span class='ocr_line' id='line_1_71' title="bbox 501 3990 2069 4078; baseline 0.026 -41"><span class='ocrx_word' id='word_1_490' title='bbox 501 3990 624 4044; x_wconf 88' lang='lat' dir='ltr'><strong>tiam</strong></span> <span class='ocrx_word' id='word_1_491' title='bbox 657 4003 881 4061; x_wconf 87' lang='lat' dir='ltr'><strong>putares</strong></span> <span class='ocrx_word' id='word_1_492' title='bbox 933 3999 1236 4069; x_wconf 84' lang='lat' dir='ltr'><strong>humanam,</strong></span> <span class='ocrx_word' id='word_1_493' title='bbox 1271 4024 1388 4077; x_wconf 76' lang='lat' dir='ltr'><strong>qua:</strong></span> <span class='ocrx_word' id='word_1_494' title='bbox 1435 4012 1649 4068; x_wconf 82' lang='lat' dir='ltr'><strong>incertis</strong></span> <span class='ocrx_word' id='word_1_495' title='bbox 1675 4018 1887 4074; x_wconf 85' lang='lat' dir='ltr'><strong>casibus</strong></span> <span class='ocrx_word' id='word_1_496' title='bbox 1918 3990 2069 4078; x_wconf 78' lang='lat' dir='ltr'><strong>nutat</strong></span> 
     </span>
    </p>
   </div>
   <div class='ocr_carea' id='block_1_72' title="bbox 497 4079 2067 4166">
    <p class='ocr_par' dir='ltr' id='par_1_72' title="bbox 497 4079 2067 4166">
     <span class='ocr_line' id='line_1_72' title="bbox 497 4079 2067 4166; baseline 0.022 -36"><span class='ocrx_word' id='word_1_497' title='bbox 497 4087 547 4131; x_wconf 87' lang='lat' dir='ltr'><strong>ct</strong></span> <span class='ocrx_word' id='word_1_498' title='bbox 578 4079 812 4148; x_wconf 78' lang='lat' dir='ltr'><strong>ﬂuctuat,</strong></span> <span class='ocrx_word' id='word_1_499' title='bbox 837 4085 966 4140; x_wconf 90' lang='lat' dir='ltr'><strong>dicit</strong></span> <span class='ocrx_word' id='word_1_500' title='bbox 989 4087 1054 4143; x_wconf 90' lang='lat' dir='ltr'><strong>de</strong></span> <span class='ocrx_word' id='word_1_501' title='bbox 1085 4093 1182 4145; x_wconf 84' lang='lat' dir='ltr'><strong>ista</strong></span> <span class='ocrx_word' id='word_1_502' title='bbox 1208 4095 1412 4151; x_wconf 77' lang='lat' dir='ltr'><strong>cmlesti</strong></span> <span class='ocrx_word' id='word_1_503' title='bbox 1440 4101 1701 4166; x_wconf 87' lang='lat' dir='ltr'><strong>sapientia</strong></span> <span class='ocrx_word' id='word_1_504' title='bbox 1731 4120 1745 4157; x_wconf 93' lang='lat'>:</span> <span class='ocrx_word' id='word_1_505' title='bbox 1771 4103 2067 4164; x_wconf 82' lang='lat' dir='ltr'><strong>Intellectus</strong></span> 
     </span>
    </p>
   </div>
   <div class='ocr_carea' id='block_1_73' title="bbox 495 4165 2064 4260">
    <p class='ocr_par' dir='ltr' id='par_1_73' title="bbox 495 4165 2064 4260">
     <span class='ocr_line' id='line_1_73' title="bbox 495 4165 2064 4260; baseline 0.025 -43"><span class='ocrx_word' id='word_1_506' title='bbox 495 4165 673 4237; x_wconf 81' lang='lat' dir='ltr'><strong>bonus,</strong></span> <span class='ocrx_word' id='word_1_507' title='bbox 703 4171 756 4225; x_wconf 92' lang='lat' dir='ltr'><strong>id</strong></span> <span class='ocrx_word' id='word_1_508' title='bbox 787 4183 868 4227; x_wconf 91' lang='lat' dir='ltr'><strong>est</strong></span> <span class='ocrx_word' id='word_1_509' title='bbox 908 4191 1063 4231; x_wconf 89' lang='lat' dir='ltr'><strong>verus</strong></span> <span class='ocrx_word' id='word_1_510' title='bbox 1103 4192 1261 4250; x_wconf 87' lang='lat' dir='ltr'><strong>atque</strong></span> <span class='ocrx_word' id='word_1_511' title='bbox 1290 4165 1560 4253; x_wconf 88' lang='lat' dir='ltr'><strong>salutaris,</strong></span> <span class='ocrx_word' id='word_1_512' title='bbox 1593 4207 1750 4260; x_wconf 91' lang='lat' dir='ltr'><strong>quem</strong></span> <span class='ocrx_word' id='word_1_513' title='bbox 1781 4207 1990 4254; x_wconf 85' lang='lat' dir='ltr'><strong>constat</strong></span> <span class='ocrx_word' id='word_1_514' title='bbox 2012 4201 2064 4255; x_wconf 94' lang='lat' dir='ltr'><strong>in</strong></span> 
     </span>
    </p>
   </div>
   <div class='ocr_carea' id='block_1_74' title="bbox 494 4255 2063 4355">
    <p class='ocr_par' dir='ltr' id='par_1_74' title="bbox 494 4255 2063 4355">
     <span class='ocr_line' id='line_1_74' title="bbox 494 4255 2063 4355; baseline 0.024 -49"><span class='ocrx_word' id='word_1_515' title='bbox 494 4255 578 4308; x_wconf 87' lang='lat' dir='ltr'><strong>illa</strong></span> <span class='ocrx_word' id='word_1_516' title='bbox 609 4273 714 4312; x_wconf 83' lang='lat' dir='ltr'><strong>non</strong></span> <span class='ocrx_word' id='word_1_517' title='bbox 741 4274 880 4324; x_wconf 79' lang='lat' dir='ltr'><strong>e~se,</strong></span> <span class='ocrx_word' id='word_1_518' title='bbox 906 4263 973 4316; x_wconf 92' lang='lat' dir='ltr'><strong>de</strong></span> <span class='ocrx_word' id='word_1_519' title='bbox 1009 4280 1111 4333; x_wconf 90' lang='lat' dir='ltr'><strong>qua</strong></span> <span class='ocrx_word' id='word_1_520' title='bbox 1139 4271 1390 4337; x_wconf 89' lang='lat' dir='ltr'><strong>scriptum</strong></span> <span class='ocrx_word' id='word_1_521' title='bbox 1437 4287 1519 4330; x_wconf 85' lang='lat' dir='ltr'><strong>est</strong></span> <span class='ocrx_word' id='word_1_522' title='bbox 1549 4295 1562 4329; x_wconf 90' lang='lat'><strong>:</strong></span> <span class='ocrx_word' id='word_1_523' title='bbox 1595 4255 1866 4348; x_wconf 51' lang='lat' dir='ltr'><strong>sapientia</strong></span> <span class='ocrx_word' id='word_1_524' title='bbox 1909 4287 2063 4355; x_wconf 77' lang='lat' dir='ltr'><strong>huius</strong></span> 
     </span>
    </p>
   </div>
   <div class='ocr_carea' id='block_1_75' title="bbox 493 4349 2063 4447">
    <p class='ocr_par' dir='ltr' id='par_1_75' title="bbox 493 4349 2063 4447">
     <span class='ocr_line' id='line_1_75' title="bbox 493 4349 2063 4447; baseline 0.025 -50"><span class='ocrx_word' id='word_1_525' title='bbox 493 4349 668 4402; x_wconf 82' lang='lat' dir='ltr'><strong>mundi</strong></span> <span class='ocrx_word' id='word_1_526' title='bbox 711 4352 924 4406; x_wconf 89' lang='lat' dir='ltr'><strong>stultitia</strong></span> <span class='ocrx_word' id='word_1_527' title='bbox 955 4366 1028 4409; x_wconf 87' lang='lat' dir='ltr'><strong>est</strong></span> <span class='ocrx_word' id='word_1_528' title='bbox 1067 4361 1204 4428; x_wconf 86' lang='lat' dir='ltr'><strong>apud</strong></span> <span class='ocrx_word' id='word_1_529' title='bbox 1251 4361 1415 4418; x_wconf 86' lang='lat' dir='ltr'><strong>Deum</strong></span> <span class='ocrx_word' id='word_1_530' title='bbox 1445 4367 1498 4436; x_wconf 85' lang='lat' dir='ltr'><strong>(I</strong></span> <span class='ocrx_word' id='word_1_531' title='bbox 1539 4369 1658 4425; x_wconf 80' lang='lat' dir='ltr'><strong>Cor.</strong></span> <span class='ocrx_word' id='word_1_532' title='bbox 1692 4389 1770 4439; x_wconf 90' lang='lat' dir='ltr'><strong>ttt,</strong></span> <span class='ocrx_word' id='word_1_533' title='bbox 1805 4377 1915 4447; x_wconf 76' lang='grc'><strong>19).</strong></span> <span class='ocrx_word' id='word_1_534' title='bbox 1961 4349 2063 4438; x_wconf 77' lang='lat' dir='ltr'><strong>Iste</strong></span> 
     </span>
    </p>
   </div>
   <div class='ocr_carea' id='block_1_76' title="bbox 493 4438 2061 4529">
    <p class='ocr_par' dir='ltr' id='par_1_76' title="bbox 493 4438 2061 4529">
     <span class='ocr_line' id='line_1_76' title="bbox 493 4438 2061 4529; baseline 0.024 -41"><span class='ocrx_word' id='word_1_535' title='bbox 493 4449 624 4505; x_wconf 90' lang='lat' dir='ltr'><strong>ergo</strong></span> <span class='ocrx_word' id='word_1_536' title='bbox 651 4438 932 4496; x_wconf 87' lang='lat' dir='ltr'><strong>intellectus</strong></span> <span class='ocrx_word' id='word_1_537' title='bbox 954 4444 1042 4514; x_wconf 89' lang='lat' dir='ltr'><strong>qui</strong></span> <span class='ocrx_word' id='word_1_538' title='bbox 1069 4447 1120 4502; x_wconf 91' lang='lat' dir='ltr'><strong>in</strong></span> <span class='ocrx_word' id='word_1_539' title='bbox 1151 4451 1340 4506; x_wconf 89' lang='lat' dir='ltr'><strong>timore</strong></span> <span class='ocrx_word' id='word_1_540' title='bbox 1366 4456 1578 4514; x_wconf 92' lang='lat' dir='ltr'><strong>Domini</strong></span> <span class='ocrx_word' id='word_1_541' title='bbox 1610 4438 2061 4529; x_wconf 37' lang='lat' dir='ltr'><strong>probatur’inteno</strong></span> 
     </span>
    </p>
   </div>
   <div class='ocr_carea' id='block_1_77' title="bbox 490 4527 2056 4614">
    <p class='ocr_par' dir='ltr' id='par_1_77' title="bbox 490 4527 2056 4614">
     <span class='ocr_line' id='line_1_77' title="bbox 490 4527 2056 4614; baseline 0.023 -38"><span class='ocrx_word' id='word_1_542' title='bbox 490 4530 594 4590; x_wconf 90' lang='lat' dir='ltr'><strong>tus,</strong></span> <span class='ocrx_word' id='word_1_543' title='bbox 624 4527 770 4582; x_wconf 90' lang='lat' dir='ltr'><strong>utilis</strong></span> <span class='ocrx_word' id='word_1_544' title='bbox 789 4537 946 4600; x_wconf 89' lang='lat' dir='ltr'><strong>atque</strong></span> <span class='ocrx_word' id='word_1_545' title='bbox 971 4532 1270 4594; x_wconf 78' lang='lat' dir='ltr'><strong>fructuosus</strong></span> <span class='ocrx_word' id='word_1_546' title='bbox 1296 4551 1379 4596; x_wconf 90' lang='lat' dir='ltr'><strong>est</strong></span> <span class='ocrx_word' id='word_1_547' title='bbox 1408 4561 1424 4596; x_wconf 74' lang='grc' dir='ltr'>ε</span> <span class='ocrx_word' id='word_1_548' title='bbox 1453 4527 1701 4614; x_wconf 83' lang='lat' dir='ltr'><strong>quoniam</strong></span> <span class='ocrx_word' id='word_1_549' title='bbox 1735 4553 1858 4607; x_wconf 89' lang='lat' dir='ltr'><strong>inde</strong></span> <span class='ocrx_word' id='word_1_550' title='bbox 1881 4561 2056 4612; x_wconf 88' lang='lat' dir='ltr'><strong>nasci-</strong></span> 
     </span>
    </p>
   </div>
   <div class='ocr_carea' id='block_1_78' title="bbox 488 4617 2050 4703">
    <p class='ocr_par' dir='ltr' id='par_1_78' title="bbox 488 4617 2050 4703">
     <span class='ocr_line' id='line_1_78' title="bbox 488 4617 2050 4703; baseline 0.025 -39"><span class='ocrx_word' id='word_1_551' title='bbox 488 4619 593 4676; x_wconf 91' lang='lat' dir='ltr'><strong>tur,</strong></span> <span class='ocrx_word' id='word_1_552' title='bbox 637 4617 776 4683; x_wconf 90' lang='lat' dir='ltr'><strong>quod</strong></span> <span class='ocrx_word' id='word_1_553' title='bbox 804 4619 869 4673; x_wconf 86' lang='lat' dir='ltr'><strong>ad</strong></span> <span class='ocrx_word' id='word_1_554' title='bbox 899 4635 1186 4689; x_wconf 88' lang='lat' dir='ltr'><strong>perennem</strong></span> <span class='ocrx_word' id='word_1_555' title='bbox 1215 4629 1436 4698; x_wconf 86' lang='lat' dir='ltr'><strong>gloriam</strong></span> <span class='ocrx_word' id='word_1_556' title='bbox 1471 4637 1760 4702; x_wconf 85' lang='lat' dir='ltr'><strong>perducere</strong></span> <span class='ocrx_word' id='word_1_557' title='bbox 1791 4643 2050 4703; x_wconf 89' lang='lat' dir='ltr'><strong>videatur.</strong></span> 
     </span>
    </p>
   </div>
   <div class='ocr_carea' id='block_1_79' title="bbox 487 4704 2050 4796">
    <p class='ocr_par' dir='ltr' id='par_1_79' title="bbox 487 4704 2050 4796">
     <span class='ocr_line' id='line_1_79' title="bbox 487 4704 2050 4796; baseline 0.024 -38"><span class='ocrx_word' id='word_1_558' title='bbox 487 4704 710 4775; x_wconf 87' lang='lat' dir='ltr'><strong>Adiecit,</strong></span> <span class='ocrx_word' id='word_1_559' title='bbox 735 4709 964 4767; x_wconf 85' lang='lat' dir='ltr'><strong>laudatio</strong></span> <span class='ocrx_word' id='word_1_560' title='bbox 995 4717 1106 4788; x_wconf 87' lang='lat' dir='ltr'><strong>ejus</strong></span> <span class='ocrx_word' id='word_1_561' title='bbox 1134 4733 1298 4774; x_wconf 84' lang='lat' dir='ltr'><strong>manet</strong></span> <span class='ocrx_word' id='word_1_562' title='bbox 1319 4724 1373 4777; x_wconf 87' lang='lat' dir='ltr'><strong>in</strong></span> <span class='ocrx_word' id='word_1_563' title='bbox 1409 4726 1656 4782; x_wconf 72' lang='lat' dir='ltr'><strong>saeculum</strong></span> <span class='ocrx_word' id='word_1_564' title='bbox 1693 4735 1885 4789; x_wconf 63' lang='lat' dir='ltr'><strong>saeculi.</strong></span> <span class='ocrx_word' id='word_1_565' title='bbox 1915 4739 2050 4796; x_wconf 89' lang='lat' dir='ltr'><strong>Ecce</strong></span> 
     </span>
    </p>
   </div>
   <div class='ocr_carea' id='block_1_80' title="bbox 485 4791 2050 4887">
    <p class='ocr_par' dir='ltr' id='par_1_80' title="bbox 485 4791 2050 4887">
     <span class='ocr_line' id='line_1_80' title="bbox 485 4791 2050 4887; baseline 0.024 -40"><span class='ocrx_word' id='word_1_566' title='bbox 485 4791 706 4852; x_wconf 89' lang='lat' dir='ltr'><strong>intentio</strong></span> <span class='ocrx_word' id='word_1_567' title='bbox 735 4799 922 4868; x_wconf 83' lang='lat' dir='ltr'><strong>psalmi</strong></span> <span class='ocrx_word' id='word_1_568' title='bbox 949 4813 1052 4859; x_wconf 89' lang='lat' dir='ltr'><strong>tota</strong></span> <span class='ocrx_word' id='word_1_569' title='bbox 1075 4808 1342 4867; x_wconf 90' lang='lat' dir='ltr'><strong>declarata</strong></span> <span class='ocrx_word' id='word_1_570' title='bbox 1373 4823 1474 4870; x_wconf 90' lang='lat' dir='ltr'><strong>est.</strong></span> <span class='ocrx_word' id='word_1_571' title='bbox 1497 4817 1730 4887; x_wconf 87' lang='lat' dir='ltr'><strong>Populus</strong></span> <span class='ocrx_word' id='word_1_572' title='bbox 1755 4791 2050 4884; x_wconf 39' lang='lat' dir='ltr'><strong>ille&#39;lldelis</strong></span> 
     </span>
    </p>
   </div>
   <div class='ocr_carea' id='block_1_81' title="bbox 483 4887 2044 4986">
    <p class='ocr_par' dir='ltr' id='par_1_81' title="bbox 483 4887 2044 4986">
     <span class='ocr_line' id='line_1_81' title="bbox 483 4887 2044 4986; baseline 0.022 -48"><span class='ocrx_word' id='word_1_573' title='bbox 483 4898 513 4938; x_wconf 85' lang='lat' dir='ltr'><strong>a</strong></span> <span class='ocrx_word' id='word_1_574' title='bbox 542 4887 801 4986; x_wconf 73' lang='lat' dir='ltr'><strong>diabolica</strong></span> <span class='ocrx_word' id='word_1_575' title='bbox 829 4899 1088 4963; x_wconf 88' lang='lat' dir='ltr'><strong>pravitate</strong></span> <span class='ocrx_word' id='word_1_576' title='bbox 1109 4899 1380 4970; x_wconf 88' lang='lat' dir='ltr'><strong>liberatus,</strong></span> <span class='ocrx_word' id='word_1_577' title='bbox 1403 4909 1599 4975; x_wconf 87' lang='lat' dir='ltr'><strong>gratias</strong></span> <span class='ocrx_word' id='word_1_578' title='bbox 1617 4925 1778 4980; x_wconf 83' lang='lat' dir='ltr'><strong>agens</strong></span> <span class='ocrx_word' id='word_1_579' title='bbox 1801 4915 2044 4986; x_wconf 87' lang='lat' dir='ltr'><strong>Domino,</strong></span> 
     </span>
    </p>
   </div>
   <div class='ocr_carea' id='block_1_82' title="bbox 421 4979 2053 5070">
    <p class='ocr_par' dir='ltr' id='par_1_82' title="bbox 421 4979 2053 5070">
     <span class='ocr_line' id='line_1_82' title="bbox 421 4979 2053 5070; baseline 0.023 -45"><span class='ocrx_word' id='word_1_580' title='bbox 421 4985 443 5000; x_wconf 85' lang='lat'><strong><em>-&#39;</em></strong></span> <span class='ocrx_word' id='word_1_581' title='bbox 481 4979 795 5035; x_wconf 87' lang='lat' dir='ltr'><strong>sententiam</strong></span> <span class='ocrx_word' id='word_1_582' title='bbox 843 4985 1106 5056; x_wconf 83' lang='lat' dir='ltr'><strong>religiosae</strong></span> <span class='ocrx_word' id='word_1_583' title='bbox 1141 4992 1337 5048; x_wconf 90' lang='lat' dir='ltr'><strong>mentis</strong></span> <span class='ocrx_word' id='word_1_584' title='bbox 1377 4979 1672 5065; x_wconf 48' lang='lat' dir='ltr'><strong>expressit;</strong></span> <span class='ocrx_word' id='word_1_585' title='bbox 1711 5004 1854 5070; x_wconf 91' lang='lat' dir='ltr'><strong>quod</strong></span> <span class='ocrx_word' id='word_1_586' title='bbox 1883 5016 1936 5060; x_wconf 92' lang='lat' dir='ltr'><strong>et</strong></span> <span class='ocrx_word' id='word_1_587' title='bbox 1969 4979 2053 5063; x_wconf 82' lang='lat' dir='ltr'><strong>hic</strong></span> 
     </span>
    </p>
   </div>
   <div class='ocr_carea' id='block_1_83' title="bbox 481 5063 2051 5152">
    <p class='ocr_par' dir='ltr' id='par_1_83' title="bbox 481 5063 2051 5152">
     <span class='ocr_line' id='line_1_83' title="bbox 481 5063 2051 5152; baseline 0.024 -37"><span class='ocrx_word' id='word_1_588' title='bbox 481 5063 658 5120; x_wconf 82' lang='lat' dir='ltr'><strong>facere</strong></span> <span class='ocrx_word' id='word_1_589' title='bbox 684 5069 879 5126; x_wconf 89' lang='lat' dir='ltr'><strong>debent</strong></span> <span class='ocrx_word' id='word_1_590' title='bbox 905 5076 996 5144; x_wconf 91' lang='lat' dir='ltr'><strong>qui</strong></span> <span class='ocrx_word' id='word_1_591' title='bbox 1025 5076 1201 5134; x_wconf 86' lang='lat' dir='ltr'><strong>devoti</strong></span> <span class='ocrx_word' id='word_1_592' title='bbox 1223 5089 1368 5152; x_wconf 90' lang='lat' dir='ltr'><strong>sunt,</strong></span> <span class='ocrx_word' id='word_1_593' title='bbox 1399 5063 1527 5142; x_wconf 79' lang='lat' dir='ltr'><strong>etin</strong></span> <span class='ocrx_word' id='word_1_594' title='bbox 1558 5063 1873 5148; x_wconf 60' lang='lat' dir='ltr'><strong>illactelesti</strong></span> <span class='ocrx_word' id='word_1_595' title='bbox 1895 5095 2051 5152; x_wconf 83' lang='lat' dir='ltr'><strong>Jeru-</strong></span> 
     </span>
    </p>
   </div>
   <div class='ocr_carea' id='block_1_84' title="bbox 479 5156 2050 5249">
    <p class='ocr_par' dir='ltr' id='par_1_84' title="bbox 479 5156 2050 5249">
     <span class='ocr_line' id='line_1_84' title="bbox 479 5156 2050 5249; baseline 0.022 -41"><span class='ocrx_word' id='word_1_596' title='bbox 479 5156 645 5213; x_wconf 83' lang='lat' dir='ltr'><strong>salem</strong></span> <span class='ocrx_word' id='word_1_597' title='bbox 673 5174 703 5214; x_wconf 89' lang='lat' dir='ltr'><strong>a</strong></span> <span class='ocrx_word' id='word_1_598' title='bbox 750 5163 916 5220; x_wconf 85' lang='lat' dir='ltr'><strong>beatis</strong></span> <span class='ocrx_word' id='word_1_599' title='bbox 943 5180 1152 5226; x_wconf 85' lang='lat' dir='ltr'><strong>constat</strong></span> <span class='ocrx_word' id='word_1_600' title='bbox 1197 5187 1318 5230; x_wconf 89' lang='lat' dir='ltr'><strong>esse</strong></span> <span class='ocrx_word' id='word_1_601' title='bbox 1367 5179 1746 5249; x_wconf 85' lang='lat' dir='ltr'><strong>peragendum.</strong></span> <span class='ocrx_word' id='word_1_602' title='bbox 1794 5183 2050 5243; x_wconf 89' lang='lat' dir='ltr'><strong>Laudatio</strong></span> 
     </span>
    </p>
   </div>
   <div class='ocr_carea' id='block_1_85' title="bbox 479 5249 2041 5338">
    <p class='ocr_par' dir='ltr' id='par_1_85' title="bbox 479 5249 2041 5338">
     <span class='ocr_line' id='line_1_85' title="bbox 479 5249 2041 5338; baseline 0.022 -39"><span class='ocrx_word' id='word_1_603' title='bbox 479 5249 620 5302; x_wconf 87' lang='lat' dir='ltr'><strong>enim</strong></span> <span class='ocrx_word' id='word_1_604' title='bbox 647 5252 758 5320; x_wconf 85' lang='lat' dir='ltr'><strong>ejus</strong></span> <span class='ocrx_word' id='word_1_605' title='bbox 783 5268 886 5308; x_wconf 88' lang='lat' dir='ltr'><strong>non</strong></span> <span class='ocrx_word' id='word_1_606' title='bbox 915 5258 1176 5316; x_wconf 87' lang='lat' dir='ltr'><strong>clauditur</strong></span> <span class='ocrx_word' id='word_1_607' title='bbox 1203 5265 1450 5335; x_wconf 89' lang='lat' dir='ltr'><strong>termino,</strong></span> <span class='ocrx_word' id='word_1_608' title='bbox 1477 5272 1599 5338; x_wconf 90' lang='lat' dir='ltr'><strong>quia</strong></span> <span class='ocrx_word' id='word_1_609' title='bbox 1626 5287 1724 5327; x_wconf 88' lang='lat' dir='ltr'><strong>nec</strong></span> <span class='ocrx_word' id='word_1_610' title='bbox 1753 5274 1909 5330; x_wconf 85' lang='lat' dir='ltr'><strong>linem</strong></span> <span class='ocrx_word' id='word_1_611' title='bbox 1941 5279 2041 5333; x_wconf 85' lang='lat' dir='ltr'><strong>ha-</strong></span> 
     </span>
    </p>
   </div>
   <div class='ocr_carea' id='block_1_86' title="bbox 478 5335 2046 5433">
    <p class='ocr_par' dir='ltr' id='par_1_86' title="bbox 478 5335 2046 5433">
     <span class='ocr_line' id='line_1_86' title="bbox 478 5335 2046 5433; baseline 0.021 -43"><span class='ocrx_word' id='word_1_612' title='bbox 478 5335 606 5433; x_wconf 68' lang='lat' dir='ltr'><strong>bere</strong></span> <span class='ocrx_word' id='word_1_613' title='bbox 629 5352 798 5410; x_wconf 87' lang='lat' dir='ltr'><strong>potest</strong></span> <span class='ocrx_word' id='word_1_614' title='bbox 819 5347 1154 5407; x_wconf 87' lang='lat' dir='ltr'><strong>beneﬁcium.</strong></span> <span class='ocrx_word' id='word_1_615' title='bbox 1187 5354 1281 5411; x_wconf 86' lang='lat' dir='ltr'><strong>Hic</strong></span> <span class='ocrx_word' id='word_1_616' title='bbox 1301 5335 1563 5427; x_wconf 84' lang='lat' dir='ltr'><strong>laudatur,</strong></span> <span class='ocrx_word' id='word_1_617' title='bbox 1589 5365 1712 5432; x_wconf 87' lang='lat' dir='ltr'><strong>quia</strong></span> <span class='ocrx_word' id='word_1_618' title='bbox 1737 5377 2046 5433; x_wconf 82' lang='lat' dir='ltr'><strong>peccatores</strong></span> 
     </span>
    </p>
   </div>
   <div class='ocr_carea' id='block_1_87' title="bbox 477 5423 2044 5514">
    <p class='ocr_par' dir='ltr' id='par_1_87' title="bbox 477 5423 2044 5514">
     <span class='ocr_line' id='line_1_87' title="bbox 477 5423 2044 5514; baseline 0.021 -34"><span class='ocrx_word' id='word_1_619' title='bbox 477 5423 698 5499; x_wconf 87' lang='lat' dir='ltr'><strong>liberat;</strong></span> <span class='ocrx_word' id='word_1_620' title='bbox 731 5433 800 5489; x_wconf 90' lang='lat' dir='ltr'><strong>ibi</strong></span> <span class='ocrx_word' id='word_1_621' title='bbox 831 5439 1169 5506; x_wconf 74' lang='lat' dir='ltr'><strong>praedicatur,</strong></span> <span class='ocrx_word' id='word_1_622' title='bbox 1192 5445 1314 5514; x_wconf 92' lang='lat' dir='ltr'><strong>quia</strong></span> <span class='ocrx_word' id='word_1_623' title='bbox 1338 5423 1560 5505; x_wconf 82' lang='lat' dir='ltr'><strong>devotos</strong></span> <span class='ocrx_word' id='word_1_624' title='bbox 1577 5423 1824 5509; x_wconf 71' lang='lat' dir='ltr'><strong>coronat.</strong></span> <span class='ocrx_word' id='word_1_625' title='bbox 1853 5457 2044 5513; x_wconf 90' lang='lat' dir='ltr'><strong>Merito</strong></span> 
     </span>
    </p>
   </div>
   <div class='ocr_carea' id='block_1_88' title="bbox 473 5527 2042 5615">
    <p class='ocr_par' dir='ltr' id='par_1_88' title="bbox 473 5527 2042 5615">
     <span class='ocr_line' id='line_1_88' title="bbox 473 5527 2042 5615; baseline 0.019 -39"><span class='ocrx_word' id='word_1_626' title='bbox 473 5537 599 5593; x_wconf 85' lang='lat' dir='ltr'><strong>etgo</strong></span> <span class='ocrx_word' id='word_1_627' title='bbox 627 5527 848 5583; x_wconf 81' lang='lat' dir='ltr'><strong>Alleluia</strong></span> <span class='ocrx_word' id='word_1_628' title='bbox 873 5529 928 5586; x_wconf 89' lang='lat' dir='ltr'><strong>in</strong></span> <span class='ocrx_word' id='word_1_629' title='bbox 962 5533 1112 5590; x_wconf 87' lang='lat' dir='ltr'><strong>titulo</strong></span> <span class='ocrx_word' id='word_1_630' title='bbox 1143 5538 1373 5604; x_wconf 85' lang='lat' dir='ltr'><strong>psalmus</strong></span> <span class='ocrx_word' id='word_1_631' title='bbox 1404 5541 1504 5598; x_wconf 90' lang='lat' dir='ltr'><strong>iste</strong></span> <span class='ocrx_word' id='word_1_632' title='bbox 1535 5548 1876 5615; x_wconf 82' lang='lat' dir='ltr'><strong>cognoscitur</strong></span> <span class='ocrx_word' id='word_1_633' title='bbox 1919 5563 2042 5605; x_wconf 89' lang='lat' dir='ltr'><strong>sus-</strong></span> 
     </span>
    </p>
   </div>
   <div class='ocr_carea' id='block_1_89' title="bbox 472 5613 2040 5710">
    <p class='ocr_par' dir='ltr' id='par_1_89' title="bbox 472 5613 2040 5710">
     <span class='ocr_line' id='line_1_89' title="bbox 472 5613 2040 5710; baseline 0.022 -46"><span class='ocrx_word' id='word_1_634' title='bbox 472 5613 696 5682; x_wconf 78' lang='lat' dir='ltr'><strong>cepisse,</strong></span> <span class='ocrx_word' id='word_1_635' title='bbox 723 5623 809 5677; x_wconf 91' lang='lat' dir='ltr'><strong>uui</strong></span> <span class='ocrx_word' id='word_1_636' title='bbox 839 5633 892 5676; x_wconf 90' lang='lat' dir='ltr'><strong>et</strong></span> <span class='ocrx_word' id='word_1_637' title='bbox 911 5640 940 5677; x_wconf 81' lang='lat' dir='ltr'><strong>a</strong></span> <span class='ocrx_word' id='word_1_638' title='bbox 965 5624 1120 5684; x_wconf 86' lang='lat' dir='ltr'><strong>laude</strong></span> <span class='ocrx_word' id='word_1_639' title='bbox 1145 5629 1348 5687; x_wconf 89' lang='lat' dir='ltr'><strong>Domini</strong></span> <span class='ocrx_word' id='word_1_640' title='bbox 1374 5633 1497 5690; x_wconf 79' lang='lat' dir='ltr'><strong>fecit</strong></span> <span class='ocrx_word' id='word_1_641' title='bbox 1522 5613 1748 5706; x_wconf 79' lang='lat' dir='ltr'><strong>initium,</strong></span> <span class='ocrx_word' id='word_1_642' title='bbox 1773 5641 1900 5697; x_wconf 90' lang='lat' dir='ltr'><strong>etin</strong></span> <span class='ocrx_word' id='word_1_643' title='bbox 1925 5643 2040 5710; x_wconf 89' lang='lat' dir='ltr'><strong>ejus</strong></span> 
     </span>
    </p>
   </div>
   <div class='ocr_carea' id='block_1_90' title="bbox 471 5703 976 5768">
    <p class='ocr_par' dir='ltr' id='par_1_90' title="bbox 471 5703 976 5768">
     <span class='ocr_line' id='line_1_90' title="bbox 471 5703 976 5768; baseline 0.026 -13"><span class='ocrx_word' id='word_1_644' title='bbox 471 5703 625 5761; x_wconf 87' lang='lat' dir='ltr'><strong>laude</strong></span> <span class='ocrx_word' id='word_1_645' title='bbox 661 5707 838 5765; x_wconf 86' lang='lat' dir='ltr'><strong>ﬁnitus</strong></span> <span class='ocrx_word' id='word_1_646' title='bbox 877 5726 976 5768; x_wconf 78' lang='lat' dir='ltr'><strong>cst.</strong></span> 
     </span>
    </p>
   </div>
   <div class='ocr_carea' id='block_1_91' title="bbox 2184 3259 3749 3336">
    <p class='ocr_par' dir='ltr' id='par_1_91' title="bbox 2184 3259 3749 3336">
     <span class='ocr_line' id='line_1_91' title="bbox 2184 3259 3749 3336; baseline 0.003 -22"><span class='ocrx_word' id='word_1_647' title='bbox 2184 3261 2268 3314; x_wconf 91' lang='lat' dir='ltr'><strong>hic</strong></span> <span class='ocrx_word' id='word_1_648' title='bbox 2295 3271 2513 3329; x_wconf 85' lang='lat' dir='ltr'><strong>quartus</strong></span> <span class='ocrx_word' id='word_1_649' title='bbox 2547 3272 2628 3316; x_wconf 89' lang='lat' dir='ltr'><strong>est</strong></span> <span class='ocrx_word' id='word_1_650' title='bbox 2659 3263 2925 3331; x_wconf 83' lang='lat' dir='ltr'><strong>psalmus;</strong></span> <span class='ocrx_word' id='word_1_651' title='bbox 2959 3259 3196 3320; x_wconf 82' lang='lat' dir='ltr'><strong>ostendit</strong></span> <span class='ocrx_word' id='word_1_652' title='bbox 3218 3261 3360 3320; x_wconf 91' lang='lat' dir='ltr'><strong>enim</strong></span> <span class='ocrx_word' id='word_1_653' title='bbox 3407 3271 3528 3336; x_wconf 82' lang='lat' dir='ltr'><strong>post</strong></span> <span class='ocrx_word' id='word_1_654' title='bbox 3557 3261 3749 3318; x_wconf 75' lang='lat' dir='ltr'><strong>libera-</strong></span> 
     </span>
    </p>
   </div>
   <div class='ocr_carea' id='block_1_92' title="bbox 2181 3351 3750 3424">
    <p class='ocr_par' dir='ltr' id='par_1_92' title="bbox 2181 3351 3750 3424">
     <span class='ocr_line' id='line_1_92' title="bbox 2181 3351 3750 3424; baseline 0.004 -22"><span class='ocrx_word' id='word_1_655' title='bbox 2181 3351 2376 3404; x_wconf 80' lang='lat' dir='ltr'><strong>tionem</strong></span> <span class='ocrx_word' id='word_1_656' title='bbox 2409 3351 2566 3422; x_wconf 79' lang='lat'><strong>383</strong></span> <span class='ocrx_word' id='word_1_657' title='bbox 2596 3352 2908 3407; x_wconf 90' lang='lat' dir='ltr'><strong>delictorum</strong></span> <span class='ocrx_word' id='word_1_658' title='bbox 2948 3366 3144 3424; x_wconf 89' lang='lat' dir='ltr'><strong>quanta</strong></span> <span class='ocrx_word' id='word_1_659' title='bbox 3191 3355 3298 3410; x_wconf 86' lang='lat' dir='ltr'><strong>sint</strong></span> <span class='ocrx_word' id='word_1_660' title='bbox 3321 3355 3462 3410; x_wconf 86' lang='lat' dir='ltr'><strong>bona</strong></span> <span class='ocrx_word' id='word_1_661' title='bbox 3493 3357 3750 3418; x_wconf 81' lang='lat' dir='ltr'><strong>ﬁdelium,</strong></span> 
     </span>
    </p>
   </div>
   <div class='ocr_carea' id='block_1_93' title="bbox 2178 3443 3140 3511">
    <p class='ocr_par' dir='ltr' id='par_1_93' title="bbox 2178 3443 3140 3511">
     <span class='ocr_line' id='line_1_93' title="bbox 2178 3443 3140 3511; baseline 0.009 -18"><span class='ocrx_word' id='word_1_662' title='bbox 2178 3449 2231 3494; x_wconf 90' lang='lat' dir='ltr'><strong>et</strong></span> <span class='ocrx_word' id='word_1_663' title='bbox 2251 3456 2368 3511; x_wconf 62' lang='lat' dir='ltr'><strong>quae</strong></span> <span class='ocrx_word' id='word_1_664' title='bbox 2397 3443 2464 3495; x_wconf 86' lang='lat' dir='ltr'><strong>sit</strong></span> <span class='ocrx_word' id='word_1_665' title='bbox 2490 3443 2768 3498; x_wconf 89' lang='lat' dir='ltr'><strong>retributio</strong></span> <span class='ocrx_word' id='word_1_666' title='bbox 2795 3445 3140 3511; x_wconf 88' lang='lat' dir='ltr'><strong>perlidorum.</strong></span> 
     </span>
    </p>
   </div>
   <div class='ocr_carea' id='block_1_94' title="bbox 2743 3552 3176 3626">
    <p class='ocr_par' dir='ltr' id='par_1_94' title="bbox 2743 3552 3176 3626">
     <span class='ocr_line' id='line_1_94' title="bbox 2743 3552 3176 3626; baseline 0.016 -21"><span class='ocrx_word' id='word_1_667' title='bbox 2743 3552 2937 3610; x_wconf 84' lang='lat' dir='ltr'><strong>Divisio</strong></span> <span class='ocrx_word' id='word_1_668' title='bbox 2971 3556 3176 3626; x_wconf 85' lang='lat' dir='ltr'><strong>psalmi.</strong></span> 
     </span>
    </p>
   </div>
   <div class='ocr_carea' id='block_1_95' title="bbox 2246 3642 3748 3720">
    <p class='ocr_par' dir='ltr' id='par_1_95' title="bbox 2246 3642 3748 3720">
     <span class='ocr_line' id='line_1_95' title="bbox 2246 3642 3748 3720; baseline 0.005 -24"><span class='ocrx_word' id='word_1_669' title='bbox 2246 3642 2349 3696; x_wconf 86' lang='lat' dir='ltr'><strong>Per</strong></span> <span class='ocrx_word' id='word_1_670' title='bbox 2407 3652 2575 3698; x_wconf 89' lang='lat' dir='ltr'><strong>totum</strong></span> <span class='ocrx_word' id='word_1_671' title='bbox 2633 3647 2892 3715; x_wconf 89' lang='lat' dir='ltr'><strong>psalmum</strong></span> <span class='ocrx_word' id='word_1_672' title='bbox 2952 3652 3210 3718; x_wconf 80' lang='lat' dir='ltr'><strong>propheta</strong></span> <span class='ocrx_word' id='word_1_673' title='bbox 3265 3651 3522 3720; x_wconf 87' lang='lat' dir='ltr'><strong>loquitur.</strong></span> <span class='ocrx_word' id='word_1_674' title='bbox 3575 3651 3748 3706; x_wconf 80' lang='lat' dir='ltr'><strong>Prima</strong></span> 
     </span>
    </p>
   </div>
   <div class='ocr_carea' id='block_1_96' title="bbox 2173 3733 3746 3812">
    <p class='ocr_par' dir='ltr' id='par_1_96' title="bbox 2173 3733 3746 3812">
     <span class='ocr_line' id='line_1_96' title="bbox 2173 3733 3746 3812; baseline 0.004 -25"><span class='ocrx_word' id='word_1_675' title='bbox 2173 3733 2536 3792; x_wconf 85' lang='lat' dir='ltr'><strong>admonitione</strong></span> <span class='ocrx_word' id='word_1_676' title='bbox 2580 3738 2706 3807; x_wconf 88' lang='lat' dir='ltr'><strong>quid</strong></span> <span class='ocrx_word' id='word_1_677' title='bbox 2740 3739 2896 3793; x_wconf 82' lang='lat' dir='ltr'><strong>faciat</strong></span> <span class='ocrx_word' id='word_1_678' title='bbox 2943 3740 3127 3796; x_wconf 92' lang='lat' dir='ltr'><strong>beatus</strong></span> <span class='ocrx_word' id='word_1_679' title='bbox 3171 3743 3270 3808; x_wconf 89' lang='lat' dir='ltr'><strong>vir,</strong></span> <span class='ocrx_word' id='word_1_680' title='bbox 3293 3753 3350 3797; x_wconf 85' lang='lat' dir='ltr'><strong>et</strong></span> <span class='ocrx_word' id='word_1_681' title='bbox 3379 3754 3580 3812; x_wconf 88' lang='lat' dir='ltr'><strong>quanta</strong></span> <span class='ocrx_word' id='word_1_682' title='bbox 3615 3746 3746 3798; x_wconf 79' lang='lat' dir='ltr'><strong>bona</strong></span> 
     </span>
    </p>
   </div>
   <div class='ocr_carea' id='block_1_97' title="bbox 2175 3823 3741 3897">
    <p class='ocr_par' dir='ltr' id='par_1_97' title="bbox 2175 3823 3741 3897">
     <span class='ocr_line' id='line_1_97' title="bbox 2175 3823 3741 3897; baseline 0.005 -19"><span class='ocrx_word' id='word_1_683' title='bbox 2175 3823 2383 3878; x_wconf 86' lang='lat' dir='ltr'><strong>Domini</strong></span> <span class='ocrx_word' id='word_1_684' title='bbox 2437 3827 2607 3894; x_wconf 85' lang='lat' dir='ltr'><strong>gratia</strong></span> <span class='ocrx_word' id='word_1_685' title='bbox 2659 3840 2944 3892; x_wconf 88' lang='lat' dir='ltr'><strong>mereatur,</strong></span> <span class='ocrx_word' id='word_1_686' title='bbox 2985 3831 3257 3897; x_wconf 83' lang='lat' dir='ltr'><strong>ostendit;</strong></span> <span class='ocrx_word' id='word_1_687' title='bbox 3291 3835 3532 3888; x_wconf 78' lang='lat' dir='ltr'><strong>continet</strong></span> <span class='ocrx_word' id='word_1_688' title='bbox 3570 3846 3741 3888; x_wconf 84' lang='lat' dir='ltr'><strong>autem</strong></span> 
     </span>
    </p>
   </div>
   <div class='ocr_carea' id='block_1_98' title="bbox 2172 3913 3734 3990">
    <p class='ocr_par' dir='ltr' id='par_1_98' title="bbox 2172 3913 3734 3990">
     <span class='ocr_line' id='line_1_98' title="bbox 2172 3913 3734 3990; baseline 0.009 -24"><span class='ocrx_word' id='word_1_689' title='bbox 2172 3913 2378 3968; x_wconf 86' lang='lat' dir='ltr'><strong>litteras</strong></span> <span class='ocrx_word' id='word_1_690' title='bbox 2421 3929 2538 3970; x_wconf 89' lang='lat' dir='ltr'><strong>sex.</strong></span> <span class='ocrx_word' id='word_1_691' title='bbox 2592 3915 2838 3971; x_wconf 88' lang='lat' dir='ltr'><strong>Secunda</strong></span> <span class='ocrx_word' id='word_1_692' title='bbox 2891 3922 3176 3974; x_wconf 88' lang='lat' dir='ltr'><strong>adventum</strong></span> <span class='ocrx_word' id='word_1_693' title='bbox 3219 3921 3432 3976; x_wconf 88' lang='lat' dir='ltr'><strong>Domini</strong></span> <span class='ocrx_word' id='word_1_694' title='bbox 3487 3923 3734 3990; x_wconf 78' lang='lat' dir='ltr'><strong>signiﬁcat</strong></span> 
     </span>
    </p>
   </div>
   <div class='ocr_carea' id='block_1_99' title="bbox 2170 4003 3734 4082">
    <p class='ocr_par' dir='ltr' id='par_1_99' title="bbox 2170 4003 3734 4082">
     <span class='ocr_line' id='line_1_99' title="bbox 2170 4003 3734 4082; baseline 0.006 -24"><span class='ocrx_word' id='word_1_695' title='bbox 2170 4003 2484 4073; x_wconf 86' lang='lat' dir='ltr'><strong>Salvatoris,</strong></span> <span class='ocrx_word' id='word_1_696' title='bbox 2532 4021 2629 4076; x_wconf 89' lang='lat' dir='ltr'><strong>per</strong></span> <span class='ocrx_word' id='word_1_697' title='bbox 2670 4023 2830 4077; x_wconf 89' lang='lat' dir='ltr'><strong>quem</strong></span> <span class='ocrx_word' id='word_1_698' title='bbox 2876 4010 3120 4066; x_wconf 85' lang='lat' dir='ltr'><strong>homines</strong></span> <span class='ocrx_word' id='word_1_699' title='bbox 3161 4028 3228 4066; x_wconf 86' lang='lat' dir='ltr'><strong>ex</strong></span> <span class='ocrx_word' id='word_1_700' title='bbox 3274 4014 3634 4082; x_wconf 87' lang='lat' dir='ltr'><strong>peccatoribus</strong></span> <span class='ocrx_word' id='word_1_701' title='bbox 3678 4025 3734 4069; x_wconf 90' lang='lat' dir='ltr'><strong>et</strong></span> 
     </span>
    </p>
   </div>
   <div class='ocr_carea' id='block_1_100' title="bbox 2170 4094 3738 4178">
    <p class='ocr_par' dir='ltr' id='par_1_100' title="bbox 2170 4094 3738 4178">
     <span class='ocr_line' id='line_1_100' title="bbox 2170 4094 3738 4178; baseline 0.01 -30"><span class='ocrx_word' id='word_1_702' title='bbox 2170 4094 2347 4164; x_wconf 86' lang='lat' dir='ltr'><strong>impiis</strong></span> <span class='ocrx_word' id='word_1_703' title='bbox 2375 4097 2426 4150; x_wconf 91' lang='lat' dir='ltr'><strong>in</strong></span> <span class='ocrx_word' id='word_1_704' title='bbox 2457 4108 2714 4153; x_wconf 67' lang='lat' dir='ltr'><strong>aeternum</strong></span> <span class='ocrx_word' id='word_1_705' title='bbox 2763 4101 2904 4156; x_wconf 88' lang='lat' dir='ltr'><strong>beati</strong></span> <span class='ocrx_word' id='word_1_706' title='bbox 2934 4118 3052 4158; x_wconf 85' lang='lat' dir='ltr'><strong>esse</strong></span> <span class='ocrx_word' id='word_1_707' title='bbox 3080 4116 3482 4172; x_wconf 89' lang='lat' dir='ltr'><strong>promerentur:</strong></span> <span class='ocrx_word' id='word_1_708' title='bbox 3514 4124 3632 4178; x_wconf 63' lang='lat' dir='ltr'><strong>qua</strong></span> <span class='ocrx_word' id='word_1_709' title='bbox 3657 4111 3738 4163; x_wconf 43' lang='lat' dir='ltr'><strong>dis</strong></span> 
     </span>
    </p>
   </div>
   <div class='ocr_carea' id='block_1_101' title="bbox 2169 4186 3737 4256">
    <p class='ocr_par' dir='ltr' id='par_1_101' title="bbox 2169 4186 3737 4256">
     <span class='ocr_line' id='line_1_101' title="bbox 2169 4186 3737 4256; baseline 0.012 -18"><span class='ocrx_word' id='word_1_710' title='bbox 2169 4186 2309 4239; x_wconf 91' lang='lat' dir='ltr'><strong>visio</strong></span> <span class='ocrx_word' id='word_1_711' title='bbox 2340 4187 2588 4244; x_wconf 88' lang='lat' dir='ltr'><strong>tredecim</strong></span> <span class='ocrx_word' id='word_1_712' title='bbox 2622 4191 2827 4246; x_wconf 74' lang='lat' dir='ltr'><strong>litteras</strong></span> <span class='ocrx_word' id='word_1_713' title='bbox 2857 4193 3144 4250; x_wconf 84' lang='lat' dir='ltr'><strong>llebraicas</strong></span> <span class='ocrx_word' id='word_1_714' title='bbox 3181 4199 3418 4254; x_wconf 89' lang='lat' dir='ltr'><strong>noscitur</strong></span> <span class='ocrx_word' id='word_1_715' title='bbox 3443 4202 3737 4256; x_wconf 87' lang='lat' dir='ltr'><strong>continere.</strong></span> 
     </span>
    </p>
   </div>
   <div class='ocr_carea' id='block_1_102' title="bbox 2165 4275 3734 4356">
    <p class='ocr_par' dir='ltr' id='par_1_102' title="bbox 2165 4275 3734 4356">
     <span class='ocr_line' id='line_1_102' title="bbox 2165 4275 3734 4356; baseline 0.012 -28"><span class='ocrx_word' id='word_1_716' title='bbox 2165 4275 2222 4329; x_wconf 89' lang='lat' dir='ltr'><strong>lu</strong></span> <span class='ocrx_word' id='word_1_717' title='bbox 2254 4279 2408 4332; x_wconf 89' lang='lat' dir='ltr'><strong>tertia</strong></span> <span class='ocrx_word' id='word_1_718' title='bbox 2453 4285 2601 4346; x_wconf 86' lang='lat' dir='ltr'><strong>parte</strong></span> <span class='ocrx_word' id='word_1_719' title='bbox 2628 4281 2896 4337; x_wconf 88' lang='lat' dir='ltr'><strong>contraria</strong></span> <span class='ocrx_word' id='word_1_720' title='bbox 2937 4285 3115 4353; x_wconf 89' lang='lat' dir='ltr'><strong>impiis</strong></span> <span class='ocrx_word' id='word_1_721' title='bbox 3155 4290 3442 4356; x_wconf 83' lang='lat' dir='ltr'><strong>provenire</strong></span> <span class='ocrx_word' id='word_1_722' title='bbox 3473 4299 3697 4346; x_wconf 81' lang='lat' dir='ltr'><strong>testatur</strong></span> <span class='ocrx_word' id='word_1_723' title='bbox 3721 4308 3734 4320; x_wconf 89' lang='grc'><strong>·</strong></span> 
     </span>
    </p>
   </div>
   <div class='ocr_carea' id='block_1_103' title="bbox 2165 4367 3134 4436">
    <p class='ocr_par' dir='ltr' id='par_1_103' title="bbox 2165 4367 3134 4436">
     <span class='ocr_line' id='line_1_103' title="bbox 2165 4367 3134 4436; baseline 0.01 -15"><span class='ocrx_word' id='word_1_724' title='bbox 2165 4381 2283 4436; x_wconf 79' lang='lat' dir='ltr'><strong>qute</strong></span> <span class='ocrx_word' id='word_1_725' title='bbox 2310 4367 2550 4424; x_wconf 87' lang='lat' dir='ltr'><strong>residuas</strong></span> <span class='ocrx_word' id='word_1_726' title='bbox 2578 4369 2741 4426; x_wconf 87' lang='lat' dir='ltr'><strong>habet</strong></span> <span class='ocrx_word' id='word_1_727' title='bbox 2769 4371 2976 4427; x_wconf 86' lang='lat' dir='ltr'><strong>litteras</strong></span> <span class='ocrx_word' id='word_1_728' title='bbox 3003 4384 3134 4431; x_wconf 86' lang='lat' dir='ltr'><strong>tres.</strong></span> 
     </span>
    </p>
   </div>
   <div class='ocr_carea' id='block_1_104' title="bbox 2695 4483 3208 4559">
    <p class='ocr_par' dir='ltr' id='par_1_104' title="bbox 2695 4483 3208 4559">
     <span class='ocr_line' id='line_1_104' title="bbox 2695 4483 3208 4559; baseline 0.014 -22"><span class='ocrx_word' id='word_1_729' title='bbox 2695 4483 2965 4555; x_wconf 74' lang='lat' dir='ltr'><strong>Expositio</strong></span> <span class='ocrx_word' id='word_1_730' title='bbox 3001 4489 3208 4559; x_wconf 85' lang='lat' dir='ltr'><strong>psalmi.</strong></span> 
     </span>
    </p>
   </div>
   <div class='ocr_carea' id='block_1_105' title="bbox 2087 4561 3736 4653">
    <p class='ocr_par' dir='ltr' id='par_1_105' title="bbox 2087 4561 3736 4653">
     <span class='ocr_line' id='line_1_105' title="bbox 2087 4561 3736 4653; baseline 0.011 -30"><span class='ocrx_word' id='word_1_731' title='bbox 2087 4561 2134 4618; x_wconf 83' lang='grc' dir='ltr'>ο</span> <span class='ocrx_word' id='word_1_732' title='bbox 2231 4571 2382 4626; x_wconf 72' lang='lat' dir='ltr'><strong>Vera.</strong></span> <span class='ocrx_word' id='word_1_733' title='bbox 2417 4574 2466 4626; x_wconf 82' lang='lat' dir='ltr'><strong>l.</strong></span> <span class='ocrx_word' id='word_1_734' title='bbox 2500 4575 2705 4642; x_wconf 72' lang='lat' dir='ltr'><strong>Atseu,</strong></span> <span class='ocrx_word' id='word_1_735' title='bbox 2738 4577 2908 4632; x_wconf 76' lang='lat' dir='ltr'><strong>Bern.</strong></span> <span class='ocrx_word' id='word_1_736' title='bbox 2939 4579 3132 4635; x_wconf 85' lang='lat' dir='ltr'><strong>Beatus</strong></span> <span class='ocrx_word' id='word_1_737' title='bbox 3159 4583 3237 4635; x_wconf 80' lang='lat' dir='ltr'><strong>vir</strong></span> <span class='ocrx_word' id='word_1_738' title='bbox 3259 4583 3350 4653; x_wconf 84' lang='lat' dir='ltr'><strong>qui</strong></span> <span class='ocrx_word' id='word_1_739' title='bbox 3379 4585 3522 4639; x_wconf 70' lang='lat' dir='ltr'><strong>timet</strong></span> <span class='ocrx_word' id='word_1_740' title='bbox 3556 4583 3736 4640; x_wconf 62' lang='grc' dir='ltr'><strong>Βοκία-</strong></span> 
     </span>
    </p>
   </div>
   <div class='ocr_carea' id='block_1_106' title="bbox 2161 4665 3732 4745">
    <p class='ocr_par' dir='ltr' id='par_1_106' title="bbox 2161 4665 3732 4745">
     <span class='ocr_line' id='line_1_106' title="bbox 2161 4665 3732 4745; baseline 0.01 -31"><span class='ocrx_word' id='word_1_741' title='bbox 2161 4678 2284 4715; x_wconf 86' lang='lat' dir='ltr'><strong>num</strong></span> <span class='ocrx_word' id='word_1_742' title='bbox 2306 4679 2325 4717; x_wconf 89' lang='lat'><strong><em>:</em></strong></span> <span class='ocrx_word' id='word_1_743' title='bbox 2345 4665 2396 4717; x_wconf 84' lang='lat' dir='ltr'><strong>in</strong></span> <span class='ocrx_word' id='word_1_744' title='bbox 2424 4666 2680 4721; x_wconf 83' lang='lat' dir='ltr'><strong>mandatis</strong></span> <span class='ocrx_word' id='word_1_745' title='bbox 2705 4671 2818 4738; x_wconf 87' lang='lat' dir='ltr'><strong>ejus</strong></span> <span class='ocrx_word' id='word_1_746' title='bbox 2839 4672 3008 4740; x_wconf 84' lang='lat' dir='ltr'><strong>cupiet</strong></span> <span class='ocrx_word' id='word_1_747' title='bbox 3031 4672 3187 4744; x_wconf 85' lang='lat' dir='ltr'><strong>[mss.</strong></span> <span class='ocrx_word' id='word_1_748' title='bbox 3225 4673 3419 4741; x_wconf 81' lang='lat' dir='ltr'><strong>A.,B.,</strong></span> <span class='ocrx_word' id='word_1_749' title='bbox 3451 4675 3537 4740; x_wconf 58' lang='grc' dir='ltr'><strong>ΕΖ,</strong></span> <span class='ocrx_word' id='word_1_750' title='bbox 3571 4675 3732 4745; x_wconf 79' lang='lat' dir='ltr'><strong>cupit]</strong></span> 
     </span>
    </p>
   </div>
   <div class='ocr_carea' id='block_1_107' title="bbox 2160 4751 3734 4821">
    <p class='ocr_par' dir='ltr' id='par_1_107' title="bbox 2160 4751 3734 4821">
     <span class='ocr_line' id='line_1_107' title="bbox 2160 4751 3734 4821; baseline 0.011 -18"><span class='ocrx_word' id='word_1_751' title='bbox 2160 4751 2330 4806; x_wconf 87' lang='lat' dir='ltr'><strong>nimis.</strong></span> <span class='ocrx_word' id='word_1_752' title='bbox 2371 4753 2605 4811; x_wconf 84' lang='lat' dir='ltr'><strong>Diversis</strong></span> <span class='ocrx_word' id='word_1_753' title='bbox 2634 4759 2806 4813; x_wconf 86' lang='lat' dir='ltr'><strong>modis</strong></span> <span class='ocrx_word' id='word_1_754' title='bbox 2834 4758 3026 4815; x_wconf 85' lang='lat' dir='ltr'><strong>Beatus</strong></span> <span class='ocrx_word' id='word_1_755' title='bbox 3052 4763 3130 4816; x_wconf 80' lang='lat' dir='ltr'><strong>vir</strong></span> <span class='ocrx_word' id='word_1_756' title='bbox 3156 4763 3209 4817; x_wconf 92' lang='lat' dir='ltr'><strong>in</strong></span> <span class='ocrx_word' id='word_1_757' title='bbox 3238 4765 3471 4819; x_wconf 87' lang='lat' dir='ltr'><strong>medium</strong></span> <span class='ocrx_word' id='word_1_758' title='bbox 3511 4766 3734 4821; x_wconf 52' lang='lat' dir='ltr'><strong>deduci.</strong></span> 
     </span>
    </p>
   </div>
   <div class='ocr_carea' id='block_1_108' title="bbox 2161 4846 3731 4932">
    <p class='ocr_par' dir='ltr' id='par_1_108' title="bbox 2161 4846 3731 4932">
     <span class='ocr_line' id='line_1_108' title="bbox 2161 4846 3731 4932; baseline 0.013 -36"><span class='ocrx_word' id='word_1_759' title='bbox 2161 4850 2247 4897; x_wconf 90' lang='lat' dir='ltr'><strong>tur</strong></span> <span class='ocrx_word' id='word_1_760' title='bbox 2271 4862 2283 4897; x_wconf 91' lang='lat'><strong>:</strong></span> <span class='ocrx_word' id='word_1_761' title='bbox 2313 4859 2382 4901; x_wconf 84' lang='lat' dir='ltr'><strong>ne</strong></span> <span class='ocrx_word' id='word_1_762' title='bbox 2401 4846 2826 4907; x_wconf 84' lang='lat' dir='ltr'><strong>dissimulatione</strong></span> <span class='ocrx_word' id='word_1_763' title='bbox 2868 4855 3039 4923; x_wconf 89' lang='lat' dir='ltr'><strong>aliqua</strong></span> <span class='ocrx_word' id='word_1_764' title='bbox 3081 4856 3198 4926; x_wconf 87' lang='lat' dir='ltr'><strong>ejus</strong></span> <span class='ocrx_word' id='word_1_765' title='bbox 3225 4861 3529 4926; x_wconf 90' lang='lat' dir='ltr'><strong>appetentia</strong></span> <span class='ocrx_word' id='word_1_766' title='bbox 3557 4863 3731 4932; x_wconf 83' lang='lat' dir='ltr'><strong>negli-</strong></span> 
     </span>
    </p>
   </div>
   <div class='ocr_carea' id='block_1_109' title="bbox 2158 4939 3727 5018">
    <p class='ocr_par' dir='ltr' id='par_1_109' title="bbox 2158 4939 3727 5018">
     <span class='ocr_line' id='line_1_109' title="bbox 2158 4939 3727 5018; baseline 0.011 -28"><span class='ocrx_word' id='word_1_767' title='bbox 2158 4945 2329 5004; x_wconf 86' lang='lat' dir='ltr'><strong>gatur.</strong></span> <span class='ocrx_word' id='word_1_768' title='bbox 2368 4939 2531 4995; x_wconf 90' lang='lat' dir='ltr'><strong>Decet</strong></span> <span class='ocrx_word' id='word_1_769' title='bbox 2557 4943 2699 4996; x_wconf 90' lang='lat' dir='ltr'><strong>enim</strong></span> <span class='ocrx_word' id='word_1_770' title='bbox 2726 4947 2908 5000; x_wconf 89' lang='lat' dir='ltr'><strong>animo</strong></span> <span class='ocrx_word' id='word_1_771' title='bbox 2937 4961 3035 5000; x_wconf 93' lang='lat' dir='ltr'><strong>nos</strong></span> <span class='ocrx_word' id='word_1_772' title='bbox 3078 4948 3382 5018; x_wconf 74' lang='lat' dir='ltr'><strong>frequenter</strong></span> <span class='ocrx_word' id='word_1_773' title='bbox 3427 4953 3727 5016; x_wconf 84' lang='lat' dir='ltr'><strong>revolvere,</strong></span> 
     </span>
    </p>
   </div>
   <div class='ocr_carea' id='block_1_110' title="bbox 2157 5028 3727 5108">
    <p class='ocr_par' dir='ltr' id='par_1_110' title="bbox 2157 5028 3727 5108">
     <span class='ocr_line' id='line_1_110' title="bbox 2157 5028 3727 5108; baseline 0.012 -28"><span class='ocrx_word' id='word_1_774' title='bbox 2157 5028 2298 5082; x_wconf 88' lang='lat' dir='ltr'><strong>unde</strong></span> <span class='ocrx_word' id='word_1_775' title='bbox 2349 5031 2635 5097; x_wconf 87' lang='lat' dir='ltr'><strong>probamur</strong></span> <span class='ocrx_word' id='word_1_776' title='bbox 2673 5033 2772 5087; x_wconf 85' lang='lat' dir='ltr'><strong>sub</strong></span> <span class='ocrx_word' id='word_1_777' title='bbox 2809 5037 3105 5091; x_wconf 71' lang='lat' dir='ltr'><strong>aeternitate</strong></span> <span class='ocrx_word' id='word_1_778' title='bbox 3151 5040 3407 5108; x_wconf 87' lang='lat' dir='ltr'><strong>gaudere.</strong></span> <span class='ocrx_word' id='word_1_779' title='bbox 3456 5043 3566 5098; x_wconf 88' lang='lat' dir='ltr'><strong>Sed</strong></span> <span class='ocrx_word' id='word_1_780' title='bbox 3607 5058 3727 5098; x_wconf 88' lang='lat' dir='ltr'><strong>cum</strong></span> 
     </span>
    </p>
   </div>
   <div class='ocr_carea' id='block_1_111' title="bbox 2153 5114 3728 5202">
    <p class='ocr_par' dir='ltr' id='par_1_111' title="bbox 2153 5114 3728 5202">
     <span class='ocr_line' id='line_1_111' title="bbox 2153 5114 3728 5202; baseline 0.013 -32"><span class='ocrx_word' id='word_1_781' title='bbox 2153 5114 2425 5171; x_wconf 84' lang='lat' dir='ltr'><strong>beatitudo</strong></span> <span class='ocrx_word' id='word_1_782' title='bbox 2462 5121 2606 5174; x_wconf 92' lang='lat' dir='ltr'><strong>nulla</strong></span> <span class='ocrx_word' id='word_1_783' title='bbox 2647 5121 2716 5176; x_wconf 88' lang='lat' dir='ltr'><strong>sit</strong></span> <span class='ocrx_word' id='word_1_784' title='bbox 2753 5123 2852 5178; x_wconf 88' lang='lat' dir='ltr'><strong>sub</strong></span> <span class='ocrx_word' id='word_1_785' title='bbox 2884 5128 3076 5182; x_wconf 89' lang='lat' dir='ltr'><strong>timore</strong></span> <span class='ocrx_word' id='word_1_786' title='bbox 3106 5130 3398 5198; x_wconf 86' lang='lat' dir='ltr'><strong>mundano,</strong></span> <span class='ocrx_word' id='word_1_787' title='bbox 3426 5133 3517 5200; x_wconf 89' lang='lat' dir='ltr'><strong>qui</strong></span> <span class='ocrx_word' id='word_1_788' title='bbox 3553 5136 3728 5202; x_wconf 86' lang='lat' dir='ltr'><strong>potius</strong></span> 
     </span>
    </p>
   </div>
   <div class='ocr_carea' id='block_1_112' title="bbox 2151 5206 3724 5278">
    <p class='ocr_par' dir='ltr' id='par_1_112' title="bbox 2151 5206 3724 5278">
     <span class='ocr_line' id='line_1_112' title="bbox 2151 5206 3724 5278; baseline 0.011 -19"><span class='ocrx_word' id='word_1_789' title='bbox 2151 5206 2378 5262; x_wconf 89' lang='lat' dir='ltr'><strong>ntiseros</strong></span> <span class='ocrx_word' id='word_1_790' title='bbox 2406 5208 2565 5276; x_wconf 75' lang='lat' dir='ltr'><strong>facit,</strong></span> <span class='ocrx_word' id='word_1_791' title='bbox 2613 5213 2953 5270; x_wconf 78' lang='lat' dir='ltr'><strong>manifestum</strong></span> <span class='ocrx_word' id='word_1_792' title='bbox 3003 5225 3086 5271; x_wconf 89' lang='lat' dir='ltr'><strong>est</strong></span> <span class='ocrx_word' id='word_1_793' title='bbox 3129 5227 3305 5276; x_wconf 87' lang='lat' dir='ltr'><strong>tamen</strong></span> <span class='ocrx_word' id='word_1_794' title='bbox 3353 5221 3500 5276; x_wconf 86' lang='lat' dir='ltr'><strong>nulla</strong></span> <span class='ocrx_word' id='word_1_795' title='bbox 3525 5237 3724 5278; x_wconf 62' lang='lat' dir='ltr'><strong>aeterna</strong></span> 
     </span>
    </p>
   </div>
   <div class='ocr_carea' id='block_1_113' title="bbox 2152 5297 3725 5382">
    <p class='ocr_par' dir='ltr' id='par_1_113' title="bbox 2152 5297 3725 5382">
     <span class='ocr_line' id='line_1_113' title="bbox 2152 5297 3725 5382; baseline 0.013 -33"><span class='ocrx_word' id='word_1_796' title='bbox 2152 5297 2376 5365; x_wconf 87' lang='lat' dir='ltr'><strong>reperiri</strong></span> <span class='ocrx_word' id='word_1_797' title='bbox 2405 5299 2615 5367; x_wconf 87' lang='lat' dir='ltr'><strong>gaudia,</strong></span> <span class='ocrx_word' id='word_1_798' title='bbox 2647 5303 2746 5356; x_wconf 92' lang='lat' dir='ltr'><strong>nisi</strong></span> <span class='ocrx_word' id='word_1_799' title='bbox 2775 5319 2894 5372; x_wconf 68' lang='lat' dir='ltr'><strong>quae</strong></span> <span class='ocrx_word' id='word_1_800' title='bbox 2921 5305 3131 5362; x_wconf 92' lang='lat' dir='ltr'><strong>Domini</strong></span> <span class='ocrx_word' id='word_1_801' title='bbox 3159 5309 3358 5366; x_wconf 78' lang='lat' dir='ltr'><strong>fuerint</strong></span> <span class='ocrx_word' id='word_1_802' title='bbox 3385 5313 3579 5368; x_wconf 83' lang='lat' dir='ltr'><strong>timore</strong></span> <span class='ocrx_word' id='word_1_803' title='bbox 3597 5330 3725 5382; x_wconf 74' lang='lat' dir='ltr'><strong>pra-</strong></span> 
     </span>
    </p>
   </div>
   <div class='ocr_carea' id='block_1_114' title="bbox 2152 5389 3722 5472">
    <p class='ocr_par' dir='ltr' id='par_1_114' title="bbox 2152 5389 3722 5472">
     <span class='ocr_line' id='line_1_114' title="bbox 2152 5389 3722 5472; baseline 0.013 -34"><span class='ocrx_word' id='word_1_804' title='bbox 2152 5393 2353 5455; x_wconf 84' lang='lat' dir='ltr'><strong>parata.</strong></span> <span class='ocrx_word' id='word_1_805' title='bbox 2405 5389 2524 5457; x_wconf 88' lang='lat' dir='ltr'><strong>Ipso</strong></span> <span class='ocrx_word' id='word_1_806' title='bbox 2552 5392 2693 5446; x_wconf 90' lang='lat' dir='ltr'><strong>enim</strong></span> <span class='ocrx_word' id='word_1_807' title='bbox 2733 5397 3088 5463; x_wconf 90' lang='lat' dir='ltr'><strong>compellente</strong></span> <span class='ocrx_word' id='word_1_808' title='bbox 3113 5440 3128 5463; x_wconf 90' lang='lat'><strong>,</strong></span> <span class='ocrx_word' id='word_1_809' title='bbox 3171 5400 3541 5458; x_wconf 86' lang='lat' dir='ltr'><strong>desideramus</strong></span> <span class='ocrx_word' id='word_1_810' title='bbox 3585 5404 3722 5472; x_wconf 88' lang='lat' dir='ltr'><strong>quod</strong></span> 
     </span>
    </p>
   </div>
   <div class='ocr_carea' id='block_1_115' title="bbox 2151 5478 3720 5564">
    <p class='ocr_par' dir='ltr' id='par_1_115' title="bbox 2151 5478 3720 5564">
     <span class='ocr_line' id='line_1_115' title="bbox 2151 5478 3720 5564; baseline 0.011 -33"><span class='ocrx_word' id='word_1_811' title='bbox 2151 5492 2250 5532; x_wconf 88' lang='lat' dir='ltr'><strong>nos</strong></span> <span class='ocrx_word' id='word_1_812' title='bbox 2289 5478 2473 5534; x_wconf 89' lang='lat' dir='ltr'><strong>beatos</strong></span> <span class='ocrx_word' id='word_1_813' title='bbox 2515 5483 2684 5550; x_wconf 88' lang='lat' dir='ltr'><strong>possit</strong></span> <span class='ocrx_word' id='word_1_814' title='bbox 2711 5483 2946 5541; x_wconf 83' lang='lat' dir='ltr'><strong>efﬁcere.</strong></span> <span class='ocrx_word' id='word_1_815' title='bbox 2995 5489 3236 5560; x_wconf 83' lang='lat' dir='ltr'><strong>Denique</strong></span> <span class='ocrx_word' id='word_1_816' title='bbox 3269 5493 3348 5547; x_wconf 89' lang='lat' dir='ltr'><strong>sic</strong></span> <span class='ocrx_word' id='word_1_817' title='bbox 3374 5496 3637 5564; x_wconf 85' lang='lat' dir='ltr'><strong>sequitur,</strong></span> <span class='ocrx_word' id='word_1_818' title='bbox 3669 5497 3720 5548; x_wconf 77' lang='lat' dir='ltr'><strong>iu</strong></span> 
     </span>
    </p>
   </div>
   <div class='ocr_carea' id='block_1_116' title="bbox 2151 5569 3716 5650">
    <p class='ocr_par' dir='ltr' id='par_1_116' title="bbox 2151 5569 3716 5650">
     <span class='ocr_line' id='line_1_116' title="bbox 2151 5569 3716 5650; baseline 0.012 -31"><span class='ocrx_word' id='word_1_819' title='bbox 2151 5569 2404 5622; x_wconf 85' lang='lat' dir='ltr'><strong>mandatis</strong></span> <span class='ocrx_word' id='word_1_820' title='bbox 2429 5573 2539 5641; x_wconf 83' lang='lat' dir='ltr'><strong>ejus</strong></span> <span class='ocrx_word' id='word_1_821' title='bbox 2568 5574 2735 5641; x_wconf 85' lang='lat' dir='ltr'><strong>cupiet</strong></span> <span class='ocrx_word' id='word_1_822' title='bbox 2756 5576 2943 5643; x_wconf 86' lang='lat' dir='ltr'><strong>nimis;</strong></span> <span class='ocrx_word' id='word_1_823' title='bbox 2978 5579 3119 5647; x_wconf 90' lang='lat' dir='ltr'><strong>quod</strong></span> <span class='ocrx_word' id='word_1_824' title='bbox 3152 5596 3246 5650; x_wconf 91' lang='lat' dir='ltr'><strong>per</strong></span> <span class='ocrx_word' id='word_1_825' title='bbox 3267 5581 3515 5640; x_wconf 87' lang='lat' dir='ltr'><strong>timorem</strong></span> <span class='ocrx_word' id='word_1_826' title='bbox 3543 5586 3716 5640; x_wconf 83' lang='lat' dir='ltr'><strong>Domi-</strong></span> 
     </span>
    </p>
   </div>
   <div class='ocr_carea' id='block_1_117' title="bbox 2152 5658 3713 5742">
    <p class='ocr_par' dir='ltr' id='par_1_117' title="bbox 2152 5658 3713 5742">
     <span class='ocr_line' id='line_1_117' title="bbox 2152 5658 3713 5742; baseline 0.014 -32"><span class='ocrx_word' id='word_1_827' title='bbox 2152 5658 2203 5710; x_wconf 92' lang='lat' dir='ltr'><strong>ni</strong></span> <span class='ocrx_word' id='word_1_828' title='bbox 2235 5667 2436 5714; x_wconf 91' lang='lat' dir='ltr'><strong>certum</strong></span> <span class='ocrx_word' id='word_1_829' title='bbox 2485 5671 2570 5716; x_wconf 90' lang='lat' dir='ltr'><strong>est</strong></span> <span class='ocrx_word' id='word_1_830' title='bbox 2615 5679 2772 5732; x_wconf 88' lang='lat' dir='ltr'><strong>posse</strong></span> <span class='ocrx_word' id='word_1_831' title='bbox 2814 5668 3143 5739; x_wconf 87' lang='lat' dir='ltr'><strong>contingere,</strong></span> <span class='ocrx_word' id='word_1_832' title='bbox 3195 5675 3407 5742; x_wconf 89' lang='lat' dir='ltr'><strong>quando</strong></span> <span class='ocrx_word' id='word_1_833' title='bbox 3437 5677 3713 5732; x_wconf 84' lang='lat' dir='ltr'><strong>Dominum</strong></span> 
     </span>
    </p>
   </div>
   <div class='ocr_carea' id='block_1_118' title="bbox 2153 5747 3704 5832">
    <p class='ocr_par' dir='ltr' id='par_1_118' title="bbox 2153 5747 3704 5832">
     <span class='ocr_line' id='line_1_118' title="bbox 2153 5747 3704 5832; baseline 0.014 -31"><span class='ocrx_word' id='word_1_834' title='bbox 2153 5747 2420 5817; x_wconf 88' lang='lat' dir='ltr'><strong>diligendo</strong></span> <span class='ocrx_word' id='word_1_835' title='bbox 2449 5756 2733 5810; x_wconf 88' lang='lat' dir='ltr'><strong>metuimus</strong></span> <span class='ocrx_word' id='word_1_836' title='bbox 2766 5773 2784 5811; x_wconf 85' lang='lat'><strong>:</strong></span> <span class='ocrx_word' id='word_1_837' title='bbox 2808 5773 2876 5814; x_wconf 86' lang='lat' dir='ltr'><strong>ne</strong></span> <span class='ocrx_word' id='word_1_838' title='bbox 2903 5775 3002 5815; x_wconf 89' lang='lat' dir='ltr'><strong>nos</strong></span> <span class='ocrx_word' id='word_1_839' title='bbox 3027 5777 3056 5815; x_wconf 88' lang='lat' dir='ltr'><strong>a</strong></span> <span class='ocrx_word' id='word_1_840' title='bbox 3083 5778 3247 5832; x_wconf 87' lang='lat' dir='ltr'><strong>regno</strong></span> <span class='ocrx_word' id='word_1_841' title='bbox 3289 5781 3390 5822; x_wconf 84' lang='lat' dir='ltr'><strong>suo</strong></span> <span class='ocrx_word' id='word_1_842' title='bbox 3421 5769 3602 5824; x_wconf 82' lang='lat' dir='ltr'><strong>reddat</strong></span> <span class='ocrx_word' id='word_1_843' title='bbox 3623 5786 3704 5825; x_wconf 83' lang='lat' dir='ltr'><strong>ex-</strong></span> 
     </span>
    </p>
   </div>
  </div>
