4090 6346
378 305 481 360 8υὸ

1334 309 1688 365 EXPOSITIO
1728 308 1791 363 IN
1833 305 2289 362 PSALTERIBM.
2334 304 2525 359 PSAL.
2571 304 2701 359 CXI.
3537 308 3637 362 800

379 432 615 474 trancos.
640 418 823 473 Beatus
850 434 976 490 ergo
1000 423 1087 488 qui
1111 422 1248 474 timet
1277 421 1572 486 Dominum,
1594 434 1721 479 ctc..
1749 423 1954 490 species
1991 427 2031 478 Λ
2066 428 2191 471 nunt
2222 419 2421 485 justum
2461 418 2574 472 sine
2611 416 2770 471 dubio
2793 415 3128 471 sustinebunt
3159 413 3370 486 Vident,
3412 418 3640 471 sustine-

376 510 709 565 duodecimzc
751 511 1074 566 deliuitionis
1113 511 1298 567 Greece
1349 512 1543 567 dicitur
1583 515 1690 568 κατ’
1732 513 1951 576 ἔπαινον,

380 601 567 655 Latine
593 616 688 669 per
719 601 947 657 laudem.

450 692 605 747 Vers.
635 692 690 745 2.
724 692 916 759 Οιιιει,
946 692 1186 746 Βελιετιι.
1212 691 1399 747 Potens
1423 676 1483 748 in
1508 704 1641 748 terra
1673 697 1765 748 erit
1790 713 1956 749 semen

374 785 528 853 ejus;
558 784 815 852 generatio
843 794 1093 837 rectorum
1123 784 1463 839 benedicatur.
1492 786 1609 841 Jatn
1642 788 1782 840 illius
1813 788 1953 841 beati

373 890 533 942 quem
565 875 810 941 superius
836 875 988 937 dixit,
1024 876 1245 943 praemia
1272 876 1665 930 describuntur.
1700 878 1804 931 Sed
1834 894 1954 932 cum

374 964 492 1035 ipse
532 963 775 1032 praedicit
822 964 1050 1019 humiles
1098 967 1197 1021 sibi
1226 981 1343 1021 esse
1391 970 1743 1035 gratissimos,
1799 972 1865 1023 ita
1898 982 1952 1025 ut

372 1054 498 1123 justi
532 1056 648 1123 ejus
678 1069 938 1124 pauperes
967 1057 1231 1122 dicantur,
1262 1075 1563 1127 quaeramus
1596 1060 1647 1114 in
1676 1077 1777 1130 qua
1814 1070 1952 1116 terra

374 1157 599 1217 potentes
626 1142 872 1202 dicantur
894 1148 1060 1213 efﬁci,
1111 1151 1197 1219 qui
1230 1150 1313 1204 hic
1345 1154 1641 1220 probantur
1670 1169 1789 1209 esse
1813 1155 1953 1209 deri-

372 1240 478 1293 Sui.
510 1239 566 1295 lu
607 1240 695 1294 illa
719 1241 925 1295 scilicet
972 1258 1073 1310 qua
1107 1258 1225 1296 cum
1261 1244 1484 1299 Domino
1517 1248 1782 1314 regnaturi
1830 1257 1955 1300 sunt

372 1330 566 1395 sancti,
603 1330 690 1384 ubi
719 1345 823 1383 non
848 1330 1052 1385 divitia:
1101 1332 1367 1399 humanm,
1400 1349 1497 1388 nec
1536 1336 1769 1390 honores
1813 1344 1953 1389 tem-

374 1424 590 1490 porales
619 1423 819 1478 faciunt
842 1433 1106 1490 potentes,
1133 1425 1225 1479 sed
1251 1428 1630 1496 contemplatio
1660 1428 1868 1482 Domini
1902 1439 1956 1483 et

373 1514 492 1569 sine
538 1514 643 1568 ﬁne
671 1514 924 1568 laudatio.
964 1516 1078 1583 lpsa
1112 1531 1296 1571 revera
1340 1526 1423 1572 est
1453 1519 1688 1585 potentia
1719 1518 1801 1572 cui
1850 1535 1953 1572 non

372 1604 611 1660 succedit
642 1604 950 1670 inﬁrmitas;
996 1607 1088 1660 sed
1119 1607 1257 1675 quod
1289 1623 1410 1663 esse
1446 1609 1724 1675 meruerit,
1755 1620 1953 1663 :ctcrna

374 1695 626 1749 felicitate
652 1697 905 1749 custodit.
954 1696 1136 1751 Semen
1181 1712 1344 1765 Opera
1392 1698 1652 1767 signiﬁcat
1694 1701 1952 1755 hOuarum

2058 510 2190 563 bunt
2211 506 2516 577 judcium].
3420 564 3421 567 η

2135 597 2286 650 Vers.
2312 597 2366 648 5.
2399 598 2570 660 Tcru,
2611 595 2729 649 Job.
2780 595 3051 648 Jucundus
3080 594 3230 649 homo
3259 596 3346 665 qui
3374 598 3637 650 miseretur

2057 697 2102 741 et
2132 688 2416 740 commodat
2439 706 2455 751 ;
2511 689 2741 755 disponet
2769 705 3018 741 sermones
3044 704 3161 741 suos
3188 689 3239 740 in
3260 690 3485 760 judicio.
3530 688 3632 742 Ju-

2057 779 2281 831 cundum
2300 778 2426 831 dicit
2458 794 2561 829 non
2589 788 2694 831 tam
2721 778 3026 832 hominibus
3049 786 3324 846 acceptum
3343 793 3500 847 quam
3528 780 3638 835 Deo

2056 880 2284 942 gratum.
2326 872 2426 936 Qui
2456 873 2743 935 miseretur,
2776 872 2827 925 id
2860 879 2962 935 est,
3001 872 3090 941 qui
3133 872 3412 941 egentibus
3448 871 3633 925 donat.

2057 960 2354 1016 Commodat
2386 961 2640 1027 vero,qtii
2672 962 3198 1029 rerepturusali'ptid
3228 962 3280 1014 in
3312 961 3413 1015 hoc
3437 962 3636 1015 mundo

2055 1054 2393 1121 sperantibm
2440 1054 2489 1105 in
2535 1053 2859 1107 necessitate
2907 1061 3197 1116 mutuatur,
3246 1052 3387 1106 sicut
3424 1051 3554 1105 dicit
3584 1052 3636 1105 in

2058 1146 2352 1215 Evangelia
2380 1164 2391 1197 :
2426 1145 2579 1198 Omni
2610 1146 2797 1214 petenti
2819 1154 2865 1197 te
2894 1144 2982 1209 da,
3013 1154 3059 1196 et
3086 1144 3271 1197 volenti
3300 1144 3524 1196 mutuari
3546 1144 3634 1197 abs

2058 1248 2122 1305 te,
2150 1254 2212 1291 ne
2244 1238 2510 1306 prohibeas
2532 1254 2646 1291 eum
2669 1237 2885 1307 (Matth.
2912 1253 2963 1303 v,
2992 1237 3083 1306 42)
3115 1255 3128 1291 :
3159 1240 3282 1305 quia
3308 1246 3360 1290 et
3388 1237 3501 1291 base
3527 1251 3631 1291 non

2056 1330 2280 1385 minima
2311 1344 2520 1383 merces
2547 1340 2629 1382 est
2656 1330 2721 1382 ad
2754 1343 2989 1398 praesens
3016 1344 3207 1383 eruere
3236 1327 3365 1399 [ed.,
3393 1327 3633 1398 servare}

2058 1422 2537 1490 periclitantem,et
2568 1421 2795 1475 ﬁdeliter
2825 1423 3063 1489 recipere
3085 1425 3253 1476 solam
3288 1423 3535 1491 praestita:
3552 1437 3635 1491 pe-

2055 1512 2227 1565 cuniae
2243 1516 2614 1579 quantitatem.
2632 1510 3005 1567 Potestautem
3024 1512 3269 1580 intelligi,
3290 1520 3347 1566 ut
3373 1515 3473 1566 hoc
3487 1515 3628 1581 quod

2054 1600 2341 1663 miseretur,
2374 1600 2427 1652 id
2477 1608 2558 1653 est
2589 1600 2727 1666 quod
2756 1599 3075 1669 pauperibus
3098 1600 3280 1663 donat,
3306 1600 3631 1652 commodare

2056 1692 2321 1757 videatur,
2372 1693 2585 1761 quando
2612 1692 2704 1747 dat
2735 1694 2895 1747 homo
2941 1680 3275 1763 temporalia,
3320 1701 3633 1762 recepturus

374 1799 577 1850 rerum,
618 1800 734 1853 qua:
765 1784 818 1838 in
849 1784 950 1840 hoc
992 1787 1191 1840 sacculo
1232 1788 1377 1841 velut
1409 1791 1612 1842 semina
1650 1789 1946 1858 jaciuntnr,
1981 1803 2026 1863 Β
2056 1791 2278 1837 aeterna.
2334 1784 2434 1838 Sed
2480 1784 2606 1839 licet
2652 1794 2878 1855 utraque
2915 1785 2983 1839 ad
3032 1788 3306 1841 mauuales
3355 1787 3635 1843 videantur

374 1882 431 1927 ut
465 1873 667 1928 fructus
693 1876 881 1928 futurae
910 1877 1102 1931 messis
1143 1877 1434 1932 adolescat.
1464 1868 1733 1932 Generatio
1769 1889 1947 1936 autem

372 1972 630 2017 rectorum
659 1966 796 2018 bene
828 1964 1045 2031 dicitur,
1081 1983 1184 2021 non
1213 1968 1311 2021 isla
1342 1969 1542 2035 carnis,
1569 1970 1664 2024 sed
1704 1970 1793 2024 illa
1833 1988 1950 2039 qure

373 2057 672 2112 imitatione
698 2058 964 2127 justorum
989 2075 1082 2127 per
1110 2060 1488 2116 similitudines
1519 2077 1738 2131 operum
1771 2065 1950 2119 nosci-

374 2156 462 2201 tur
484 2162 604 2202 esse
640 2157 947 2217 propagata.
982 2149 1134 2204 Unde
1172 2158 1228 2204 et
1257 2151 1503 2206 diabolus
1540 2164 1849 2221 peccatores
1891 2158 1953 2208 ﬁ-

373 2238 472 2293 Iios
516 2237 716 2293 habere
749 2249 1095 2305 memoratur,
1143 2242 1335 2309 quibus
1382 2243 1579 2296 dictum
1631 2254 1755 2298 est:
1790 2244 1893 2297 Vos
1921 2264 1953 2299 a

371 2338 517 2397 patre
540 2330 743 2384 diabolo
773 2332 891 2385 estis
919 2332 1094 2401 (Joan.
1128 2348 1237 2400 vul,
1270 2334 1385 2399 44).

444 2418 598 2476 Vers.
625 2422 679 2476 5.
709 2422 808 2487 iis,
846 2423 977 2477 Vw.
1005 2422 1182 2477 Gloria
1210 2432 1255 2476 et
1284 2424 1470 2477 divitia:
1491 2427 1544 2478 in
1573 2426 1725 2481 domo
1749 2430 1880 2500 ejus,
1904 2437 1951 2481 et

372 2511 568 2576 iustitia
596 2515 709 2582 ejus
738 2526 908 2567 manet
930 2514 983 2566 in
1004 2514 1244 2569 steculum
1272 2516 1467 2570 sa'culi.
1500 2518 1690 2573 Adhuc
1720 2519 1771 2573 in
1798 2520 1952 2574 bonis

372 2604 516 2660 beati
558 2605 834 2673 prtemissa
883 2605 1174 2672 descriptio
1203 2618 1531 2677 perseverat.
1566 2610 1712 2664 Beati
1761 2611 1953 2666 domus

369 2701 458 2747 est
481 2693 675 2747 mentis
703 2701 991 2761 secretum,
1030 2696 1123 2749 ubi
1158 2697 1360 2749 divitias
1400 2707 1610 2753 sanctas
1645 2708 1701 2752 ct
1733 2701 1951 2769 gloriam

370 2794 684 2853 perpetuam
730 2789 937 2856 reponit
960 2789 1199 2857 quisquis
1237 2788 1443 2842 Domini
1469 2802 1732 2859 praecepta
1764 2793 1951 2859 imple-

370 2874 533 2933 verit.
584 2876 687 2931 Sed
719 2878 804 2929 illa
836 2877 1002 2946 gloria
1045 2894 1150 2931 non
1195 2879 1355 2933 habet
1403 2880 1594 2943 ﬁnem;
1630 2881 1729 2932 illa!
1762 2882 1953 2935 divitia:

372 2981 476 3020 non
509 2965 735 3034 maligna
767 2966 1114 3035 subreplionc
1159 2968 1490 3036 dispereunt,
1522 2970 1613 3022 sed
1644 2970 1710 3023 de
1744 2970 1949 3024 Domini

370 3057 637 3113 mandatis
663 3059 915 3123 veniunt;
941 3059 1079 3113 unde
1103 3060 1353 3128 quidquid
1379 3061 1693 3128 acquiritur,
1728 3064 1949 3129 perenni

370 3150 673 3219 integritate
703 3162 967 3206 servatur.
1010 3153 1245 3221 Denique
1274 3154 1350 3206 sic
1381 3154 1644 3221 sequitur,
1679 3165 1723 3206 et
1744 3156 1949 3224 juslizia
1978 3173 2023 3236 ρ

368 3243 480 3312 ejus
506 3252 673 3295 manet
701 3244 754 3296 in
777 3246 1023 3298 steculum
1051 3246 1243 3298 stt-culi.
1278 3243 1488 3298 Justitia
1519 3245 1730 3314 quidem
1769 3248 1944 3319 ltomig

371 3333 453 3387 nis
496 3332 710 3399 dicitur,
741 3334 833 3387 sed
862 3350 999 3401 qucc,
1035 3336 1141 3389 Deo
1173 3336 1449 3405 largiente,
1480 3345 1780 3404 praastatur.
1813 3336 1945 3390 Nam

370 3438 491 3478 cum
520 3425 588 3478 sit
618 3440 815 3478 nomen
864 3426 1133 3494 generale,
1171 3426 1465 3479 advertitur
1494 3437 1670 3479 tamen
1706 3427 1942 3495 propria,

370 3531 490 3570 cum
514 3516 688 3571 divina
712 3518 1113 3586 dispensatione
1134 3518 1197 3570 ad
1220 3534 1647 3587 imumquemque
1672 3518 1942 3573 hominem

370 3620 458 3661 res
500 3621 751 3661 concessa
786 3608 1109 3674 pervenerit.
1147 3608 1214 3660 Et
1237 3623 1303 3660 ne
1332 3608 1523 3676 aliquis
1555 3622 1613 3661 se
1642 3611 1946 3678 temporali-

371 3705 453 3750 ter
471 3696 804 3751 existimaret
829 3698 939 3751 ﬁeri
972 3700 1202 3761 beatum,
1235 3698 1456 3761 addidit,
1507 3708 1675 3751 manet
1704 3700 1757 3751 in
1787 3716 1943 3752 sarcu-

370 3788 477 3841 lum
506 3789 700 3841 seaculi.
733 3788 1000 3842 llaclcnus
1033 3789 1173 3842 beati
1203 3789 1343 3841 illius
1376 3789 1512 3842 bona
1538 3798 1748 3843 narrata
1778 3802 1901 3843 sunt
1926 3808 1942 3853 ;

366 3896 509 3934 nunc
549 3881 689 3935 unde
733 3881 844 3935 ﬁeri
894 3878 1061 3948 possit
1111 3882 1295 3936 beatus
1327 3881 1554 3935 cdicilur
1586 3898 1600 3935 :
1629 3897 1693 3935 nc
1740 3890 1942 3936 tantum

367 3972 689 4026 desiderium
721 3972 970 4035 nimisse,
1006 3988 1108 4025 non
1137 3974 1294 4025 etiam
1338 3980 1393 4025 et
1434 3987 1645 4024 causam
1697 3971 1944 4025 docnisse

366 4062 661 4117 videre'nr.

440 4152 594 4206 Vers.
618 4153 670 4204 4.
701 4152 858 4217 Zatu,
880 4153 1052 4205 llum.
1090 4151 1335 4204 Exortum
1358 4162 1431 4205 est
1455 4153 1506 4204 in
1538 4152 1748 4204 tenebris
1776 4153 1943 4204 lumen

362 4245 515 4297 rectis
542 4244 692 4297 corde
715 4260 735 4308 ;
761 4243 1064 4305 misericors,
1093 4251 1139 4295 et
1170 4244 1462 4304 miserator,
1494 4253 1541 4295 et
1563 4245 1735 4315 justus
1767 4241 1946 4293 Domi-

361 4353 479 4390 nus.
517 4335 671 4390 Venit
710 4335 776 4388 ad
804 4334 1224 4388 admonitionem
1267 4334 1575 4397 secundam,
1610 4334 1661 4386 in
1693 4348 1793 4401 qua
1837 4334 1942 4386 Do-

360 4425 494 4481 mini
541 4425 740 4495 primus
786 4426 1121 4494 signiﬁcatur
1168 4426 1453 4488 adventus,
1498 4425 1589 4490 qui
1620 4427 1942 4479 conﬁtentes

2056 1889 2244 1943 operas
2267 1881 2554 1945 pertinere,
2577 1887 2754 1933 tamen
2785 1894 2891 1933 non
2921 1881 3093 1934 solum
3124 1882 3191 1935 de
3216 1882 3435 1950 pecunia
3465 1883 3632 1955 misce

2053 1967 2276 2021 rendam
2322 1969 2452 2023 dicit
2507 1970 2757 2040 pauperi,
2804 1981 2896 2026 aut
2935 1974 3274 2042 sperantibus
3310 1976 3634 2028 commodan-

2053 2062 2195 2125 dum,
2238 2062 2330 2116 sed
2363 2064 2429 2117 de
2457 2067 2601 2118 omni
2646 2064 2902 2120 beneﬁcio
2930 2082 3036 2135 quo
3084 2066 3324 2135 indigere
3351 2069 3631 2137 cognosci-

2055 2158 2139 2204 tur
2176 2152 2483 2207 destitutus.
2519 2154 2668 2208 Unde
2722 2156 2933 2225 impigri
2973 2157 3231 2211 debemus
3260 2158 3436 2212 facere
3465 2173 3625 2211 omne

2053 2245 2190 2312 quod
2242 2254 2413 2311 potest
2468 2247 2620 2299 alteri
2674 2247 2980 2303 subvenire.
3036 2249 3309 2317 Sequitur,
3374 2248 3624 2316 Disponet

2053 2351 2305 2387 sermones
2347 2352 2469 2387 suos
2517 2338 2570 2388 in
2610 2338 2834 2405 judicio.
2880 2338 3166 2405 Dispositio
3202 2352 3512 2392 sermonum
3535 2354 3628 2393 or-

2052 2426 2231 2480 dinetn
2280 2427 2545 2496 signiﬁcat
2575 2428 3018 2495 imperturbatum
3056 2437 3219 2496 atque
3258 2430 3625 2497 tranquillum,

2053 2518 2140 2586 qui
2175 2517 2433 2586 probabili
2465 2520 2673 2574 ratione
2719 2528 2985 2573 narratur.
3021 2520 3266 2576 Venienti
3299 2520 3494 2589 quippe
3523 2521 3629 2575 l’a‘

2056 2610 2356 2664 Iril‘amilias
2405 2610 2687 2664 dicendum
2722 2620 2806 2665 est
2838 2627 2851 2664 :
2884 2611 3127 2678 Domine,
3177 2614 3395 2682 quinque
3437 2613 3629 2666 talenta

2054 2702 2238 2755 dedisti
2289 2703 2449 2769 mihi,
2499 2719 2612 2756 ecce
2662 2704 2766 2755 alia
2813 2705 3033 2773 quinque
3080 2707 3459 2771 superlucratus
3511 2720 3625 2756 sum

2054 2791 2266 2860 (Matth.
2319 2808 2449 2855 xxv,
2498 2792 2609 2861 20).
2646 2793 2763 2860 Ipse
2799 2808 2930 2863 ergo
2962 2795 3187 2861 disponit
3217 2796 3266 2846 in
3288 2794 3492 2864 judicio
3520 2811 3627 2848 sere

2052 2898 2224 2936 mones
2253 2899 2390 2949 suos,
2420 2884 2507 2952 qui
2539 2897 2598 2937 se
2629 2883 2841 2939 Domini
2873 2885 3009 2939 dona
3038 2886 3338 2954 geminasse
3369 2885 3626 2953 probave-

2052 2975 2148 3037 ril;
2182 2989 2287 3027 non
2315 2985 2370 3027 ut
2398 2975 2482 3027 ille
2508 2974 2596 3043 qui
2623 2973 2907 3028 suﬁ'ossum
2935 2975 3190 3028 talentum
3222 2975 3425 3029 cautela
3456 2974 3627 3029 sterili

2053 3071 2107 3116 et
2138 3065 2290 3116 noxia
2321 3064 2573 3130 parcitate
2605 3065 2864 3118 servavit.
2887 3064 3041 3129 Quod
3074 3075 3248 3133 potest
3278 3068 3435 3119 etiam
3464 3074 3520 3118 et
3556 3065 3622 3117 ad

2054 3153 2198 3206 illum
2223 3156 2489 3221 pertinere
2519 3155 2606 3220 qui
2639 3154 2846 3206 divinas
2865 3154 3170 3221 Scripturas
3201 3168 3422 3209 munere
3440 3154 3625 3208 Domi-

2056 3245 2105 3298 ni
2136 3253 2514 3313 perscrutatus,
2554 3252 2648 3297 aut
2675 3243 3003 3298 infructuosa
3026 3245 3382 3299 taciturnitate
3404 3244 3627 3313 retinet,

2051 3345 2142 3390 aut
2170 3338 2252 3405 pia
2279 3337 2553 3391 voluntate
2576 3336 2912 3391 disseminat.

2051 3417 2056 3423 ’
2123 3428 2276 3482 Vers.
2308 3428 2360 3483 6.
2406 3429 2572 3494 Cara,
2617 3429 2823 3483 LAIIED.
2856 3429 2990 3494 Quia
3016 3429 3067 3481 in
3096 3429 3337 3482 steculum
3365 3444 3468 3482 non
3493 3444 3628 3482 eorm

2050 3520 2329 3573 movebitur
2351 3536 2370 3573 :
2391 3520 2443 3572 in
2471 3520 2715 3573 memoria
2737 3529 2926 3573 arterna
2952 3522 3047 3573 erit
3069 3523 3263 3591 justus.
3291 3521 3483 3575 Reddit
3503 3536 3628 3575 cau-

2050 3622 2162 3662 sam
2186 3623 2350 3678 quare
2388 3609 2469 3663 vir
2494 3609 2672 3678 justus
2702 3609 2954 3677 disponat
2983 3624 3263 3664 sermones
3292 3624 3419 3665 suos
3459 3610 3510 3664 in
3539 3611 3627 3678 ju-

2048 3699 2219 3765 dicio;
2251 3699 2460 3754 scilicet
2481 3700 2599 3769 quia
2631 3701 2685 3751 in
2725 3700 2973 3753 steculum
3003 3715 3103 3753 non
3131 3701 3540 3764 commovebitur,
3573 3702 3625 3754 id

2049 3802 2150 3856 est,
2171 3808 2199 3846 a
2225 3793 2389 3861 gloria
2421 3793 2625 3846 Domini
2650 3793 2952 3846 nullatenus
2978 3792 3333 3857 separabitur.
3353 3792 3622 3861 Sequitur,

2046 3886 2100 3935 in
2149 3884 2392 3935 memoria
2440 3891 2630 3935 aeterna
2683 3882 2775 3934 erit
2811 3884 3006 3950 justus.
3050 3880 3117 3933 In
3168 3882 3410 3933 memoria
3440 3881 3625 3948 utique

2048 3983 2235 4025 eterna
2263 3974 2358 4025 erit
2378 3974 2571 4041 justus,
2605 3972 2724 4039 quia
2758 3981 2983 4024 vocatur
3011 3972 3077 4023 ad
3111 3971 3405 4039 praemium.
3445 3970 3625 4039 lmpiis

2047 4062 2191 4114 enim
2218 4062 2450 4115 dicitur:
2487 4061 2605 4112 Non
2641 4062 2756 4113 novi
2783 4076 2866 4112 vos
2905 4059 3054 4131 (Luc.
3092 4076 3209 4126 sm,
3244 4060 3356 4127 25).
3386 4060 3626 4129 Quapro-

2048 4163 2165 4222 pter
2218 4152 2382 4222 384
2410 4152 2548 4204 sicut
2579 4152 2650 4204 illi
2680 4152 2767 4219 qui
2818 4152 3143 4218 deputantur
3188 4151 3252 4203 ad
3301 4165 3514 4217 ptenam
3557 4152 3625 4206 de
3692 4170 3701 4181 ·

2048 4252 2224 4297 mente
2269 4241 2619 4312 perhibentur
2652 4241 2947 4307 excedere,
2988 4243 3058 4295 ita
3097 4240 3182 4295 isti
3212 4251 3430 4310 propter
3459 4243 3625 4296 beati-

2048 4334 2285 4388 tudinem
2338 4334 2731 4403 percipiendam
2762 4333 2815 4387 in
2847 4334 3091 4388 memoria
3129 4333 3380 4388 dicuntur
3410 4333 3624 4389 Domini

2046 4442 2379 4495 permanere.

360 4517 549 4572 beatos
581 4517 725 4583 fecit,
758 4529 814 4573 et
842 4517 1103 4587 superbos
1133 4532 1232 4586 pro
1278 4532 1372 4570 sua
1414 4517 1690 4585 iniquitate
1721 4517 1941 4570 datnna-
1974 4547 2020 4606 ο
2116 4518 2271 4572 Vcrs.
2302 4519 2357 4571 7.
2409 4516 2555 4582 Man,
2586 4517 2720 4572 Non.
2754 4516 2831 4569 Ab
2877 4518 3056 4570 auditu
3086 4516 3222 4569 mala
3253 4532 3353 4569 non
3392 4516 3625 4583 timebit;

362 4609 455 4662 vit.
494 4608 599 4663 Sed
643 4609 743 4662 iSte
779 4607 1044 4662 adventus
1088 4606 1299 4662 Domini
1339 4606 1568 4662 mirabili
1609 4608 1937 4674 proprietate

359 4698 697 4754 describitur.
734 4696 887 4753 Venit
914 4697 1059 4752 enim
1087 4697 1176 4750 lux
1204 4712 1322 4766 quae
1349 4705 1565 4765 superat
1595 4711 1810 4750 omnem
1854 4697 1933 4749 lu-

356 4804 506 4855 cem;
534 4797 589 4844 et
610 4776 666 4843 ut
692 4789 891 4859 gratior
911 4797 1074 4854 esset,
1104 4787 1317 4856 adjecit,
1336 4788 1389 4841 in
1412 4789 1651 4853 tenebris,
1674 4801 1775 4840 non
1805 4787 1933 4840 istas

357 4896 493 4950 quas
513 4880 643 4936 solis
671 4879 798 4934 facit
819 4880 1091 4951 absentia;
1124 4877 1217 4932 sed
1247 4894 1366 4947 quae
1394 4886 1733 4946 peccatorum
1767 4876 1934 4943 magis

357 4977 638 5045 prtesentia
689 4975 1085 5029 tenebrescunt.
1140 4972 1285 5027 Intus
1312 4980 1437 5026 sunt
1481 4972 1622 5025 enim
1670 4972 1725 5024 in
1768 4968 1935 5024 corde

356 5065 475 5120 ista:
500 5066 755 5131 tenebrae,
774 5065 865 5119 ubi
886 5064 965 5119 sol
1004 5063 1307 5117 mundanus
1331 5078 1434 5115 non
1466 5065 1633 5131 possit
1655 5063 1933 5128 accedere,

354 5171 489 5227 quas
522 5156 652 5211 illud
681 5156 858 5210 lumen
883 5144 1125 5224 expellit,
1155 5152 1297 5223 quod
1333 5162 1556 5207 mortem
1586 5153 1736 5219 vicit,
1764 5162 1818 5207 et
1840 5154 1935 5207 de-

356 5252 477 5305 licta
508 5252 783 5304 contrivit.
815 5248 919 5305 Sed
940 5263 1060 5304 cum
1092 5247 1237 5300 rectis
1266 5246 1418 5299 corde
1446 5245 1660 5310 dicitur,
1695 5244 1931 5315 perversi

353 5342 419 5395 ab
448 5341 551 5395 isto
594 5341 791 5396 lumine
836 5350 1171 5409 separantur.
1217 5337 1486 5408 Sequitur,
1534 5338 1841 5402 misericors,
1879 5347 1929 5392 et

352 5435 637 5497 miserator,
666 5442 714 5488 et
728 5435 907 5503 justus
930 5431 1199 5486 Dominus.
1220 5430 1394 5487 Pauca
1419 5438 1543 5485 sunt
1566 5429 1782 5499 quidem
1806 5444 1928 5483 ver-

348 5528 439 5591 ba,
494 5524 593 5581 sed
638 5525 875 5580 omnium
917 5531 1286 5580 creaturarum
1325 5521 1721 5576 rationabilium
1775 5529 1925 5574 actus

344 5616 728 5685 atuplexautia.
755 5616 882 5670 Nam
905 5616 996 5684 qui
1018 5615 1364 5679 conﬁtentur,
1396 5614 1592 5667 habent
1614 5610 1922 5664 misericor-

349 5706 470 5763 dem
501 5708 645 5780 [mss.
679 5708 767 5772 A.,
803 5705 888 5774 8.,
915 5704 1008 5775 F.,
1038 5701 1517 5773 misericordiam]:
1546 5702 1637 5772 qui
1678 5709 1920 5755 contem-

2046 4619 2279 4679 poratum
2298 4616 2374 4661 est
2401 4623 2489 4660 cor
2504 4610 2615 4678 ejus
2635 4622 2841 4674 sperare
2863 4607 2913 4659 in
2941 4605 3181 4659 Domino.
3210 4605 3361 4658 Illum
3388 4605 3623 4658 auditum

2047 4700 2237 4754 malum
2261 4700 2409 4765 dicit,
2442 4713 2599 4767 quem
2631 4698 2862 4751 audituri
2884 4706 3010 4750 sunt
3035 4694 3180 4764 impii
3213 4713 3226 4747 :
3256 4695 3337 4748 Ite
3372 4697 3425 4749 in
3452 4696 3621 4765 ignem

2044 4802 2291 4845 teternum
2312 4788 2526 4857 (Matth.
2552 4801 2679 4853 xcv,
2701 4786 2816 4854 41),
2842 4794 2895 4840 ct
2913 4786 3140 4854 reliqua.
3167 4784 3335 4838 Malus
3356 4785 3494 4838 enim
3518 4784 3623 4839 illis

2044 4881 2255 4934 videtur
2283 4878 2374 4947 qui
2394 4878 2534 4946 justa
2569 4876 2855 4933 severitate
2884 4876 3147 4946 plectendi
3190 4885 3352 4930 sunt:
3385 4876 3507 4944 quia
3539 4876 3621 4931 las

2039 4971 2143 5025 dici
2192 4984 2297 5024 non
2323 4976 2428 5035 est,
2461 4969 2563 5023 nisi
2603 4970 2805 5038 justum
2839 4968 3047 5022 Domini
3090 4980 3303 5036 semper
3330 4982 3450 5023 esse
3469 4968 3617 5037 judi-

2038 5065 2203 5116 cium.
2233 5061 2298 5116 Et
2328 5075 2394 5115 ne
2416 5061 2588 5114 solum
2624 5061 2811 5115 beatos
2842 5069 3055 5129 putares
3084 5073 3269 5128 poenas
3300 5063 3484 5113 noxias
3508 5075 3613 5115 non

2039 5154 2248 5218 timere,
2273 5154 2533 5218 sequitur,
2548 5160 2783 5221 paratum
2810 5167 2898 5204 eor
2927 5152 3035 5220 ejus
3056 5167 3264 5219 sperare
3286 5152 3336 5204 in
3358 5149 3579 5205 Domino
3600 5192 3614 5215 ,

2036 5254 2092 5297 ut
2120 5242 2378 5312 promissa
2409 5242 2574 5309 ipsius
2607 5241 2923 5309 percipiant,
2974 5240 3063 5309 qui
3115 5241 3299 5294 sreculi
3330 5240 3611 5295 illecebras

2031 5333 2436 5405 ejusjuvamine
2464 5333 2833 5395 calcaverunt;
2866 5332 3056 5400 quibus
3078 5330 3192 5396 ipse
3221 5330 3461 5384 dicturus
3481 5340 3566 5384 est
3590 5342 3606 5383 :

2040 5424 2238 5489 Venite,
2287 5422 2532 5477 benedicti
2576 5419 2751 5473 Patris
2801 5424 2916 5489 mei,
2948 5420 3189 5490 percipitc
3215 5434 3430 5488 regnum
3473 5422 3608 5487 quod

2029 5518 2167 5571 vobis
2196 5524 2431 5588 paratum
2459 5524 2530 5568 est
2561 5514 2620 5567 ab
2648 5516 2843 5584 origine
2872 5510 3321 5585 mundi'Ubidem,
3357 5511 3474 5579 54).
3505 5509 3609 5564 Cor

2029 5621 2203 5665 autem
2244 5609 2473 5679 positum
2517 5618 2598 5662 est
2644 5623 2737 5676 pro
2765 5617 2925 5662 rectae
2962 5608 3154 5661 mentis
3197 5605 3412 5669 all‘ectu,
3465 5604 3606 5673 quod

2028 5703 2144 5756 sine
2171 5701 2343 5771 aliqua
2368 5698 2707 5755 cunctatione
2734 5696 2992 5769 promissa
3026 5698 3173 5752 novit
3203 5702 3470 5764 expetere.
