4032 6340
551 367 649 424 807

1749 373 1818 428 Μ.
1852 371 2126 429 Αυιιειιι
2164 367 2558 426 CASSIUDOIH

3700 368 3800 426 808

621 481 772 535 V'ers.
808 483 857 537 8.
901 483 1138 548 Sumen,
1183 486 1298 538 Am.
1334 483 1698 552 Con/innatum
1728 496 1797 539 est
1842 503 1929 539 cor
1961 485 2071 554 ejus
2102 501 2118 548 ;
2154 489 2194 540 Α
2229 484 2456 551 impetus
2492 494 2550 537 ut
2574 484 2818 546 deficiat;
2852 497 2910 536 se
2935 481 3044 549 jam
3072 479 3322 535 dentibus
3348 477 3460 533 suis
3483 477 3716 541 mordet,
3743 492 3800 532 se

550 591 648 627 non
676 578 1060 628 Cttnttttot'ebitttr
1082 579 1237 629 (innec
1268 578 1429 629 videat
1460 579 1686 630 inimicas
1707 594 1843 631 suos.
1876 579 2006 643 Quia
2034 593 2119 644 pa-

548 675 718 716 ratum
744 667 906 731 fuerat
929 681 1013 718 cor
1043 666 1179 719 beati
1210 683 1414 732 sperare
1444 669 1493 719 in
1523 667 1760 732 Domino,
1787 683 2121 735 consequen-

550 763 630 806 ter
669 753 966 821 adjunctum
1005 767 1110 819 est,
1143 757 1493 823 conﬁrmatum
1537 768 1606 810 est
1639 773 1727 809 cor
1766 759 1895 826 ejus.
1934 758 2119 810 Omnia

547 845 686 896 enim
722 844 918 896 caduca
964 845 1277 912 contemnit,
1311 847 1398 911 qui
1446 845 1532 897 illa
1581 846 1740 900 fuerit
1769 846 2122 899 delectatione

545 933 863 998 completus.
899 931 1240 1000 Conﬁrmatur
1269 949 1397 1001 ergo
1421 951 1505 986 cor
1527 935 1677 1002 justi,
1708 952 1826 988 cum
1862 936 2000 987 nulla
2024 949 2122 988 sa:-

545 1022 650 1074 culi
682 1023 934 1076 felicitate
964 1024 1256 1088 mollescit;
1286 1034 1340 1077 et
1361 1035 1694 1093 peccatorum
1721 1027 1804 1078 hic
1829 1025 2117 1091 respiciens

548 1114 860 1178 potentiam,
894 1123 1166 1182 exspectat
1209 1114 1384 1182 potius
1428 1130 1610 1168 eorum
1644 1115 1872 1167 ruinam.
1926 1114 1981 1166 In
2025 1114 2124 1166 hoc

549 1200 690 1254 enim
735 1202 930 1254 mundo
985 1202 1218 1254 inimicos
1252 1202 1447 1268 patitur
1477 1211 1718 1268 potentes
1743 1203 1929 1264 ridere,
1969 1213 2026 1254 ut
2053 1201 2123 1254 ibi

549 1305 643 1345 eos
674 1293 842 1359 possit
864 1291 1170 1345 humiliatos
1197 1292 1456 1354 aspicere.
1482 1291 1588 1345 Sed
1609 1307 1728 1343 cum
1759 1291 1840 1343 hic
1862 1292 2122 1344 videamus

548 1383 782 1437 inimicos
810 1391 1020 1435 nostros
1063 1397 1180 1435 esse
1225 1382 1489 1442 carnales,
1523 1381 1610 1449 qui
1641 1381 1915 1434 nobiscum
1948 1379 2125 1448 aliqua

549 1472 871 1525 adversitate
895 1469 1206 1540 confligunt,
1238 1471 1545 1540 spirituales
1563 1470 1673 1522 vult
1693 1469 1913 1538 intelligi
1942 1469 2128 1536 nequi-

550 1563 672 1628 tias,
702 1575 834 1628 quas
871 1561 958 1613 hic
1006 1561 1216 1628 penitus
1247 1575 1352 1611 non
1396 1559 1658 1621 videmus,
1689 1559 1780 1612 sed
1821 1560 1871 1610 in
1909 1559 1996 1611 illa
2026 1570 2124 1610 nos

549 1658 752 1704 certum
781 1657 864 1702 est
883 1649 1209 1716 judicatione
1236 1662 1580 1715 cognoscere.
1616 1647 1819 1699 Etcum
1852 1647 2002 1708 dicit,
2029 1647 2128 1698 doc

549 1744 818 1796 necuideat
837 1746 1066 1800 inimicos
1083 1763 1219 1810 suos,
1244 1745 1664 1800 subaudiendum
1689 1753 1791 1808 est,
1820 1743 2126 1797 humiliatos

550 1841 708 1902 atque
733 1837 1013 1889 contritos.
1039 1838 1082 1889 0
1107 1837 1384 1904 dispositio
1409 1837 1537 1908 [cd.,

550 1919 837 1988 Creatoris,
865 1925 952 1991 qui
976 1934 1098 1978 tunc
1128 1941 1221 1980 eos
1262 1927 1455 1980 fractos
1486 1926 1610 1979 facit
1633 1926 1824 1992 videri,
1856 1941 1974 1978 cum
2002 1941 2125 1995 pos-

550 2015 660 2072 sint
688 2032 806 2072 esse
827 2018 1044 2084 derisui,
1082 2036 1185 2074 non
1216 2021 1392 2074 timori
1418 2021 1429 2071 ε

622 2105 776 2160 Vera.
804 2107 856 2160 9.
892 2105 1024 2173 Pus,
1055 2108 1218 2172 Sane,
1246 2107 1407 2162 Corn.
1445 2107 1720 2175 Dispersit,
1763 2107 1901 2160 dedit
1939 2123 2130 2174 paupe-

551 2192 690 2245 ribus
717 2208 736 2245 :
754 2195 955 2263 justitia
992 2199 1105 2265 ejus
1149 2205 1317 2248 manet
1357 2196 1410 2248 in
1439 2197 1679 2248 swculnm
1709 2195 1922 2259 saeculi;
1969 2213 2130 2248 cornu

551 2283 661 2353 ejus
689 2283 995 2336 exaltabitur
1015 2285 1068 2337 in
1099 2285 1281 2353 gloria.
1310 2285 1434 2338 Ilaec
1461 2285 1724 2338 sententia
1750 2284 1814 2337 ad
1839 2281 1965 2338 illud
1993 2300 2131 2353 pra:-

552 2381 761 2440 ceptum
811 2372 1134 2428 dominicum
1181 2375 1409 2442 pertinet
1447 2391 1461 2426 :
1497 2374 1556 2428 Si
1601 2375 1673 2426 vis
1702 2389 1810 2426 esse
1853 2373 2129 2442 perfectus,

552 2462 704 2514 vende
724 2462 894 2514 omnia
921 2471 1029 2527 tua;
1059 2471 1107 2516 et
1136 2465 1202 2516 da
1230 2463 1569 2533 pauperibus;
1598 2472 1648 2516 et
1671 2463 1801 2525 veni,
1831 2478 2035 2531 sequere
2054 2478 2132 2516 me

552 2551 766 2622 (Matth.
795 2569 906 2617 χιι,
932 2551 1045 2622 21).
1075 2554 1191 2622 Ipsa
1220 2564 1301 2608 est
1321 2553 1588 2621 dispersio
1611 2567 1729 2621 qua:
1753 2551 1976 2606 feliciter
2001 2565 2130 2604 cou-

552 2649 767 2710 gregat;
799 2641 912 2709 ipsa
940 2643 1179 2710 erogatio
1203 2658 1323 2711 quae
1346 2642 1604 2696 caelorum
1647 2656 1810 2710 regna
1842 2649 2128 2695 mercatur.

554 2727 680 2782 Hac
708 2731 796 2797 qui
818 2729 1008 2784 fecerit
1028 2730 1287 2799 justitiam
1311 2741 1583 2800 operatur,
1607 2729 1732 2799 quia
1758 2730 1965 2784 Domini
2000 2745 2128 2799 prae-

553 2829 701 2889 cepta
734 2821 1050 2888 complevit;
1089 2822 1214 2875 etin
1257 2821 1358 2876 hoc
1379 2821 1470 2876 ille
1499 2836 1712 2889 semper
1755 2830 1956 2887 manet,
2001 2836 2134 2890 quo-

555 2910 696 2964 niam
717 2911 898 2965 abillo
923 2920 1139 2967 auctore
1165 2921 1362 2966 aeterna
1380 2912 1567 2980 recipit
1599 2911 1760 2977 dona,
1776 2913 1866 2981 qui
1889 2910 2135 2966 condidit

555 3003 771 3057 saecula.
824 3002 1099 3072 Sequitur,
1149 3019 1306 3057 cornu
1352 3007 1460 3074 ejus
1502 3003 1810 3057 exaltabitur
1848 3004 1901 3056 in
1945 3004 2131 3072 gloria.

555 3091 727 3146 Cornu
758 3107 853 3160 pro
882 3102 1143 3160 potestate
1175 3094 1296 3162 poni
1320 3108 1463 3162 saepe
1488 3093 1597 3161 jam
1629 3093 1830 3146 dictum
1864 3103 1967 3157 est,
1996 3092 2134 3147 sicut

556 3181 743 3237 Daniel
771 3182 1022 3251 propheta
1055 3191 1296 3246 testatur,
1323 3182 1504 3236 dicens
1527 3197 1544 3237 :
1575 3181 1803 3245 Quatuor
1830 3192 2000 3234 autem
2020 3197 2133 3234 cor-

554 3287 679 3336 nua,
702 3281 922 3340 quatuor
942 3289 1097 3342 regna
1125 3282 1240 3324 sunt
1263 3270 1422 3340 (Dan.
1449 3287 1539 3337 vn,
1570 3269 1680 3338 I7).
1713 3271 1881 3337 Quam
1912 3285 2134 3325 necesse

555 3371 636 3414 est
674 3362 776 3414 illis
817 3361 890 3415 ibi
919 3361 1056 3426 dari,
1096 3362 1186 3430 qui
1228 3362 1315 3416 hic
1355 3361 1670 3414 videbantur
1705 3360 1793 3429 pia
1842 3361 2134 3414 humilitate

558 3453 813 3521 prostrati
844 3453 858 3504 l
891 3451 1158 3506 Hactenus
1188 3452 1254 3506 de
1293 3451 1568 3506 beatorum
1600 3453 1752 3505 bonis
1782 3451 1988 3505 locutus
2015 3460 2131 3506 est:

557 3559 697 3598 nunc
717 3545 976 3612 psalmum
999 3544 1065 3599 de
1094 3543 1376 3613 impiorum
1403 3544 1689 3600 afflictione
1709 3547 1998 3602 concludit.

628 3632 779 3687 Vers.
817 3633 903 3686 10.
941 3633 1070 3699 Res,
1097 3633 1213 3698 δικ,
1239 3632 1372 3686 Tsu.
1407 3632 1657 3686 Peccator
1692 3635 1895 3699 uidebit,
1947 3646 1994 3690 rt
2023 3637 2133 3689 ira-

558 3731 762 3787 scetur;
803 3722 1033 3775 dentibus
1071 3723 1174 3776 suis
1203 3726 1379 3792 fremet
1425 3731 1470 3775 et
1519 3723 1731 3776 tabescet
1768 3740 1787 3779 .'
1826 3725 2134 3778 desiderium

557 3823 879 3884 peccatorum
899 3813 1100 3882 peribit.
1137 3815 1419 3880 Postquam
1445 3813 1583 3867 beati
1611 3815 1976 3870 definitionem
1999 3815 2134 3871 dixit

555 3914 610 3960 et
641 3904 879 3974 praemia,
926 3905 978 3959 in
1011 3905 1160 3960 tertia
1194 3915 1342 3972 parte
1382 3914 1722 3974 peccatorum
1764 3907 1969 3961 notavit
1998 3907 2136 3962 invi-

556 3997 717 4049 diam.
749 3996 877 4062 Quaa
921 3997 1082 4064 figura
1114 3997 1307 4049 dicitur
1335 3997 1664 4066 paradigma,
1705 3997 1913 4066 quoties
1941 3998 2127 4052 beato-

560 4101 678 4141 rum
722 4086 998 4140 hortamur
1049 4087 1222 4153 bonis,
1272 4088 1531 4143 malorum
1574 4097 1752 4143 autem
1801 4089 2134 4144 deterremur

559 4176 838 4243 exemplis.
867 4175 978 4232 Hoc
1005 4175 1145 4230 enim
1177 4175 1393 4231 schema
1428 4177 1480 4232 in
1511 4177 1594 4232 his
1624 4177 1840 4246 psalmis
1883 4178 2133 4232 omnibus

559 4264 848 4328 invenitur,
878 4265 968 4332 qui
1008 4264 1294 4332 loquuntur
1335 4265 1404 4320 dc
1429 4266 1760 4321 institutione
1807 4267 2127 4328 beatorum;

560 4354 802 4422 quamvis
828 4361 882 4406 et
916 4352 1044 4406 alibi
1075 4353 1339 4409 interdum
1366 4355 1666 4424 reperiatur
1690 4364 1961 4424 aptatum;
1995 4355 2134 4412 sicut

558 4453 613 4499 et
633 4445 686 4498 in
709 4445 882 4514 primo
911 4445 1114 4514 psalmo
1135 4454 1342 4501 constat
1361 4448 1627 4501 effectum.
1661 4446 1944 4511 Irascetur,
1973 4449 2129 4514 dixit,

558 4535 764 4591 scilicet
791 4535 915 4601 sibi,
945 4536 1032 4605 qui
1064 4536 1355 4592 noluerunt
1379 4550 1409 4590 a
1439 4537 1700 4606 pravitate
1728 4539 2006 4609 suspendi.
2039 4539 2128 4592 Vi-

557 4627 754 4682 debant
783 4627 909 4698 [ed.,
943 4625 1148 4697 vident]
1171 4627 1314 4682 enim
1337 4643 1395 4682 se
1423 4630 1827 4698 praesumpsisse
1857 4631 2125 4698 quondam

556 4720 625 4775 de
647 4719 814 4790 gloria
842 4718 1064 4784 caduca,
1088 4721 1154 4774 de
1177 4729 1438 4788 potestate
1469 4721 1702 4790 fugitiva,
1734 4730 1787 4775 et
1808 4723 1940 4776 alios
1966 4723 2131 4776 beati-

557 4814 796 4868 tudinem
829 4814 1091 4882 accipere,
1119 4828 1237 4882 qua:
1254 4816 1424 4868 nescit
1447 4813 1730 4883 aliquando
1749 4814 2026 4879 desinere;
2053 4815 2131 4868 ira

557 4904 715 4976 iusta,
767 4905 1058 4974 indignatio
1088 4920 1232 4971 vera,
1265 4905 1356 4960 sed
1389 4921 1492 4960 non
1527 4906 1760 4974 proticua
1796 4907 2131 4976 temporibus

556 4999 606 5049 ul
635 4999 788 5052 iouis.
825 4998 1111 5052 Potuerant
1131 4998 1275 5051 enim
1303 4999 1374 5052 ibi
1401 5013 1508 5052 non
1538 4998 1821 5066 indignari,
1843 5000 1886 5052 si
1917 5001 2001 5053 hic
2021 4999 2133 5053 suis

558 5087 702 5140 vitiis
725 5087 1072 5144 redderentur
1092 5088 1306 5143 infensi.
1341 5088 1609 5156 Sequitur,
1641 5090 1869 5144 dentibus
1892 5092 1994 5144 suis
2023 5092 2131 5160 fre-

558 5187 655 5230 met
684 5185 728 5229 et
757 5177 985 5232 tabescet.
1017 5180 1272 5234 Peccator
1305 5188 1359 5234 et
1391 5180 1601 5234 invidus
1644 5179 1695 5234 in
1723 5194 1818 5234 sua
1867 5181 2130 5236 fluctuans

559 5267 883 5336 malignitate
911 5269 1226 5324 describitur
1258 5288 1268 5324 :
1304 5270 1592 5325 iracundiae
1621 5271 1836 5340 quidem
1867 5286 1976 5326 sun:
1999 5273 2130 5326 reti-

559 5369 690 5409 nens
721 5355 939 5422 malum,
973 5356 1066 5411 sed
1095 5359 1224 5412 nulli
1249 5359 1382 5413 ultra
1412 5361 1708 5414 nociturus.
1741 5361 1836 5414 Hic
1858 5360 2001 5416 enim
2033 5362 2132 5414 im-

561 5447 646 5514 pie
669 5446 1122 5512 commovebatur,
1156 5455 1215 5500 ut
1240 5449 1466 5504 alterum
1500 5451 1718 5505 latderet
1740 5468 1753 5504 :
1773 5451 1843 5505 ibi
1869 5451 2013 5520 juste
2030 5452 2131 5506 sibi

561 5537 828 5604 irascitur,
866 5539 1111 5605 quoniam
1146 5555 1241 5607 pro
1268 5555 1363 5594 sua
1409 5542 1734 5611 malignitate
1766 5543 2001 5611 punitur.
2045 5543 2133 5598 Sic

559 5645 612 5684 et
646 5630 807 5684 Isaias
834 5631 939 5684 ait:
967 5630 1086 5686 Non
1108 5641 1181 5685 est
1205 5650 1306 5700 pax
1329 5634 1520 5702 impiis,
1551 5636 1671 5688 dicit
1706 5636 1952 5688 Dominus
1976 5635 2129 5706 (Isai.

560 5734 686 5785 uti,
725 5719 841 5774 2D.
884 5720 1011 5776 Nam
1048 5721 1288 5776 fremitus
1319 5722 1433 5791 ejus
1482 5723 1582 5778 hoc
1631 5726 1739 5792 agit
1781 5733 1838 5778 ut
1868 5726 2129 5790 tabescat;

2225 577 2439 644 proprio
2469 577 2648 630 dolore
2683 576 2931 643 castigat,
2975 573 3196 641 exigens
3223 585 3255 624 a
3285 584 3346 623 se
3371 568 3647 623 cruciatus
3671 583 3801 636 quos

2225 667 2310 720 hic
2357 668 2622 720 sustinere
2647 666 2873 738 cogebat
2917 663 3181 718 innoxios.
3228 661 3461 728 Adjecit,
3495 660 3800 713 desiderium

2223 768 2541 827 peccatorum
2573 757 2790 825 peribit;
2828 756 3034 809 scilicet
3067 755 3190 822 quia
3220 753 3359 806 sicut
3383 752 3494 805 illic
3523 759 3649 804 vota
3680 749 3802 803 bea-

2225 859 2398 902 torum
2430 851 2483 902 in
2514 863 2680 916 regno
2721 846 2930 900 Domini
2967 847 3203 914 plantata
3233 843 3524 906 florebunt,
3571 841 3650 894 ita
3682 855 3802 910 pec-

2223 949 2462 994 catorum
2493 939 2761 993 desideria
2785 937 2990 990 succisa
3023 941 3374 988 marcescent.

2764 1047 3033 1104 Conclusio
3065 1048 3269 1118 psalmi.

2297 1163 2463 1229 Quam
2498 1163 2715 1230 pulchre
2755 1160 3034 1229 alphabeto
3082 1157 3446 1212 descendente
3493 1156 3685 1210 beatus
3716 1155 3804 1209 iste

2227 1251 2524 1319 descriptus
2570 1259 2681 1314 est,
2725 1260 2780 1303 ut
2823 1249 2977 1302 simul
3026 1247 3162 1302 facta
3201 1248 3319 1314 ejus
3360 1257 3716 1302 narrarentur
3759 1256 3804 1300 et

2227 1343 2444 1410 praemia
2472 1342 2485 1394 ι
2519 1340 2645 1407 Quis
2675 1353 2733 1394 se
2761 1339 2942 1394 videre
2965 1355 3067 1393 non
3098 1339 3282 1393 credat
3308 1355 3427 1407 qua:
3457 1349 3642 1391 sancta
3668 1338 3803 1390 veri.

2229 1443 2310 1485 tas
2336 1431 2651 1500 pollicetur?
2675 1429 2778 1484 Sed
2808 1430 2920 1498 ipse
2945 1444 3040 1484 nos
3072 1430 3231 1483 faciat
3253 1431 3522 1498 accipere,
3543 1430 3676 1496 quod
3694 1429 3802 1496 jam

2229 1523 2494 1576 concessit
2521 1521 2725 1574 audire.
2761 1521 2869 1575 lIoc
2894 1521 3034 1575 enim
3064 1521 3431 1590 alphabetum,
3464 1535 3577 1584 quo
3598 1535 3804 1573 carmen

2232 1612 2373 1666 istud
2401 1611 2672 1679 impletum
2707 1620 2808 1674 est,
2838 1609 2901 1664 ad
2927 1609 3309 1679 perfectionem
3338 1609 3623 1677 sapientia:
3653 1609 3805 1674 perti-

2231 1717 2360 1756 nere
2387 1718 2491 1755 non
2522 1700 2740 1754 dubium
2784 1709 2893 1764 est,
2929 1715 3024 1768 per
3050 1700 3189 1768 quod
3221 1706 3276 1754 et
3297 1698 3606 1753 divinarum
3637 1714 3807 1751 rerum

2234 1790 2541 1844 intellectus
2568 1790 2894 1857 agnoscitur,
2923 1801 2976 1843 et
3003 1789 3286 1856 imperitia:
3313 1789 3468 1857 culpa
3491 1788 3808 1841 declinatur.

1570 1833 1917 1905 dispensatio]
1941 1845 2123 1891 sancta
2157 1849 2205 1908 Β
2236 1833 2541 1891 “’Ῑ“”’”“““’
2568 1833 2862 1857 ’δ””“”’“”’
2881 1833 2894 1852 ⁷
2925 1833 2976 1888 ζ’“
3005 1833 3292 1890 ’“’”¹”“’““”“’,
3316 1833 3468 1857 ”““¹’“
3493 1833 3808 1887 “”,’”““““”““’

1570 1926 1602 1947 ε,
1633 1926 1798 1947 μηηε
1861 1941 1971 1947 μμ
2002 1941 2093 1947 μ,
2236 1880 2323 1934 Stc
2350 1887 2562 1933 constat
2607 1879 2845 1947 psalmos
2889 1878 3108 1932 diversa
3146 1887 3405 1931 suavuate
3459 1888 3730 1939 variatus,
3763 1887 3808 1928 ut

2236 1969 2465 2022 humana
2512 1967 2848 2022 imbecillitas
2897 1967 3135 2022 discendi
3186 1983 3290 2021 non
3344 1967 3511 2036 possit
3552 1968 3809 2020 sustinere

2236 2057 2473 2114 fastidia.

2528 2167 2886 2224 EXPOSITIO
2916 2168 2979 2222 IN
3011 2167 3326 2224 PSALMUM
3359 2166 3527 2222 CXII.

2905 2257 3152 2312 Alleluia.

2306 2371 2443 2425 Ecce
2462 2371 2622 2425 verba
2649 2371 2782 2425 tituli
2805 2371 2888 2425 sui
2912 2371 3240 2439 subsequens
3269 2371 3510 2440 psalmus
3540 2374 3771 2441 exponit
3797 2415 3812 2437 ,

2235 2476 2355 2515 nam
2391 2476 2509 2515 cum
2541 2463 2630 2526 sit,
2657 2460 2900 2526 Alleluia,
2929 2461 3143 2516 laudate
3176 2463 3481 2528 Dominum,
3527 2464 3602 2517 ita
3629 2473 3686 2519 et
3711 2465 3812 2532 ipse

2235 2551 2358 2605 fecit
2391 2553 2600 2606 initium
2653 2552 2906 2621 magister
2934 2567 3112 2616 verus,
3141 2553 3324 2608 doctor
3356 2554 3632 2624 egregius,
3673 2556 3812 2624 cuju

2237 2643 2406 2696 nescit
2434 2657 2612 2696 sermo
2649 2642 2858 2707 fallere,
2890 2642 3010 2712 quia
3038 2643 3106 2697 de
3146 2643 3385 2698 veritatis
3430 2644 3580 2698 fonte
3606 2655 3836 2700 constat

2235 2747 2506 2786 emanare.
2553 2731 2690 2799 Quid
2734 2732 2878 2788 enim
2922 2733 3025 2786 dici
3073 2740 3254 2802 potest
3293 2732 3495 2787 certius
3537 2749 3700 2802 quam
3735 2734 3814 2790 ubi

2235 2837 2410 2876 rerum
2440 2831 2752 2891 praeceptor,
2782 2828 3033 2892 proprius
3064 2823 3319 2892 probatur
3339 2823 3654 2891 expositor?

2811 2933 3006 2988 Divisio
3032 2935 3237 3004 psalmi.

2308 3047 2571 3116 Pr0pheta
2591 3047 2752 3126 David
2783 3047 2973 3117 psalmi
3003 3057 3208 3102 textum
3234 3047 3337 3101 sub
3367 3047 3621 3102 brevitate
3641 3055 3810 3101 trans-

2235 3153 2488 3204 eurreus,
2531 3140 2697 3208 prima
2729 3148 2880 3208 parte
2904 3148 3206 3193 commonet
3234 3139 3457 3193 devotos
3483 3180 3498 3202 ,
3532 3148 3585 3191 ut
3627 3137 3814 3192 laudes

2159 3221 2204 3282 C
2238 3229 2464 3314 Domino
2486 3228 2687 3298 jugiter
2734 3229 3032 3295 exsolvant,
3054 3230 3179 3282 etin
3212 3237 3323 3280 toto
3350 3230 3484 3281 orbe
3526 3227 3812 3291 praedicare

2237 3315 2342 3372 non
2361 3317 2885 3373 desinant.Secunda
2903 3327 3052 3386 parte
3081 3319 3194 3384 ipse
3225 3316 3346 3371 facit
3375 3317 3519 3386 quod
3545 3317 3687 3370 alios
3710 3333 3814 3370 mo-

2237 3419 2358 3475 net,
2391 3418 2447 3463 ut
2471 3411 2725 3478 magister
2762 3424 2920 3464 verus
2947 3426 3052 3463 non
3083 3417 3190 3463 tam
3224 3408 3408 3472 verbo,
3441 3424 3602 3478 quam
3627 3409 3814 3465 docere

2237 3499 2476 3554 videatur
2501 3503 2767 3570 exemplo.

2775 3611 3044 3681 Expositio
3076 3612 3284 3682 psalmi.

2308 3721 2463 3776 Vers.
2498 3722 2548 3775 1.
2580 3721 2835 3786 Laudate,
2861 3721 3026 3790 pueri,
3053 3719 3369 3785 Dominum;
3399 3721 3613 3774 laudate
3638 3737 3811 3774 nomen

2237 3810 2470 3867 Domini.
2496 3812 2724 3866 Constat
2744 3813 2846 3866 hoc
2871 3826 3063 3867 nomen
3087 3811 3421 3879 simplicibus
3442 3821 3498 3865 et
3519 3814 3812 3879 purissimis

2203 3933 2208 3936 -
2236 3901 2370 3965 dari,
2404 3901 2616 3970 quando
2636 3909 2692 3955 et
2719 3901 2833 3969 ipse
2859 3900 3114 3955 Dominus
3144 3915 3276 3970 puer
3305 3910 3550 3967 vocatur,
3578 3902 3714 3954 sicut
3732 3912 3810 3955 est

2238 3992 2372 4046 illud
2398 4011 2410 4043 :
2446 3992 2586 4047 Puer
2610 4001 2762 4048 natus
2792 4003 2864 4047 est
2893 3994 3034 4047 nobis
3065 3993 3219 4063 (Isai.
3249 4009 3325 4060 Ix,
3361 3993 3439 4064 6).
3469 3996 3624 4047 Istam
3651 3993 3809 4062 siqui-

2239 4084 2360 4138 dem
2392 4093 2604 4138 aatatem
2634 4099 2728 4152 pro
2760 4085 3065 4140 innocentia
3093 4086 3254 4155 385
3275 4099 3369 4140 sua
3396 4100 3424 4139 a
3459 4086 3687 4139 Domino
3705 4100 3803 4140 con

2237 4181 2345 4229 stat
2371 4173 2627 4238 electam;
2659 4173 2787 4228 dicit
2815 4173 2954 4228 enim
2986 4174 3262 4242 discipulis
3288 4174 3398 4228 suis
3429 4191 3444 4228 :
3480 4174 3654 4230 Sinite
3699 4190 3812 4244 par-

2237 4264 2379 4318 vulos
2404 4266 2570 4318 uenire
2607 4264 2674 4317 ad
2702 4280 2801 4326 me,
2849 4264 3024 4316 talium
3052 4273 3124 4318 est
3157 4265 3302 4319 enim
3337 4279 3553 4334 regnum
3583 4266 3814 4319 caelorum

2238 4355 2452 4423 (Matth.
2488 4371 2599 4418 xix,
2649 4356 2763 4424 14).
2791 4355 2977 4410 Merito
3005 4369 3134 4425 ergo
3163 4355 3261 4411 hos
3292 4356 3552 4426 propheta
3582 4371 3814 4411 commo-

2238 4457 2328 4502 uet
2377 4448 2560 4502 laudes
2592 4448 2818 4502 Domino
2863 4447 3062 4503 debere
3091 4456 3328 4512 cantare,
3357 4449 3448 4518 qui
3489 4449 3662 4504 corde
3685 4462 3812 4518 puro

2237 4537 2302 4589 ad
2349 4550 2442 4590 eas
2479 4536 2726 4590 videntur
2764 4538 3040 4593 accedere.
3086 4537 3202 4591 Non
3243 4538 3382 4592 enim
3428 4537 3520 4592 hic
3563 4548 3700 4592 aetas
3741 4547 3812 4592 est

2239 4627 2433 4692 electa,
2468 4627 2560 4682 sed
2591 4633 2812 4696 puritas.
2845 4629 3070 4697 Respice
3094 4642 3307 4697 quoque
3330 4628 3387 4682 in
3412 4631 3515 4682 hac
3543 4629 3814 4699 repetitio-

2241 4731 2308 4772 ne
2345 4718 2627 4786 Quamdam
2654 4733 2775 4772 esse
2802 4718 3132 4772 distantiam.
3169 4718 3443 4772 Dominum
3478 4719 3688 4786 laudat,
3728 4719 3809 4786 qui

2239 4824 2296 4864 se
2313 4809 2571 4878 probabili
2595 4809 2802 4864 actione
2822 4810 3164 4865 commendat
3185 4829 3197 4863 :
3215 4812 3421 4864 Nomen
3441 4809 3662 4864 Domini
3685 4811 3808 4864 idem

2240 4901 2436 4966 laudat,
2470 4897 2561 4968 qui
2590 4899 2815 4953 virtutes
2841 4898 2956 4968 ejus
2995 4911 3178 4956 sancta
3208 4899 3594 4970 praedicatione
3625 4914 3807 4954 conce-

2238 4993 2428 5048 Iebrat.

2314 5087 2461 5139 Vers.
2501 5085 2554 5138 2.
2597 5083 2678 5139 Sit
2724 5101 2908 5138 nomen
2958 5084 3163 5137 Domini
3211 5082 3564 5149 benedictum,
3615 5101 3681 5138 et:
3723 5083 3802 5135 hoc

2238 5191 2374 5228 nunc
2424 5184 2470 5227 et
2512 5189 2669 5244 usque
2706 5177 2759 5226 in
2799 5174 3064 5228 sarculum.
3101 5173 3178 5230 Ne
3209 5173 3345 5228 forte
3382 5174 3484 5228 sibi
3517 5186 3800 5232 momenta-

2239 5279 2391 5317 neam
2425 5263 2631 5316 laudem
2676 5264 2824 5332 pueri
2870 5263 3153 5317 crederent
3195 5263 3550 5332 imperatam,
3599 5263 3720 5318 dicit
3755 5269 3808 5313 et

2238 5355 2397 5409 modo
2427 5355 2478 5408 in
2508 5355 2609 5409 hoc
2638 5356 2835 5408 saeculo
2865 5355 3286 5423 prmdicandum,
3321 5365 3376 5410 et
3405 5355 3460 5409 in
3487 5357 3578 5410 illa
3601 5370 3804 5426 quoque

2237 5449 2533 5504 mternitatc
2558 5447 2905 5502 laudandum.
2948 5448 3052 5504 Sed
3079 5464 3146 5502 ne
3185 5449 3267 5503 vel
3295 5449 3395 5502 hoc
3420 5448 3665 5504 localiter
3687 5462 3802 5518 pos-

2236 5544 2305 5598 sit
2326 5539 2565 5612 intelligi,
2595 5539 2780 5596 subter
2809 5540 2938 5595 dicit
2980 5541 3428 5610 quemadmodum
3458 5541 3660 5610 ubiujue‘
3689 5542 3801 5594 lau-

2237 5634 2410 5690 detur.

2311 5726 2460 5780 \’ers.
2491 5728 2545 5782 ὅ.
2588 5728 2628 5779 Α
2655 5728 2776 5781 solis
2821 5735 2932 5780 ortu
2981 5741 3137 5781 usque
3183 5728 3250 5779 ad
3293 5741 3549 5788 occasum,
3602 5721 3798 5777 laudate
