4032 6340
198 378 299 436 809

1112 376 1477 435 EXPOSIHO
1520 376 1582 432 IN
1625 374 2088 434 l'StLTElllUJl.
2135 378 2324 434 l‘S.\L.
2365 377 2546 434 CXlll.

3364 384 3467 441 810

194 508 378 550 nomen
403 488 633 545 Domini.
677 489 772 544 ll'c
801 489 1151 547 universalem
1184 492 1424 564 designat
1456 492 1771 554 Ecclesium,
1808 493 1854 551 A
1887 511 1978 561 pes
2010 498 2280 554 vindicent
2306 509 2360 555 et
2384 511 2602 572 egentes
2628 518 2643 567 ;
2676 516 2799 559 nam
2826 504 2890 558 de
2910 514 3131 561 stercore
3158 517 3209 561 et
3243 524 3469 578 pauper-

197 595 253 639 nt
283 599 377 651 per
405 591 573 637 totum
604 581 875 646 mundum,
905 582 1054 650 cujus
1080 582 1371 638 fabricator
1401 594 1487 639 est
1508 585 1777 649 Christus,

192 677 312 745 ejus
333 654 600 745 praeconia
627 673 863 728 debeam
914 690 1018 727 non
1053 677 1242 730 taceri.
1278 676 1433 765 “sta
1477 678 1779 731 commoni-

192 768 271 823 tio
300 767 418 841 [tum
450 764 540 829 6.,
573 765 947 838 commonitio]
993 775 1079 821 est
1130 764 1360 833 Domini,
1401 769 1650 825 salutaris
1701 767 1782 823 itt-

186 859 440 930 junctio;
492 868 552 912 ut
604 858 919 913 Creatorem
965 874 1119 913 suum
1170 869 1421 915 creatura
1469 870 1779 930 cognoscat,

191 964 429 1020 eumque
461 950 809 1017 magniﬁcare
852 949 1068 1015 debeat,
1099 960 1362 1019 quatenus
1383 950 1502 1018 ejus
1536 951 1782 1006 laudibus

194 1058 414 1112 semper
458 1051 754 1096 accrescat.
799 1041 912 1095 lloc
951 1042 1170 1096 schema
1203 1042 1399 1097 dicitur
1428 1042 1779 1113 periphrasis,

195 1136 384 1192 Latine
415 1152 507 1205 per
536 1132 839 1189 circuitum.
882 1134 936 1189 ln
982 1135 1103 1189 aliis
1132 1136 1331 1205 quippe
1362 1137 1513 1203 locis,
1549 1151 1645 1203 per
1690 1153 1781 1191 or-

195 1229 341 1292 bem,
371 1228 428 1284 in
457 1227 576 1281 aliis
609 1243 675 1280 cx
708 1236 938 1296 quatuor
971 1227 1304 1292 cardinibus,
1338 1227 1426 1282 hic
1470 1238 1645 1283 autem
1689 1244 1785 1298 per

194 1321 328 1376 solis
350 1334 591 1383 cursum,
628 1318 779 1388 quasi
813 1331 906 1387 per
934 1319 1223 1389 quamdam
1255 1318 1452 1374 lineam
1477 1319 1782 1376 declaratus

192 1419 281 1465 est
308 1409 560 1464 mundus.

268 1498 421 1554 νοτε.
448 1497 502 1551 4.
548 1497 797 1552 Excelsus
830 1516 983 1568 super
1022 1516 1195 1557 onmes
1222 1511 1394 1573 gentes
1429 1501 1703 1567 Dominus,
1736 1513 1784 1557 et

193 1604 357 1656 super
404 1586 554 1641 ctrlos
581 1587 748 1658 gloria
778 1590 907 1658 ejus.
949 1588 1054 1645 Per
1099 1592 1194 1644 has
1235 1590 1371 1646 duas
1418 1603 1617 1662 partes,
1667 1594 1786 1648 uni-

193 1692 388 1734 versas
420 1680 531 1732 vult
556 1680 775 1750 intelligi
807 1691 1106 1736 creaturas.
1150 1681 1357 1745 Gentes,
1410 1695 1619 1739 terrena
1654 1700 1787 1740 cun-

191 1780 282 1831 cta
328 1771 705 1841 suscipiamus.
746 1772 934 1839 Ctelos,
984 1774 1329 1829 advertatnus
1376 1776 1624 1831 universa
1669 1793 1783 1832 cte-

1887 598 1997 649 tate
2022 593 2264 661 erigitur,
2311 594 2553 663 quisquis
2581 596 2647 651 de
2676 598 2774 651 hac
2820 598 2940 654 labe
2978 602 3221 667 corporis
3253 618 3348 670 per
3378 604 3470 659 Dei

1884 684 2108 753 gratiam
2162 686 2493 743 sublevatur.
2556 688 2667 743 Rex
2720 690 2952 761 denique
3004 694 3121 761 ipse
3167 696 3470 752 mundanus

1886 778 2040 843 inops
2062 790 2143 833 est
2172 795 2452 835 munerum
2491 781 2619 847 Dei,
2648 792 2703 837 et
2734 783 2783 836 in
2816 795 3054 839 stercore
3083 787 3315 841 volvitur
3334 831 3348 852 ,
3381 793 3467 844 cui

1884 868 2062 924 carnis
2090 870 2216 923 vitia
2247 871 2612 928 dominantur.
2661 874 2845 929 Elevat
2889 892 3018 946 ergo
3044 878 3254 934 abistis
3283 880 3466 934 Domi-

1885 974 1990 1015 nus
2009 962 2274 1030 quoslibet
2301 963 2538 1029 ordines,
2591 968 2856 1035 quaslibet
2897 977 3107 1038 tetates,
3145 987 3267 1026 eum
3309 975 3473 1029 mise-

1887 1052 2132 1107 ricordia:
2162 1068 2275 1106 suze
2304 1054 2446 1109 dona
2478 1056 2717 1125 largitur.

1961 1145 2109 1201 Vers.
2144 1147 2197 1201 8.
2223 1147 2291 1201 Ut
2315 1150 2525 1202 collocat
2552 1166 2667 1204 eum
2691 1170 2805 1206 cum
2828 1154 3162 1225 principibus,
3190 1173 3303 1210 cum
3326 1161 3473 1229 prin-

1883 1236 2079 1307 cipibus
2110 1239 2289 1307 populi
2319 1241 2417 1295 sui.
2464 1242 2708 1297 Declarat
2735 1244 2799 1299 ad
2829 1248 2954 1316 quid
2990 1250 3237 1317 pauperis
3265 1262 3320 1307 et
3350 1252 3469 1305 ino-

1887 1332 1968 1399 pis
1991 1334 2271 1399 pervenire
2299 1336 2467 1400 possit
2493 1339 2716 1400 erectio,
2748 1339 2950 1392 scilicet
2979 1348 3032 1392 ut
3055 1340 3332 1396 collocetur
3353 1361 3469 1397 eum

1886 1419 2204 1488 principibus
2249 1422 2426 1490 populi
2470 1426 2568 1479 sui.
2606 1424 2874 1495 Principes
2928 1430 3071 1484 enim
3118 1434 3297 1501 populi
3345 1445 3470 1488 sunt

1885 1511 2228 1579 patriarchre,
2279 1514 2575 1581 prophetia,
2625 1517 2874 1584 apostoli,
2926 1528 2981 1573 et
3008 1521 3310 1592 quicunque
3353 1525 3464 1579 Deo

1888 1603 2147 1669 probabili
2180 1609 2587 1665 conversatione
2639 1614 2969 1680 placuerunt.
3012 1616 3116 1671 Sed
3161 1620 3249 1673 hic
3284 1623 3471 1687 princi-

1888 1703 2091 1765 patum,
2122 1712 2226 1752 non
2255 1698 2514 1756 honorent
2549 1705 2739 1758 credas
2769 1706 2859 1774 qui
2892 1706 3164 1762 hominum
3211 1711 3466 1783 suli‘tagio

1886 1790 2239 1860 conquiritur,
2262 1793 2354 1847 sed
2381 1794 2529 1848 illum
2560 1797 2647 1864 qui
2680 1799 2902 1853 Domino
2953 1800 3213 1871 largiente
3248 1806 3470 1873 pra-sui-

194 1862 393 1918 lestia:
424 1864 677 1933 quoniam
711 1879 875 1934 super
903 1868 1081 1921 θωπιὶᾶ
1129 1867 1384 1936 Probalul‘
1412 1869 1660 1933 επεείϐυδ,
1689 1870 1773 1923 συί
1809 1881 1855 1940 Β
1885 1892 1989 1948 tur,
2032 1883 2120 1952 qui
2180 1884 2481 1942 humilitate
2523 1862 2662 1942 altus
2698 1901 2799 1960 est,
2857 1895 2945 1962 qui
2998 1862 3101 1949 ﬁde
3147 1862 3345 1969 cerlus,
3380 1906 3466 1971 qui

193 1953 298 2024 ipsi
330 1970 542 2025 quoque
576 1956 699 2010 caeli
730 1957 956 2025 subjecti
1003 1968 1147 2021 sunt,
1179 1960 1316 2014 sicut
1351 1962 1402 2014 iu
1435 1962 1542 2016 alio
1569 1961 1777 2031 psalmo

192 2045 426 2117 legitur:
462 2045 711 2102 Exalture
738 2064 891 2115 super
919 2050 1090 2113 cazlos,
1130 2048 1286 2112 Deus,
1318 2062 1363 2106 et
1399 2068 1553 2119 super
1578 2067 1778 2104 omnem

192 2146 383 2192 terram
412 2138 579 2209 gloria
608 2148 694 2192 tua
724 2138 897 2208 (Psal.
930 2156 1055 2207 cvn,
1091 2142 1165 2208 6).
1218 2142 1343 2198 Sive
1370 2155 1566 2213 gentes,
1590 2159 1779 2198 carna-

188 2230 277 2288 les
307 2230 592 2296 homines;
640 2235 791 2286 catos
830 2248 960 2288 vero
999 2235 1303 2302 spirituales
1348 2236 1607 2291 debemus
1639 2238 1781 2291 acci-

189 2337 369 2394 pere;
403 2332 461 2377 ut
486 2339 648 2394 super
664 2340 855 2380 omnes
875 2336 1149 2382 creaturas
1170 2327 1476 2383 Altissimus
1498 2331 1779 2397 sentiatur,

190 2415 285 2484 qui
311 2419 627 2469 cunctarqu
656 2431 835 2470 rerum
863 2419 1110 2472 conditor
1134 2434 1255 2475 esse
1282 2420 1631 2491 dignoscitur.

188 2543 192 2547 .
270 2502 424 2561 Vers.
464 2506 520 2561 5.
566 2506 692 2571 Quis
722 2508 854 2561 sicut
901 2506 1153 2563 Dominus
1203 2509 1339 2565 Deus
1370 2522 1560 2581 noster,
1613 2514 1780 2584 quiin

191 2596 318 2652 altis
340 2598 579 2653 habitat?
606 2587 767 2654 venit
787 2601 854 2655 ad
882 2605 1170 2657 secundam
1202 2615 1428 2672 partem,
1457 2607 1508 2661 in
1539 2623 1639 2676 qua
1669 2610 1779 2677 jam

192 2686 315 2755 ipse
341 2687 525 2744 laudes
564 2690 860 2745 dominicas
903 2707 967 2748 ex
1016 2692 1168 2748 lactis
1197 2695 1312 2764 ejus
1341 2696 1493 2752 hctus
1524 2699 1778 2757 exsolvit.

193 2781 332 2836 Dum
360 2782 472 2852 quis
500 2782 716 2847 dicitur,
763 2801 923 2839 nemo
952 2786 1090 2840 alius
1119 2786 1472 2856 signLlicatur,
1502 2806 1660 2860 quam
1690 2794 1778 2857 qui

194 2883 403 2929 tantum
449 2876 661 2945 propria
724 2880 973 2945 potentiae
1013 2895 1124 2933 sua:
1172 2882 1452 2949 majestate
1498 2885 1778 2952 glorietur.

182 2966 307 3033 .Qui
334 2967 387 3019 in
407 2967 526 3021 aliis
554 2968 771 3034 habitat,
807 2969 856 3023 id
886 2980 993 3036 est,
1025 2972 1075 3025 in
1104 2974 1328 3028 excelsis
1358 2977 1619 3030 creaturis
1644 2979 1777 3042 suis,

182 3073 333 3129 quas
357 3061 471 3128 ipse
490 3076 707 3130 magnas
736 3063 879 3128 facit,
900 3078 1030 3140 -Clltn
1059 3064 1113 3118 in
1136 3066 1214 3120 eis
1243 3066 1470 3121 habitare
1491 3067 1779 3139 dignatur;

176 3161 259 3206 Διιι
285 3160 414 3206 sunt
438 3155 607 3222 angeli
634 3156 781 3220 boni,
829 3158 1000 3211 sancti
1032 3157 1172 3227 ejus,
1203 3166 1260 3214 et
1286 3161 1506 3230 reliqua:
1540 3173 1780 3230 potesra-

192 3251 305 3310 tes,
355 3258 474 3314 qua:
519 3250 819 3313 prtesentia:
862 3249 1031 3318 ipsius
1080 3251 1341 3323 dignitate
1392 3255 1774 3323 grandescunt.

190 3334 303 3392 Sed
349 3352 419 3393 ne
467 3350 683 3408 putares
728 3342 884 3395 istam
931 3342 1339 3412 amplitudinem
1372 3343 1591 3401 humilia
1642 3348 1779 3402 velle

189 3430 495 3500 despicere,
527 3434 647 3489 vide
674 3435 802 3504 quid
831 3436 1093 3506 sequitur.

268 3543 420 3598 \‘ers.
454 3543 508 3599 ϐ.
550 3544 616 3597 Et
660 3543 873 3600 humilia
916 3548 1119 3616 respicit
1168 3548 1222 3602 in
1270 3552 1395 3605 coelo
1441 3560 1487 3605 et
1536 3555 1588 3606 in
1619 3563 1773 3610 terra.

190 3636 494 3703 Esponitur
522 3636 663 3705 quod
692 3639 937 3705 superius
961 3640 1159 3695 dictum
1193 3651 1293 3707 est,
1325 3645 1412 3712 qui
1442 3646 1655 3699 inultis
1683 3648 1778 3699 ha-

191 3728 343 3780 bitat.
382 3726 500 3797 Ipse
529 3729 670 3782 enim
700 3730 916 3784 Ittmtilia
962 3732 1186 3803 respicit,
1232 3744 1288 3786 ut
1336 3737 1458 3789 liant
1490 3735 1606 3805 ejus
1634 3738 1778 3791 dono

188 3834 409 3889 semper
435 3820 715 3876 altissima.
762 3823 840 3876 Illi
873 3824 1014 3878 enim
1047 3841 1206 3891 supra
1239 3829 1377 3897 piam
1421 3830 1774 3885 humilitatem

187 3912 354 3965 sedes
373 3921 494 3974 est;
523 3914 690 3982 ipsam
721 3915 898 3970 visitat
922 3932 1040 3983 qua:
1069 3918 1198 3972 nihil
1234 3921 1283 3972 in
1313 3936 1371 3975 se
1408 3937 1649 3989 sperans,
1682 3925 1775 3978 sed

187 4000 262 4054 de
292 4004 409 4055 sola
443 4003 648 4056 Domini
680 4006 920 4074 largitate
945 4011 1236 4074 prmsumit.
1279 4011 1385 4065 Sed
1422 4013 1576 4067 istaut
1605 4016 1778 4068 humi-

187 4092 405 4147 litatem
436 4094 487 4147 in
519 4096 774 4159 qualitate
803 4100 996 4150 mentis
1033 4100 1237 4166 accipe,
1288 4117 1393 4156 non
1424 4104 1475 4156 in
1510 4105 1776 4172 positione

187 4189 481 4237 terrarum.
520 4185 775 4254 Sequitur
796 4187 961 4249 enim,
994 4191 1047 4241 in
1088 4190 1213 4243 ratio
1241 4198 1286 4244 et
1349 4194 1400 4245 in
1445 4201 1603 4248 terra.
1646 4195 1776 4262 Quae

183 4286 275 4331 est
300 4279 353 4330 in
375 4280 498 4332 caelo
528 4280 823 4347 humilitas,
855 4284 954 4336 nisi
982 4285 1065 4336 illa
1088 4286 1292 4339 scilicet
1340 4288 1391 4340 in
1423 4304 1527 4357 qua
1557 4289 1771 4344 humili-

186 4375 303 4421 tate
334 4382 427 4422 sua
474 4371 643 4425 sancti
687 4374 860 4441 angeli
908 4374 1266 4441 placuerunt?
1310 4377 1542 4435 Virtutes
1582 4396 1772 4436 omnes

181 4460 449 4515 cmlorum
497 4466 605 4531 ipsa
638 4464 791 4518 laude
826 4468 1096 4535 praecelsa:
1126 4479 1287 4536 sunt;
1329 4481 1383 4526 ct
1427 4473 1552 4540 quid
1576 4473 1681 4539 ,uid
1716 4475 1774 4527 li-

184 4552 389 4607 deliter
415 4555 614 4609 humile
646 4555 823 4621 fuerit,
873 4558 945 4611 ibi
974 4559 1067 4613 Dei
1098 4562 1254 4615 sedes
1281 4574 1333 4617 et
1361 4573 1559 4617 aeterna
1585 4576 1774 4634 poten-

1886 1977 2077 2030 ntentis
2120 1977 2315 2032 robore
2353 1979 2632 2035 solidatus.
2674 1983 2805 2038 Nam
2846 1986 2985 2056 quod
3029 1988 3250 2056 addidit,
3285 1995 3465 2063 populi

1884 2066 1985 2127 sui,
2019 2068 2282 2137 signiticat
2308 2071 2602 2128 Ecilesiatu
2642 2078 2983 2145 catholicam,
3015 2096 3137 2152 qua:
3177 2091 3289 2139 toto
3331 2089 3463 2143 oibc

1885 2158 2074 2214 dill'usa
2100 2171 2201 2218 est.

1957 2250 2110 2306 Vers.
2138 2254 2189 2308 9.
2224 2255 2325 2323 Qui
2346 2257 2577 2315 habitare
2599 2262 2720 2331 facit
2744 2266 2963 2320 sterilem
2984 2268 3035 2322 in
3057 2267 3233 2337 domo,
3259 2284 3471 2328 matrem

1886 2342 2109 2409 [illorum
2156 2347 2430 2403 (eletantem.
2475 2352 2570 2406 llic
2611 2356 2747 2408 facta
2792 2366 2874 2411 est
2902 2362 3177 2416 conclusio
3221 2367 3466 2431 superio-

1886 2450 2002 2490 rum
2030 2452 2310 2505 sensuum,
2344 2451 2397 2494 ct
2435 2441 2870 2503 descendentium
2904 2451 3243 2519 pulchritudo
3271 2460 3464 2512 verbo-

1885 2544 2024 2582 rum.
2065 2532 2195 2584 Natn
2227 2533 2365 2602 quod
2396 2534 2565 2590 dixit:
2617 2538 2884 2594 Suscitans
2928 2559 2957 2594 a
2988 2552 3123 2597 terra
3148 2547 3371 2617 inopem,
3418 2559 3464 2605 et

1886 2624 1948 2678 de
1973 2633 2193 2679 stercore
2242 2628 2440 2697 erigens
2481 2646 2754 2701 pauperem
2786 2650 2804 2687 :
2854 2645 2907 2688 ut
2934 2638 3146 2693 collucet
3191 2657 3305 2694 eum
3350 2659 3467 2698 ctuti

1887 2716 2221 2785 principibus,
2271 2735 2386 2773 cum
2417 2722 2727 2792 principibus
2773 2729 2950 2797 populi
2992 2731 3093 2799 sui,
3126 2734 3349 2801 exponit
3375 2737 3464 2790 tibi
3546 2748 3549 2751 '

1889 2810 1987 2863 hoc
2018 2810 2131 2865 licri
2164 2814 2367 2879 possit;
2410 2815 2616 2870 scilicet
2661 2817 2711 2871 in
2746 2820 3003 2885 Ecclesia,
3051 2838 3172 2893 qua:
3214 2836 3338 2881 ante
3368 2830 3464 2882 ad-

1887 2911 2101 2955 ventum
2132 2904 2325 2973 Sponsi
2351 2906 2432 2959 Siti
2461 2909 2605 2961 steril
2624 2925 2647 2961 s
2675 2908 2844 2964 fuerat
2868 2929 2883 2976 ;
2909 2914 3003 2968 sed
3030 2913 3165 2969 facta
3190 2928 3271 2973 cst
3300 2933 3464 2974 mater

1888 2992 2009 3046 itl'la
2042 2995 2285 3062 ﬁliorum,
2326 2998 2551 3065 ‘qnanilo
2601 3002 3068 3068 praedicationibus
3095 3013 3459 3076 apostolorum

1886 3099 1947 3138 ex
1977 3101 2109 3156 aqua
2140 3096 2192 3141 ct
2218 3088 2418 3156 Spiritu
2447 3101 2635 3147 sancto
2671 3096 2916 3164 copiosos
2946 3096 3082 3154 lilios
3110 3099 3163 3155 in
3190 3110 3300 3155 toto
3330 3103 3462 3159 orbe

1885 3183 2205 3247 procreavit.
2248 3183 2526 3249 QnOndam
2557 3185 2724 3252 lusca,
2753 3203 2891 3243 nunc
2923 3191 3136 3259 pulchra
3165 3209 3179 3259 ;
3214 3210 3330 3262 quin
3365 3211 3458 3264 per

1809 3278 1855 3339 ο
1886 3286 2078 3339 aquam
2122 3275 2552 3329 lerund‘ssitnatn
2605 3278 2761 3344 parit,
2815 3288 2868 3333 et
2917 3280 3273 3350 virginitatem
3305 3297 3455 3338 suarm

1883 3363 2111 3432 gloriosa
2139 3364 2443 3434 integritate
2464 3369 2719 3421 custodit.
2764 3370 2878 3438 Ipsa
2924 3371 3019 3425 fuit
3050 3374 3205 3442 igitur
3250 3378 3459 3440 sterilis,

1883 3470 2038 3521 quam
2073 3454 2325 3509 Dominus
2368 3457 2419 3511 iu
2450 3458 2602 3511 domo
2632 3472 2726 3512 sua
2759 3461 2988 3516 habitare
3028 3464 3148 3532 facit
3174 3465 3457 3537 (celantem,

1880 3545 1948 3599 de
1970 3555 2119 3615 partu
2151 3546 2356 3602 scilicet
2384 3555 2435 3602 ct
2467 3550 2847 3605 numerositate
2875 3566 3203 3610 sanaturum.

2411 3637 2682 3693 Conclusio
2708 3643 2915 3712 psalmi.

1955 3728 2308 3784 Vehementer
2334 3730 2572 3786 admiror
2594 3734 2803 3802 quoties
2850 3735 3009 3789 istum
3060 3752 3340 3793 numerum
3375 3753 3463 3796 re-

1881 3821 2032 3888 perio
2052 3821 2343 3891 ingentium
2367 3833 2820 3879 sacramentorum
2841 3826 3042 3883 honore
3068 3830 3458 3899 plenissimum.

1883 3918 2000 3985 Ipse
2049 3920 2190 3971 enim
2258 3918 2492 3971 calettlns
2557 3920 2828 3987 apostolos
2883 3923 3291 3990 complectitur;
3344 3927 3459 3991 ipse.

1884 4008 2228 4061 l5iaelilicunt
2262 4008 2513 4076 pupulum
2540 4009 2714 4063 divisit
2747 4009 2797 4062 in
2839 4011 3097 4075 tribubus,
3135 4011 3361 4065 futuram
3396 4016 3460 4068 il-

1884 4096 2008 4164 lam,
2032 4098 2169 4150 sicut
2199 4099 2354 4151 Pater
2374 4097 2723 4169 Hieronymus
2745 4101 2817 4152 ait
2835 4098 3052 4171 (Incup.
3070 4118 3190 4155 χχχι
3221 4102 3460 4172 Ezrclt.),

1880 4192 2184 4258 significans
2208 4189 2586 4248 beatitudinem
2613 4192 2934 4248 (Ιιιοόεεηιιιὶτι
2959 4194 3252 4263 quantitate
3275 4196 3464 4251 di5tin-

1880 4281 1990 4350 gui.
2036 4281 2192 4336 Verbi
2237 4282 2427 4354 gratia,
2464 4293 2521 4339 ut
2561 4286 2787 4354 primum
2836 4286 3009 4341 locum
3055 4287 3288 4343 habeant
3329 4303 3458 4358 apo-

1881 4374 2023 4439 stoli,
2057 4377 2350 4429 secundum
2382 4377 2678 4446 prOphetze,
2728 4379 2946 4434 tertium
2976 4390 3261 4452 martyres,
3298 4398 3457 4449 quar-

1883 4474 1990 4521 tum
2035 4467 2262 4522 infantes
2293 4478 2410 4537 post
2439 4469 2755 4537 baptismum
2804 4472 2959 4541 rapti,
3015 4474 3255 4543 quintum
3302 4474 3463 4542 virgi-

1884 4575 1996 4626 nes,
2053 4570 2259 4614 sextum
2311 4570 2454 4616 recte
2511 4564 2870 4632 pmnizeutes;
2930 4572 2987 4618 ut
3037 4567 3114 4620 sic
3172 4554 3353 4635 ιι-ιιιιιέ
3394 4566 3459 4618 ad

185 4648 262 4700 tia
309 4648 595 4715 reperitur.
639 4647 703 4700 In
748 4661 882 4702 terra
924 4651 1069 4704 enim
1114 4652 1255 4717 quod
1304 4652 1451 4719 dicit,
1505 4656 1772 4724 signiticet
1803 4672 1850 4731 ι)
1887 4651 2167 4704 duodecim
2220 4663 2399 4719 partes
2446 4669 2538 4722 per
2563 4655 2800 4708 diversas
2832 4656 3145 4710 meritorum
3177 4655 3458 4709 distantias

179 4752 407 4792 Sanetus
437 4739 599 4801 Virus,
651 4740 717 4793 de
745 4741 936 4807 quibus
964 4744 1219 4809 scriptum
1249 4753 1368 4798 est:
1413 4745 1586 4815 Super
1626 4765 1772 4815 quem

180 4832 465 4898 requiescet
500 4832 635 4905 [ed.,
683 4832 972 4904 requiescit]
1008 4834 1237 4901 Spiritus
1283 4855 1445 4906 m'us,
1497 4841 1595 4893 nisi
1622 4859 1772 4911 super

181 4930 454 4995 Imuttlem,
504 4943 549 4985 et
586 4934 843 5002 quietum,
892 4946 937 4986 et
966 4946 1262 4989 trementem
1294 4938 1439 4991 verba
1468 4953 1579 4990 mea
1611 4933 1767 5007 (Isai.

182 5038 337 5089 uvt,
368 5023 469 5094 ψ
498 5025 586 5079 Sic
611 5026 665 5078 in
693 5028 816 5079 cwlo
860 5038 906 5080 et
933 5027 982 5079 in
1025 5039 1160 5082 terra
1211 5029 1481 5089 humilitas
1511 5028 1619 5083 Deo
1651 5028 1769 5098 pla-

179 5118 288 5170 cita
342 5120 628 5186 reperitur,
675 5119 813 5173 sicut
856 5121 1106 5189 superbia
1142 5123 1399 5188 probatur
1427 5136 1614 5182 exosa,
1673 5137 1769 5190 per

179 5226 346 5281 quam
378 5211 617 5267 dlabulits
648 5212 861 5279 cecidit,
898 5229 989 5280 per
1028 5229 1186 5280 quam
1221 5213 1464 5267 homines
1493 5213 1543 5266 in
1577 5214 1769 5267 tartari

183 5304 464 5375 penetrale
513 5315 844 5375 merguntur.
901 5306 1233 5360 Erubesraut
1278 5307 1423 5368 elati,
1470 5317 1521 5361 ct
1562 5308 1771 5375 scipsos

179 5408 403 5465 accepta
433 5398 638 5451 ratione
665 5396 1005 5451 cunvincant.
1038 5397 1135 5452 Ubi
1161 5398 1569 5453 crcdantlocum
1604 5401 1770 5453 habe-

178 5505 244 5545 re
286 5491 613 5559 superbiam,
654 5506 774 5545 c:tn
803 5491 997 5545 citium
1030 5500 1085 5545 et
1124 5504 1319 5546 terram
1360 5492 1426 5545 ab
1465 5493 1766 5549 humilitate

176 5582 398 5638 videant
433 5584 730 5652 occupata?

250 5674 406 5730 Vcrs.
441 5678 493 5729 7.
520 5675 788 5730 S'tsritans
828 5694 861 5729 a
909 5684 1044 5729 terra
1084 5677 1303 5746 impetit,
1353 5684 1400 5728 et
1445 5680 1507 5729 de
1535 5686 1750 5731 stercore

176 5769 375 5840 erigens
404 5783 697 5837 pauperem.
743 5766 852 5820 Hoc
882 5767 1068 5822 bene-ii.
1092 5768 1197 5823 ium
1233 5784 1336 5823 non
1365 5768 1466 5825 sibi
1508 5768 1607 5824 soli
1642 5770 1757 5825 ina-

383 5860 655 5918 l‘srn0t..
703 5856 902 5916 LXX.

1184 5917 1220 5944 ρ

1883 4744 2172 4812 gradiatur.
2219 4743 2328 4797 lluc
2361 4750 2577 4813 tangere
2606 4746 2813 4799 videtur
2837 4746 3120 4815 Apostolus
3148 4764 3265 4801 cum
3295 4748 3458 4800 dicit:

1878 4834 1994 4886 Alia
2042 4835 2248 4887 claritas
2295 4837 2434 4899 soli-3
2487 4836 2591 4888 alia
2632 4837 2836 4889 claritas
2886 4838 3043 4901 laute,
3095 4839 3199 4890 alia
3246 4841 3460 4891 claritas

1876 4926 2137 4977 stellarum
2192 4923 2366 4980 ICur.
2395 4944 2478 4991 xv,
2513 4927 2651 4995 bl);
2699 4938 2752 4981 ct
2781 4928 2902 4982 alibi
2954 4948 2965 4981 :
3018 4930 3183 4983 Sttlla
3224 4947 3255 4983 a
3304 4933 3455 4983 stella

1887 5017 2056 5082 dilfert
2089 5018 2139 5070 in
2171 5018 2402 5073 claritate
2429 5036 2445 5073 :
2486 5024 2558 5073 sic
2586 5020 2678 5073 erit
2711 5030 2755 5073 et
2780 5022 3081 5073 resurrectio
3114 5030 3455 5075 mortuarum.

1882 5110 2046 5180 386
2092 5111 2430 5178 Quapropter
2486 5113 2585 5165 iste
2639 5114 2875 5179 psalmus
2939 5121 3055 5179 post
3103 5114 3456 5168 centesimum

1882 5204 2211 5257 duodcuario
2236 5220 2461 5258 numero
2487 5207 2828 5263 constitutus.
2886 5206 3075 5261 future
3123 5209 3278 5264 nobis
3330 5210 3455 5265 bea-

1882 5294 2120 5349 titudinis
2152 5294 2434 5365 imaginem
2465 5311 2528 5350 co
2553 5297 2889 5362 npromittit,
2940 5298 3151 5367 quando
3188 5301 3253 5355 ad
3304 5301 3448 5356 illam

1882 5394 2096 5440 atern:e
2142 5387 2340 5440 laetitia:
2390 5388 2795 5443 similitudinem
2842 5390 3040 5461 jugiter
3092 5394 3376 5450 Dominum
3426 5412 3457 5451 a

1878 5479 2058 5547 pueris
2094 5479 2334 5547 ρι’ωιιίνίι
2362 5494 2483 5533 esse
2514 5480 2859 5536 laudandum.

2128 5591 2489 5646 EXPOSlTlU
2530 5594 2591 5645 ΞΝ
2634 5593 2959 5652 ΡΞᾹΙᾹΞΗΜ
3001 5597 3185 5653 CXI".

2549 5686 2791 5740 Alleluia.

1947 5773 2076 5829 Cum
2098 5777 2204 5844 jam
2226 5775 2371 5829 mult?
2397 5777 2720 5845 psnluzoruui
2742 5779 3127 5848 pra-cesserint,
3145 5788 3197 5839 et
3216 5781 3301 5835 alit
3320 5796 3452 5850 quo-

2896 5871 2973 5927 ‘26
