4032 6340
560 383 656 436 8H

1802 378 1868 433 Μ.
1912 376 2187 433 AURELII
2228 374 2508 433 CASSIOD
2558 371 2620 428 Ill

3723 370 3822 425 81³3

561 511 665 567 quc
685 493 919 550 secuturi
946 491 1051 548 sint
1075 492 1165 562 qui
1188 491 1408 546 Alleluia
1431 498 1814 562 przenotantur,
1841 502 1947 542 non
1975 487 2145 541 incas-
2172 486 2220 547 Α
2250 485 2365 538 deln
2387 501 2444 538 re
2488 483 2712 550 suscipi,
2757 481 2846 551 qni
2892 494 3042 538 more
3071 480 3334 535 undarum
3368 479 3587 535 tumidis
3617 483 3824 552 cogita.

562 604 682 644 sum
709 595 783 642 tot
809 586 997 656 psalmi
1025 584 1303 653 talicapite
1330 583 1579 640 videntur
1605 582 1808 637 ornari.
1850 581 1979 635 Nam
2005 580 2144 634 sicut

565 679 623 735 in
647 677 871 733 melodia
903 675 1003 730 hoe
1023 674 1376 743 compositum
1406 688 1600 729 nomen
1619 673 1859 728 diversos
1885 682 2037 725 tonos
2060 682 2145 724 re-

566 770 721 839 cipit,
751 770 821 824 ita
849 777 901 823 ct
929 766 1249 836 multiplices
1278 780 1469 821 causas
1509 767 1575 821 ad
1605 765 1712 821 vim
1740 779 1856 820 suae
1886 764 2145 834 praedica-

564 861 724 917 tionis
753 859 1000 915 assumit.
1040 858 1155 915 Non
1184 858 1326 914 enim
1375 874 1484 913 uno
1509 857 1672 913 modo
1718 857 1952 914 dicitur:
2002 854 2145 909 Lau-

563 957 680 1011 dato
724 954 1045 1019 Dominum;
1073 952 1195 1018 sed,
1235 953 1374 1008 sicut
1411 966 1475 1007 ex
1506 952 1734 1007 diversis
1777 949 1983 1006 actibus
2032 949 2147 1004 laus

566 1046 667 1100 ista
694 1044 986 1115 colligitur,
1021 1043 1091 1097 ita
1120 1051 1174 1097 et
1203 1041 1429 1097 Alleluia
1455 1042 1617 1097 variis
1654 1038 1882 1110 negotiis
1910 1048 1964 1094 et
1993 1052 2145 1093 com-‘-

569 1135 876 1204 petentibus
902 1134 1299 1190 narrationibus
1326 1134 1643 1200 applicatur.
1676 1132 1772 1187 Est
1799 1131 1943 1186 enim
1972 1130 2147 1184 inten-

571 1229 646 1283 tio
675 1226 865 1299 psalmi
914 1226 1068 1282 istius
1093 1265 1110 1292 ,
1158 1234 1217 1279 ut
1262 1224 1330 1277 ab
1360 1223 1515 1277 initio
1543 1222 1789 1276 llebraici
1838 1218 2018 1290 populi
2052 1233 2148 1286 per

571 1316 1041 1390 magnamiracula
1072 1314 1453 1387 plenitudinem
1486 1314 1617 1384 legis
1646 1313 1755 1384 (qui
1785 1320 1869 1367 est
1903 1309 2148 1365 Christus

575 1410 858 1479 Dominus)
890 1408 1089 1463 mundo
1112 1408 1402 1476 praistitam
1451 1404 1742 1469 nuntiaret,
1790 1418 1885 1471 per
1913 1416 2045 1471 quas
2074 1400 2150 1454 si-

574 1501 903 1557 militudines
948 1514 1150 1555 rerum.
1181 1506 1238 1553 et
1267 1486 1427 1553 hodie
1456 1507 1890 1566 unumquemque
1929 1489 2150 1548 liberari

570 1592 839 1664 approbat
863 1581 1251 1645 Christianum.

1148 1697 1313 1753 Divisi
1317 1714 1345 1752 ο
1373 1698 1579 1769 psalmi.

532 1852 547 1859 ι
646 1813 750 1869 Per
801 1821 967 1866 totum
1026 1811 1289 1880 psalmum
1341 1810 1597 1879 propheta
1650 1809 1902 1876 loquitur.
1968 1802 2151 1861 Primo

581 1904 742 1960 modo
769 1909 1157 1958 commemorat
1183 1918 1302 1972 qua:
1335 1901 1589 1955 miracula
1618 1898 1874 1954 Dominus
1915 1895 2154 1951 llebrreis

581 1991 911 2065 praestiterit,
961 2001 1015 2047 et
1046 1993 1243 2061 populo
1272 1990 1597 2046 Christiano.
1654 1988 1902 2045 Secundo
1949 1988 2050 2042 sub
2080 1988 2160 2042 in-

580 2087 936 2155 terrogatione
964 2081 1095 2138 dicit
1141 2097 1236 2136 cur
1267 2081 1460 2151 fugerit
1500 2096 1670 2145 mare,
1720 2094 1888 2149 quare
1936 2093 2154 2133 cursum

579 2192 735 2231 suum
760 2174 1010 2229 Iordanis
1051 2171 1306 2226 abstinuit
1336 2171 1466 2244 [ed.,
1514 2168 1797 2241 retinuit]:
1849 2167 2154 2236 responsio-

584 2281 704 2321 nem
746 2263 1101 2334 gratissimam
1129 2261 1383 2332 iungens,
1433 2276 1463 2315 a
1513 2260 1645 2315 facie
1694 2260 1905 2314 Domini
1959 2270 2158 2314 terram

584 2357 749 2412 fuisse
777 2361 1122 2408 commotam.
1162 2352 1343 2407 Tertio
1369 2352 1653 2407 simulacra
1686 2350 1923 2422 gentium
1951 2349 2159 2404 inutilia

582 2450 917 2504 deiiimtstrat
965 2444 1335 2500 adorn-toribus
1391 2445 1545 2509 suis;
1606 2451 1661 2498 et
1712 2443 1900 2514 religio
1948 2442 2159 2497 Domini

584 2557 751 2613 quam
785 2542 852 2595 sit
899 2538 1048 2594 utilis
1092 2549 1146 2594 et
1196 2538 1546 2595 saluberrima
1596 2538 1830 2609 propriis
1869 2537 2164 2593 cultoribus

587 2639 981 2704 consequenter
1008 2631 1254 2700 exponit.

1131 2741 1399 2813 Expositio
1424 2740 1629 2812 psalmi.

654 2859 811 2917 Vers.
842 2858 893 2914 l.
936 2855 1002 2913 In
1044 2858 1183 2913 exim
1231 2855 1397 2911 Israel
1437 2858 1499 2910 de
1543 2855 1682 2929 [ms.
1715 2854 1781 2910 ϐ.
1833 2862 1888 2909 ct
1929 2853 2039 2915 ed.,
2070 2851 2168 2923 ex]

587 2952 839 3023 JEgypto,
870 2951 1050 3004 domus
1076 2948 1239 3003 Iacob
1270 2949 1333 3002 de
1358 2946 1552 3019 populo
1572 2948 1811 3001 barbaro.
1851 2945 1945 3001 llic
1972 2947 2166 2998 exitum

592 3046 740 3099 illum
769 3043 1027 3097 debemus
1055 3040 1317 3111 accipere,
1350 3040 1564 3109 quando
1608 3052 1705 3091 nos
1748 3052 1776 3089 a
1827 3046 2165 3105 peccatorum

592 3136 820 3190 vinculis
849 3133 1109 3203 contingit
1133 3133 1303 3187 exire.
1328 3132 1479 3185 Tune
1504 3130 1645 3184 enim
1668 3128 1735 3182 ab
1759 3127 2161 3198 Egyptiorum,

2248 574 2480 629 tionibus
2509 573 2805 639 ﬂuctuant;
2839 571 3123 626 Iordanem
3152 586 3282 626 vero
3310 585 3408 641 pro
3445 571 3690 641 quolibet
3720 574 3821 626 ile-

2246 667 2389 721 mine
2418 666 2678 721 debemns
2696 666 2971 743 νώροπα.
3020 664 3108 735 qui
3137 665 3299 720 variis
3323 663 3613 719 desideriis
3646 664 3821 719 humi-

2246 772 2340 813 nes
2366 756 2595 825 rapiunt,
2623 766 2679 811 et
2706 756 2759 810 in
2791 770 2938 811 mare
2971 753 3098 810 illud
3131 768 3382 824 magnum
3419 754 3654 809 nefanda
3692 770 3829 824 prs-

2246 848 2558 918 cipitatione
2581 848 2873 904 deducunt.
2913 848 3016 903 Ista
3063 849 3206 903 enim
3232 848 3340 903 duo
3382 858 3501 918 qua
3527 862 3705 919 genus
3736 849 3830 903 hu-

2248 954 2462 993 tnanum
2517 941 2726 993 diversa
2792 938 3147 993 delectatione
3203 939 3527 1004 rapiebant,
3596 937 3831 993 adventu

2253 1029 2463 1085 Domini
2493 1041 2760 1101 respecto,
2807 1045 2836 1083 s
2867 1030 2978 1084 suis
3003 1028 3484 1086 consuetudinibus
3532 1041 3827 1085 retrorsum

2250 1122 2577 1193 praicipitata
2608 1122 2897 1177 redierunt.
2926 1120 2991 1175 Et
3015 1121 3142 1175 licet
3171 1120 3286 1173 lure
3314 1118 3537 1175 historia
3564 1120 3830 1176 referatur

2250 1216 2302 1268 in
2334 1214 2512 1268 Veteri
2540 1214 2907 1276 Testamento,
2938 1213 3057 1267 aliis
3086 1221 3264 1268 tamen
3297 1211 3383 1266 hic
3412 1213 3596 1266 verbis
3620 1223 3679 1267 et
3701 1213 3832 1267 simi-

2251 1308 2561 1363 litndinibus
2615 1308 2918 1371 iudicatur;
2982 1314 3041 1360 ut
3093 1306 3373 1362 evidenter
3429 1305 3832 1361 advertereuins

2250 1401 2468 1468 antiqua
2498 1400 2589 1453 illa
2635 1399 2769 1455 laeta
2802 1398 3066 1468 spirituali
3112 1398 3467 1469 intelligentia
3498 1396 3684 1453 ululis
3714 1415 3818 1453 nov-

2253 1500 2381 1544 strm
2411 1491 2600 1545 indicia
2632 1491 2928 1545 nz'ntiasse.

2325 1579 2478 1635 Vers.
2510 1581 2565 1635 4.
2606 1579 2813 1635 Montes
2844 1579 3227 1636 multandum
3257 1586 3313 1633 ul
3348 1579 3556 1643 arietes,
3602 1589 3649 1633 et
3679 1579 3834 1633 colles

2252 1672 2388 1727 sclut
2419 1672 2543 1744 agni
2561 1671 2750 1727 ovium.
2794 1670 3053 1726 Paulatim
3102 1670 3400 1726 evidentius
3444 1669 3731 1726 descendit
3773 1671 3834 1724 ad

2257 1778 2497 1839 tempura
2516 1767 2840 1823 Christiana.
2872 1766 3071 1823 Montes
3093 1767 3361 1837 apostolus
3379 1776 3435 1821 et
3455 1766 3834 1835 evangelista,

2184 1862 2231 1921 B
2260 1864 2338 1919 vel
2367 1876 2555 1917 omnes
2583 1861 2730 1915 verbi
2780 1860 3158 1937 pra-dicatores
3202 1860 3369 1928 accipi
3416 1873 3583 1929 posse
3613 1858 3838 1913 manile-

2262 1962 2403 2008 stum
2432 1963 2536 2017 est,
2587 1952 2680 2022 qui
2721 1961 2777 2008 et
2824 1966 3110 2023 supernam
3152 1952 3322 2007 lucem
3364 1965 3397 2006 a
3428 1951 3592 2006 terris
3632 1952 3840 2005 cat-teris

2267 2049 2510 2117 primitus
2557 2050 2897 2117 acceperunt.
2980 2045 3048 2101 Et
3104 2045 3297 2099 merito
3346 2056 3538 2097 mortles
3589 2042 3838 2112 appellati

2262 2148 2409 2205 sunt,
2443 2146 2660 2207 propter
2689 2135 2991 2192 sanctitatis
3021 2134 3403 2202 amplissimum
3456 2147 3741 2196 cacumen,
3789 2138 3839 2187 ct

2266 2228 2387 2284 Mei
2417 2228 2795 2283 solidissimum
2825 2227 3148 2282 firmitatem.
3180 2225 3433 2281 lstienim
3466 2226 3842 2278 multaverat

2256 2321 2319 2375 in
2366 2318 2619 2388 operibus
2656 2319 2770 2372 suis
2815 2326 3056 2386 tanquam
3094 2317 3297 2381 arietes,
3337 2317 3426 2385 qui
3481 2315 3840 2369 ﬁdeii~simuia

2267 2426 2478 2482 gregem
2508 2410 2574 2463 ad
2598 2410 2784 2464 caulas
2810 2409 3020 2464 Domini
3048 2408 3230 2463 divino
3265 2408 3543 2477 jnvamine
3576 2407 3837 2477 pet-duces

2269 2502 2414 2557 bant.
2470 2500 2642 2556 Colles
2678 2510 2858 2556 autem
2908 2501 3329 2556 mediocritatem
3378 2500 3691 2570 signiﬁcant
3741 2501 3843 2555 late

2267 2592 2628 2658 credentium,
2655 2606 2885 2660 quorum
2914 2600 3132 2663 pectora
3165 2588 3286 2645 ﬁdei
3318 2592 3521 2645 semina
3552 2588 3845 2645 efﬁcaciter

2273 2695 2615 2757 acceperunt.
2657 2686 2825 2740 Colles
2854 2686 2993 2740 enim
3022 2684 3149 2739 dicti
3179 2692 3305 2737 sunt
3352 2698 3381 2736 a
3428 2682 3683 2739 colendo.
3749 2682 3843 2736 Ista

2271 2779 2412 2833 enim
2457 2778 2809 2847 spiritunliter
2845 2776 3125 2833 advertere
3173 2790 3271 2831 nos
3303 2776 3502 2830 debere
3549 2776 3687 2829 ratio
3738 2775 3846 2841 ἱιεςι

2274 2869 2573 2935 conn-ellit,
2604 2870 2818 2939 quando
2847 2870 2912 2924 ad
2947 2871 3176 2925 litteram
3203 2870 3529 2923 omnimodis
3555 2870 3850 2937 probantur

2272 2961 2521 3015 absurda.
2558 2960 2624 3014 Et
2655 2961 2773 3016 ideo
2801 2961 3009 3030 respice
3029 2975 3131 3031 qua
3161 2962 3423 3015 suavitate
3451 2960 3648 3028 priores
3687 2962 3849 3015 siuti-

2273 3051 2523 3109 litudines
2553 3053 2617 3106 ad
2661 3052 2796 3107 hanc
2822 3052 3231 3122 intelligentiam
3282 3052 3526 3106 videntur
3568 3064 3689 3105 esse
3721 3066 3853 3120 per-

2274 3145 2473 3210 ductae,
2520 3155 2579 3200 ut
2603 3146 2706 3202 sibi
2731 3149 2909 3200 omnia
2933 3145 3289 3217 pulcherrima
3313 3146 3600 3202 collatione
3623 3159 3852 3216 respon-

593 3227 643 3279 id
675 3234 757 3280 cst
800 3240 828 3279 a
880 3223 1182 3279 daemonum
1234 3222 1385 3276 turba
1432 3220 1743 3282 liberamur,
1797 3218 2010 3288 quando
2042 3219 2167 3272 ltar-
2201 3237 2244 3299 ρ
2273 3235 2452 3291 deam.

593 3317 789 3372 baricte
819 3316 1123 3371 severitatis
1154 3315 1295 3368 illius
1336 3311 1458 3382 jura
1488 3326 1593 3365 non
1625 3310 1895 3381 patimur;
1939 3320 1993 3366 et
2041 3325 2171 3390 vere

592 3405 869 3461 reddimur
900 3404 1177 3471 lsraelitae,
1225 3418 1348 3457 cum
1385 3417 1594 3472 pompa:
1624 3401 1805 3457 mundi
1832 3401 1987 3471 hujus
2017 3415 2044 3453 a
2076 3414 2172 3455 no-

595 3507 703 3549 stra
734 3496 997 3564 emperint
1041 3503 1219 3550 mente
1248 3493 1547 3549 discedere.
1589 3492 1855 3548 Barbarus
1899 3505 2081 3548 autem
2139 3508 2167 3545 a

598 3588 757 3641 barba
783 3595 837 3640 et
862 3601 984 3641 rure
1012 3584 1187 3640 dictus
1210 3594 1310 3652 εει,
1337 3585 1475 3655 quod
1501 3600 1764 3656 nunquam
1795 3586 1846 3640 in
1875 3586 2006 3641 urbe
2024 3585 2172 3641 vixe-

599 3682 699 3747 rit,
744 3682 835 3736 sed
863 3695 1075 3749 semper
1113 3688 1168 3735 ut
1210 3678 1318 3735 fera
1352 3683 1400 3735 in
1432 3679 1572 3751 agris
1601 3679 1870 3734 habitasse
1900 3689 2169 3735 noscatur.

602 3770 794 3826 Domus
824 3787 952 3826 vero
977 3770 1137 3825 Iacob
1167 3768 1426 3826 veraciter
1455 3770 1735 3840 ellicimur,
1780 3772 1996 3842 quando
2022 3771 2175 3827 Ch2i-

570 3883 582 3889 ·
600 3864 757 3917 stiani
784 3863 1047 3934 dogmatis
1085 3870 1347 3932 praecepta
1379 3876 1678 3917 servamus.

677 3956 830 4013 \‘ers.
854 3956 909 4010 2.
954 3954 1116 4009 Facta
1156 3963 1227 4009 esl
1270 3954 1456 4009 Iudwa
1482 3954 1823 4019 sanctiﬁcatio
1850 3954 1981 4025 ejus,
2011 3953 2177 4008 Israel

602 4057 743 4118 potes
766 4063 824 4101 as
860 4048 1015 4118 ejus:
1057 4044 1225 4100 Israel
1264 4045 1493 4117 regnabit
1536 4049 1589 4098 in
1615 4061 1697 4100 ea.
1739 4044 1863 4098 Tria
1896 4049 1993 4099 ista
2023 4060 2174 4101 com-

606 4146 745 4190 mata
778 4151 962 4192 versus
987 4134 1143 4206 hujus
1173 4135 1337 4191 divisa
1367 4137 1702 4204 expositione
1729 4150 2034 4192 noscamus.
2079 4134 2181 4189 Iu-

603 4225 764 4278 da'am
791 4224 914 4296 [ms.
950 4225 1014 4281 ϐ.
1044 4236 1097 4280 et
1126 4226 1237 4290 ed.,
1263 4222 1477 4294 Induat]
1507 4223 1738 4280 diximus
1769 4240 1875 4279 non
1905 4227 2077 4279 solum
2110 4225 2176 4279 ad

607 4315 949 4369 llehrmorum
983 4315 1251 4385 pertinere
1278 4314 1572 4380 nationem,
1605 4313 1699 4368 sed
1725 4313 1789 4368 ad
1824 4328 2014 4369 omnes
2046 4313 2177 4369 lide-

605 4406 682 4460 les
714 4421 868 4472 posse
912 4408 1201 4476 respicere.
1236 4406 1405 4462 Verus
1434 4408 1578 4462 enim
1625 4405 1789 4462 ludas
1818 4406 2063 4463 Salvator
2094 4416 2178 4464 est

607 4499 883 4564 Dominus,
928 4499 983 4554 in
1026 4515 1131 4570 quo
1180 4514 1400 4570 regnum
1448 4511 1501 4556 et
1530 4510 1764 4570 potestas
1792 4499 2173 4566 lsraelitarum,

2349 3328 2500 3384 Vera.
2525 3330 2580 3385 5.
2623 3329 2760 3395 Quid
2784 3330 2999 3394 esttibi,
3036 3346 3197 3396 mare,
3240 3331 3381 3401 quod
3408 3330 3593 3404 fugisti
3614 3346 3637 3397 ;
3682 3340 3731 3385 et
3775 3342 3848 3396 tn,

2272 3420 2543 3487 Iordanis,
2586 3441 2741 3493 quare
2770 3440 3039 3479 conversus
3076 3441 3128 3478 es
3170 3440 3225 3479 re
3247 3438 3450 3479 ursum
3474 3425 3500 3477 .’
3544 3425 3846 3481 Secundum

2276 3512 2568 3581 ingreditur
2599 3513 2838 3579 modum,
2868 3514 2919 3569 in
2951 3529 3058 3583 quo
3085 3514 3279 3570 decora
3322 3516 3683 3586 interrogatio
3718 3532 3844 3585 pr:e~

2277 3606 2523 3673 mittitur,
2558 3616 2616 3661 nt
2644 3606 2953 3662 dulcissima
2985 3609 3264 3677 responsio
3292 3610 3676 3680 subsequatur.
3726 3611 3846 3678 Qu:

2278 3696 2440 3767 ﬁgura
2471 3697 2665 3751 dicitur
2692 3698 2874 3766 pensis
2900 3707 2955 3753 et
2984 3700 3269 3767 apocrisis,
3302 3699 3496 3756 Latine
3534 3710 3846 3770 percuncta-

2278 3790 2354 3842 tio
2374 3797 2533 3858 atque
2561 3788 2859 3857 responsio.
2895 3788 3201 3861 Requiritur
3227 3790 3372 3846 enim
3416 3808 3585 3858 mare,
3631 3791 3849 3846 discuti—

2279 3889 2363 3934 tur
2391 3878 2583 3934 ﬂuvius
2611 3894 2706 3935 cur
2750 3895 2876 3935 suas
2918 3882 3335 3939 consuetudines
3368 3884 3754 3951 perdiderunt;
3790 3892 3848 3935 ut

2279 3973 2391 4044 ipsa
2418 3990 2636 4043 gressus
2674 3975 2724 4030 dt
2746 3976 2974 4040 ﬁxerint,
3020 3993 3140 4047 qum
3171 3977 3374 4047 pridem
3408 3978 3636 4033 involuta
3662 3977 3846 4031 omnia

2281 4066 2577 4135 rapiebant.
2627 4066 2692 4121 Et
2742 4067 2877 4123 bene
2915 4068 3154 4123 additum
3203 4078 3307 4135 est,
3352 4080 3674 4124 retrorsum:
3723 4083 3852 4139 quo-

2283 4158 2422 4211 niam
2457 4158 2729 4213 universae
2756 4160 3117 4215 correctiones
3162 4169 3291 4215 tunc
3319 4161 3475 4215 nobis
3513 4163 3848 4230 proveniunt,

2280 4251 2493 4320 quando
2522 4251 2732 4306 Domini
2762 4252 3023 4307 beneﬁcio
3060 4263 3240 4307 nostra
3267 4267 3326 4308 se
3356 4252 3605 4307 instituta
3630 4268 3850 4308 conver-

2282 4351 2415 4396 tunt.
2462 4344 2590 4397 Nam
2621 4344 2760 4413 quod
2802 4359 2938 4414 pene
2967 4345 3078 4413 ipsa
3118 4345 3330 4414 repetiit
3355 4360 3476 4415 qua;
3501 4345 3755 4411 superius
3777 4344 3849 4396 di-

2281 4435 2357 4488 xit
2381 4449 2395 4489 :
2427 4435 2561 4501 Quid
2584 4436 2790 4501 esttibi,
2821 4452 2983 4503 mare,
3012 4436 3150 4507 quod
3171 4437 3349 4506 fugisti
3373 4452 3391 4500 ;
3416 4446 3461 4489 rt
3483 4445 3563 4503 tu,
3584 4433 3847 4501 Iordanis,

2279 4542 2438 4593 quare
2462 4543 2727 4583 conversus
2758 4544 2813 4583 es
2840 4529 3163 4582 retrorsum?
3198 4529 3300 4581 alia
3345 4529 3509 4596 llgura
3556 4537 3681 4592 est,
3728 4542 3847 4593 epa-

609 4588 658 4642 id
689 4594 771 4643 est
814 4587 1299 4689 videntinm‘Deum
1343 4590 1580 4689 noscitur
1609 4602 1728 4643 esse
1760 4597 2053 4689 perpetua;
2105 4592 2174 4643 ita
2202 4587 2473 4685 »ἔψαυεν
2518 4616 2569 4671 id
2620 4626 2702 4672 es,
2754 4618 3005 4688 repenio
3058 4634 3237 4675 rerum
3286 4587 3410 4689 qua;
3436 4587 3679 4689 jmmm'
3700 4587 3851 4675 diem

605 4683 696 4753 qui
730 4697 850 4736 eum
887 4681 1202 4737 circumciso
1249 4681 1413 4736 corde
1456 4690 1771 4750 sequuntur,
1822 4680 1993 4736 Iudmi
2025 4696 2178 4736 vera-

609 4775 742 4827 citer
772 4780 1162 4842 nuncupantur.
1208 4770 1436 4826 Potestas
1465 4784 1643 4825 autem
1689 4772 1802 4838 eius
1842 4766 2009 4824 Israel
2037 4769 2179 4825 dicta

609 4875 714 4934 est,
745 4864 991 4934 quoniam
1017 4864 1069 4918 in
1095 4863 1211 4932 ipso
1241 4878 1427 4932 magna
1458 4862 1714 4917 miracula
1746 4862 1978 4930 propriae
2009 4862 2180 4917 virtu-

613 4956 679 5010 tis
726 4955 978 5010 ostendit.
1019 4953 1149 5009 Nam
1191 4954 1279 5009 ubi
1325 4954 1415 5009 ille
1468 4970 1571 5007 non
1625 4952 1785 5008 habet
1838 4962 2176 5022 potestatem,

611 5048 699 5116 qui
728 5047 903 5099 omnia
931 5061 1051 5116 qua
1072 5045 1181 5099 vult
1213 5044 1336 5100 facit
1367 5046 1417 5099 in
1448 5046 1585 5099 cmlo
1608 5053 1662 5098 et
1688 5042 1741 5097 in
1774 5042 1959 5099 terra?
1993 5045 2183 5112 Sequi-

612 5148 719 5202 tur,
752 5136 914 5190 lsrael
940 5136 1167 5208 regnabit
1198 5135 1251 5187 in
1271 5152 1331 5189 ea
1352 5149 1373 5199 ,°
1393 5134 1596 5189 scilicet
1621 5134 1870 5203 quoniam
1894 5134 1976 5189 vir
1998 5132 2185 5188 videns

616 5229 778 5280 lteum
810 5226 862 5279 in
894 5225 1046 5281 beata
1077 5226 1168 5280 illa
1208 5226 1625 5297 congregatione
1652 5225 1907 5296 regnabit,
1934 5226 2022 5281 ubi
2054 5240 2179 5280 san-

614 5316 685 5370 cti
716 5323 840 5369 sunt
867 5315 1190 5371 omnimodis
1216 5314 1592 5387 congregandi.

687 5432 841 5487 \‘ers.
879 5430 932 5484 3.
973 5425 1123 5482 Nare
1167 5428 1312 5497 vidit,
1350 5436 1397 5482 et
1426 5427 1602 5499 fugit;
1639 5427 1889 5482 Iordanis
1922 5444 2188 5485 conversus

618 5535 1018 5581 estretrarsum.
1060 5521 1262 5577 Videtis
1308 5523 1568 5591 propheta
1618 5522 1906 5591 ingentium
1958 5524 2190 5576 miracu-

619 5620 788 5671 lorum
838 5620 896 5669 Se
928 5614 1068 5670 mo'e
1112 5613 1378 5683 superari,
1426 5614 1675 5665 vitiorum
1717 5613 1953 5666 omnium
2001 5628 2189 5669 causas

616 5706 1218 5762 duabus.sallusionihns
1253 5702 1556 5771 plenissima
1600 5702 1859 5756 brevitate
1903 5704 2187 5758 conclusit.

626 5795 795 5861 Nare,
849 5780 1152 5865 frequenter
1201 5790 1434 5845 diximus
1480 5800 1786 5858 perlatores
1826 5792 1980 5844 istius
2009 5794 2190 5847 ειη-ιιῗὶ

2357 4800 2510 4855 Vers.
2542 4800 2598 4855 6.
2640 4799 2862 4869 Montes,
2902 4818 3061 4874 quare
3100 4801 3392 4858 exsultastis
3436 4812 3491 4857 tu
3530 4804 3764 4868 arietes;
3786 4811 3849 4863 et.

2262 4891 2460 4963 colles,
2488 4893 2622 4946 celat
2654 4894 2775 4964 agni
2812 4894 3025 4948 ovium?
3063 4892 3305 4947 Priorum
3332 4906 3589 4949 versuum
3615 4892 3849 4947 ordine-

2286 4982 2573 5037 custodivit
2598 4998 2613 5049 ;
2655 4983 2733 5038 sic
2773 4983 2914 5039 enim
2946 4985 3045 5038 sub
3073 4985 3181 5039 alio
3211 4985 3371 5039 modo
3396 4992 3451 5038 ct
3494 4983 3582 5039 hic
3609 4994 3731 5039 sunt
3754 4996 3852 5050 po-

2287 5071 2398 5138 siti,
2424 5072 2556 5126 sicut
2591 5072 2643 5127 in
2676 5072 2844 5141 prima
2875 5073 3137 5128 divisione
3179 5073 3426 5129 videntur
3466 5087 3594 5131 esse
3637 5072 3849 5128 narrati.

2292 5163 2587 5233 interrogat
2608 5166 2751 5218 enim
2778 5163 3034 5219 saeulum
3066 5180 3157 5233 per
3178 5180 3327 5220 mare
3353 5163 3435 5218 vel
3466 5164 3704 5228 (luvium,
3735 5160 3854 5232 quid

2290 5253 2449 5310 luerit
2476 5253 2620 5324 quod
2649 5253 2766 5325 ejus
2817 5253 3099 5324 ligamenta
3128 5255 3302 5310 soluta
3348 5255 3474 5309 sint.
3512 5255 3581 5309 Et
3608 5254 3853 5325 quoniam

2291 5355 2408 5403 erat.
2439 5364 2541 5402 una
2573 5348 2852 5419 responsio
2877 5357 3146 5413 secutura,
3196 5356 3251 5403 et
3295 5347 3413 5402 illos
3442 5361 3661 5417 quoque
3693 5348 3855 5400 inter-

2294 5446 2447 5507 rogat
2473 5440 2560 5509 qui
2591 5440 2871 5493 exsultasse
2900 5440 3164 5507 praecipue
3185 5438 3520 5494 videbantur.
3554 5436 3699 5494 Ultus
3720 5437 3858 5491 enim

2295 5527 2496 5583 Auctor
2524 5538 2577 5583 et
2607 5529 2697 5583 illa
2743 5529 2869 5583 fecit
2892 5530 3295 5599 obstupescere,
3349 5539 3404 5585 et
3456 5528 3571 5584 hate
3622 5528 3861 5601 praestitit

2294 5616 2394 5670 lixa
2423 5618 2773 5686 prosperitate
2801 5618 3053 5696 gaudere.

2365 5707 2525 5777 387
2551 5707 2703 5761 Vers.
2734 5704 2786 5761 7.
2829 5712 2870 5762 Α
2903 5711 3033 5780 {acie
3064 5708 3268 5763 Domini
3310 5720 3560 5764 commota
3596 5717 3666 5764 est
3688 5718 3824 5762 terra
3845 5748 3860 5771 ,

2294 5814 2323 5848 α
2366 5800 2496 5863 [acie
2531 5798 2622 5850 Dei
2651 5798 2832 5853 Iacob.
2876 5800 3064 5855 Sci-uta
3098 5810 3181 5855 cst
3212 5810 3521 5871 competens
3568 5816 3682 5870 qua
3710 5813 3858 5868 para-
