4032 6340
220 431 325 486 815

1128 417 1485 475 IiXI‘OSITlO
1525 417 1588 472 IN
1630 415 2083 478 I’SALTEIHUM.
2132 415 2314 471 I’SAL
2350 415 2528 470 CXIII.

3387 409 3492 463 8M

221 547 379 598 batur
403 540 686 609 utriusque
713 537 1012 607 responsio.
1055 534 1274 596 Audite,
1315 531 1606 593 conversi;
1644 527 1799 582 aitdi-
1830 537 1871 589 Α
1904 541 2027 580 eum
2074 526 2497 594 oumipoteutem
2553 533 2672 577 esse
2726 535 3018 592 cognoscas
3043 563 3056 587 ,
3125 523 3250 577 dum
3299 521 3496 592 ubique

223 647 301 697 te,
357 630 655 687 lidelissimi
697 628 1010 690 Christiani,
1058 625 1474 679 commotionem
1526 623 1704 685 istam,
1751 621 1803 674 id

219 738 305 781 est
335 723 805 796 permutationem,
834 735 951 788 quze
980 720 1227 771 humana:
1259 725 1414 769 terra:
1440 713 1669 766 feliciter
1690 727 1805 766 eve-

221 819 322 880 nit,
381 831 484 867 uon
537 813 731 866 lactant
788 819 1023 863 tremore
1073 804 1355 866 montium,
1406 802 1500 858 sed
1546 816 1806 871 prospera

222 903 587 962 conversione
618 901 952 971 populorum.
985 897 1114 952 Nam
1139 898 1182 950 si
1202 910 1413 964 qumras
1444 894 1571 962 quid
1605 893 1675 947 sit
1709 891 1811 946 Ι)οδ

225 1001 426 1062 minus,
459 995 605 1058 audi,
642 994 776 1045 Deus
810 989 991 1044 Iacob.
1035 987 1155 1057 Ipso
1198 988 1340 1041 enim
1389 984 1811 1040 misericorditer

223 1095 522 1155 apparente
564 1086 631 1138 ab
652 1083 770 1152 ejus
811 1082 968 1144 lacic,
999 1078 1051 1132 id
1080 1087 1161 1132 est
1194 1077 1476 1146 prmsentia
1503 1073 1811 1130 salutariter

227 1189 366 1232 terra
383 1187 632 1231 commata
653 1184 747 1241 est,
770 1187 890 1242 quae
916 1170 1104 1224 mortis
1127 1177 1343 1237 stupore
1372 1167 1517 1236 pigra
1541 1165 1807 1234 riguerat;

227 1287 349 1339 quae
375 1281 551 1324 tamen
586 1269 660 1322 sic
685 1284 714 1320 a
743 1281 838 1320 sua
867 1262 1245 1334 superstitione
1267 1269 1519 1316 commota
1547 1269 1642 1326 est,
1673 1270 1729 1312 ut
1759 1258 1812 1312 in

228 1361 438 1416 cultura
463 1357 672 1412 Domini
703 1366 906 1408 mterno
936 1353 1036 1406 lixa
1071 1352 1263 1406 robore
1286 1351 1646 1420 permaneret.

307 1462 457 1517 νει-ε.
487 1461 538 1515 8.
584 1457 683 1523 Qui
706 1455 964 1510 'couvertit
1009 1465 1204 1520 petram
1246 1453 1296 1504 in
1323 1461 1504 1521 slagrta
1536 1465 1810 1518 aquarum,

230 1563 279 1607 et
307 1569 458 1623 rupes
496 1551 548 1603 in
574 1549 742 1619 fontes
763 1559 1033 1615 aquarum.
1072 1541 1286 1594 Petram
1313 1542 1395 1610 (ut
1435 1538 1695 1607 arbitror)
1723 1537 1816 1591 Ju-

234 1645 477 1698 dz-orum
506 1641 698 1694 duritia
726 1659 753 1689 o
784 1637 1042 1690 drhemus
1067 1636 1366 1697 advertere,
1401 1647 1557 1702 quam
1597 1631 1648 1683 in
1677 1627 1814 1683 sacri

235 1734 569 1804 baptismatis
597 1741 779 1801 stagna
823 1729 1088 1792 convertit,
1121 1741 1244 1781 cum
1274 1740 1370 1780 eos
1400 1724 1466 1778 ad
1498 1724 1812 1793 reI'gionem

234 1825 364 1879 fecit
388 1823 567 1877 venire
595 1821 959 1891 tranquillam.
1000 1820 1169 1886 Quam
1209 1816 1612 1873 similitudinem
1638 1814 1818 1868 Domi-

1913 618 2163 673 elfectum
2197 632 2308 670 sine
2338 615 2626 670 voluntatis
2651 614 2917 670 ostendat.
3373 675 3376 678 ,

1925 736 1927 738 -
1989 708 2138 762 νει-ς.
2179 708 2260 760 12.
2298 707 2590 762 Simu'urra
2635 707 2860 775 genium
2901 715 3166 773 argentum
3206 714 3253 759 et
3282 722 3495 772 aurum,

1911 819 2066 872 opera
2094 817 2336 855 manuum
2365 801 2650 853 hominum.
2689 798 2841 854 Venit
2886 798 2951 852 ad
3003 801 3218 853 tertiunt
3248 800 3491 866 modum,

1912 893 2003 947 ubi
2031 893 2288 962 propheta
2318 893 2472 946 simul
2492 906 2597 943 .cra
2626 890 2852 960 gentium
2882 889 3086 955 irridet,
3125 899 3180 944 et
3210 889 3494 944 Dominum

1915 985 2075 1040 Israel
2119 1000 2352 1056 congrua
2399 983 2552 1039 laude
2581 983 2943 1038 concelebrat.
2986 984 3096 1037 Hoc
3124 1000 3292 1052 genus
3318 999 3495 1039 causa:

1915 1079 2112 1133 dicitur
2141 1080 2640 1142 demonstrativum,
2682 1077 2820 1145 quod
2852 1085 2903 1131 et
2951 1077 3390 1145 vituperationem
3442 1090 3497 1132 et

1916 1170 2123 1225 laudem
2153 1169 2483 1239 dignoscitur
2503 1171 2800 1224 continere.
2840 1168 2970 1221 Nam
2995 1168 3226 1239 quinque
3251 1169 3494 1224 versibus

1917 1263 2181 1331 vituperat
2226 1261 2358 1318 deos
2406 1273 2770 1331 paganorum:
2801 1261 2988 1316 decem
3020 1277 3144 1316 vero
3181 1263 3341 1315 Ilcum
3378 1263 3491 1316 latt-

1917 1357 2005 1411 dat
2033 1358 2328 1422 excelsum,
2355 1368 2411 1410 ut
2450 1366 2503 1411 et
2543 1356 2596 1409 in
2625 1356 2736 1425 ipsa
2766 1356 3062 1422 quantitate
3085 1357 3368 1420 dictorum,
3411 1372 3496 1411 re-

1918 1465 2033 1503 rum
2065 1449 2478 1519 discrepantiam
2528 1457 2852 1501 monstraret
2891 1448 3187 1501 ambarum.
3232 1448 3334 1502 Sed
3363 1463 3491 1517 quo-

1919 1541 1968 1594 ni
2007 1557 2058 1595 nt
2087 1541 2333 1610 superius
2383 1539 2702 1594 invisibilem
2738 1539 2901 1593 Deunt
2943 1540 3173 1604 dixerat,
3223 1557 3342 1610 quas
3384 1544 3498 1596 vult

1919 1634 2097 1687 omnia
2143 1633 2450 1700 facientem,
2495 1633 2579 1687 hic
2612 1633 2804 1686 merito
2848 1632 3115 1686 irridenda
3157 1633 3286 1687 dicit
3329 1633 3493 1701 idola,

1920 1738 2040 1792 quae
2083 1722 2150 1777 ad
2195 1723 2540 1778 humanitatis
2587 1723 2816 1777 fortnam
2865 1724 3186 1792 composita,
3240 1723 3322 1778 vel
3367 1725 3499 1793 ipsis

1918 1814 2194 1883 corpori-is
2243 1814 2492 1870 sensibus
2543 1814 2836 1884 probantur
2874 1827 3151 1869 estrauea.
3193 1812 3326 1868 Nam
3379 1814 3504 1870 licet

238 1929 337 1968 nus
364 1914 413 1966 in
449 1913 741 1982 Evangelia
771 1911 937 1966 dicit:
981 1910 1170 1964 Potens
1196 1918 1268 1964 est
1296 1908 1426 1960 Dom
1450 1924 1547 1962 nus
1588 1906 1651 1959 de
1679 1904 1814 1972 lupi-
1850 1919 1888 1977 ιι
1922 1903 2264 1960 inveniantur
2306 1915 2359 1960 et
2389 1919 2535 1960 tenes
2581 1913 2636 1960 et
2663 1904 2835 1975 lignea
2862 1906 3157 1972 simulacra,
3193 1906 3374 1961 utilius
3428 1917 3505 1961 tan

235 2005 384 2058 dibus
407 2004 483 2057 his
509 2009 754 2057 suscitare
779 2003 914 2069 ﬁlios
935 2001 1153 2055 Abraha:
1178 1998 1390 2069 (Matth.
1437 2014 1515 2067 ttt,
1556 1995 1634 2068 9).
1667 1996 1811 2052 Idem

237 2111 413 2166 rupes,
443 2096 541 2150 hoc
576 2104 659 2149 est
684 2094 830 2148 arida
879 2104 932 2148 et
954 2093 1087 2147 dura
1129 2092 1290 2146 cordo
1320 2090 1481 2159 gentil
1509 2105 1618 2155 nm,
1643 2089 1813 2143 divini

234 2191 435 2259 eloquii
485 2203 700 2242 manare
755 2187 882 2241 fecit
933 2186 1106 2241 fontes
1148 2183 1420 2253 irriguos;
1472 2189 1532 2235 ut
1568 2181 1818 2250 quiante

235 2281 514 2336 sterilibus
555 2279 1022 2349 superstitionibus
1069 2278 1432 2339 sierabatttttr,
1481 2281 1602 2342 post
1648 2271 1815 2328 auditi

237 2374 386 2448 [πω.
412 2373 453 2425 Α
484 2415 499 2440 ,
532 2372 618 2436 IL,
663 2369 752 2439 η,
785 2367 948 2439 avidi]
981 2369 1174 2422 fuerint
1205 2367 1348 2421 verbi
1374 2363 1608 2419 caelestis
1637 2361 1821 2432 prmdi-

238 2467 478 2521 catioues
508 2465 726 2518 inﬂuere
752 2464 1015 2530 copiosas.
1060 2462 1326 2514 Ilactenus
1371 2457 1677 2526 superiores
1704 2469 1817 2510 vero

238 2573 332 2613 sus
359 2572 451 2626 per
476 2557 698 2625 ﬁguram
727 2555 979 2624 parabole
1008 2563 1300 2608 noscuntur
1322 2565 1441 2606 esse
1469 2549 1705 2604 decursi.

310 2648 463 2703 Vers.
493 2649 547 2702 9.
593 2645 712 2700 Non
740 2647 906 2710 nobis,
938 2645 1174 2709 Domine,
1210 2659 1313 2697 non
1358 2641 1542 2706 nobis;
1589 2639 1678 2693 sed
1721 2656 1814 2695 no-

239 2741 366 2794 mini
394 2751 480 2793 tuo
502 2740 536 2792 d
553 2759 567 2790 ι
597 2739 833 2810 gloriam.
870 2738 1038 2806 Super
1064 2735 1466 2790 misericordiam
1499 2732 1634 2805 [θύη
1664 2734 1818 2786 mise-

237 2830 482 2903 ricordia]
510 2843 650 2884 tuam
693 2841 738 2883 et
784 2831 1048 2882 ueritatem
1080 2827 1217 2902 [θύη
1249 2827 1459 2880 veritate
1483 2822 1600 2895 tua]
1651 2833 1817 2877 tuam.

238 2922 370 2978 Cum
399 2924 562 2977 multa
597 2921 852 2977 beneﬁcia
883 2921 1082 2975 dixerit
1105 2934 1228 2990 qua:
1256 2918 1411 2972 nobis
1440 2916 1685 2972 Christus
1721 2916 1823 2970 Due

240 3017 413 3069 minus
444 3015 716 3084 prolutura
763 3013 1053 3075 concessit,
1105 3011 1264 3065 nimis
1307 3025 1434 3064 vera
1464 3009 1815 3076 subsequitur

236 3113 296 3161 et
321 3106 604 3162 aﬂ'ectuosa
636 3106 853 3176 petitio;
888 3114 944 3160 ttt
973 3112 1192 3174 propter
1223 3118 1414 3157 nomen
1445 3116 1598 3155 suum
1629 3100 1821 3154 huma-

243 3213 318 3254 no
346 3199 532 3269 generi
564 3207 838 3268 praestaret
869 3198 1041 3263 utilia,
1081 3199 1168 3266 qui
1215 3195 1513 3265 probabilia
1543 3193 1732 3249 merita
1769 3195 1820 3247 in

243 3291 614 3358 peccatoribus
647 3305 980 3360 nequaquam
1018 3297 1224 3356 poterat
1260 3287 1522 3342 invenire.
1549 3286 1679 3340 Nam
1698 3300 1819 3339 cum
1852 3292 1897 3357 (ζ

240 3386 377 3439 bona
406 3385 661 3454 largiatur
692 3383 990 3446 immeritis,
1024 3383 1188 3450 ipsius
1209 3381 1391 3450 glorias
1421 3377 1677 3448 probatur
1699 3392 1822 3432 esse

240 3477 380 3545 quod
409 3475 677 3533 concedit.
708 3475 985 3542 Sequitur.
1036 3473 1202 3542 Super
1247 3473 1648 3524 misericordiam
1677 3480 1818 3523 tuam

239 3579 287 3622 et
313 3569 570 3621 ceritatem
597 3575 760 3618 tuam.
806 3566 897 3618 llis
934 3563 1141 3617 duabus
1171 3563 1330 3616 rebus
1357 3563 1575 3632 gloriam
1605 3560 1813 3615 Domini

241 3661 476 3728 postulat
497 3660 697 3714 debere
718 3657 964 3713 concedi.
1010 3655 1366 3727 Misericordia
1397 3663 1478 3708 est
1505 3653 1671 3717 enim,
1703 3668 1822 3707 cum

239 3752 456 3808 miseris
493 3766 556 3805 ac
594 3748 1028 3819 delinquentibus
1069 3755 1281 3816 peccata
1313 3745 1574 3808 dimittit;
1616 3744 1823 3807 veritas,

241 3861 363 3899 cum
392 3845 736 3899 beatitudinis
768 3845 957 3896 latura:
986 3840 1249 3908 promissa
1282 3835 1554 3900 restituit;
1599 3837 1713 3891 sive
1744 3837 1828 3904 (ut

241 3938 336 3990 alii
379 3937 586 4006 volunt)
617 3949 738 3989 cum
787 3933 1124 4002 iudicaturus
1169 3939 1254 3986 est
1295 3930 1511 3999 impios.
1561 3927 1826 3994 Utrasquc

239 4031 388 4083 enim
413 4043 520 4092 res,
550 4029 663 4082 sive
691 4026 818 4080 dum
860 4027 1050 4093 parcit,
1073 4025 1188 4079 sive
1213 4023 1337 4076 dum
1364 4021 1593 4091 iudicat,
1618 4019 1681 4073 ad
1710 4018 1826 4088 glo-

246 4122 388 4173 riam
416 4119 618 4173 Domiui
660 4119 930 4184 pertinuere
963 4117 1300 4170 manifestum
1329 4121 1430 4168 est.

324 4210 475 4266 Vers.
506 4212 591 4268 10.
634 4210 922 4278 Nequando
962 4207 1134 4262 dicant
1175 4215 1348 4276 gentes
1385 4220 1405 4260 .'
1453 4202 1551 4258 Ubi
1576 4213 1648 4258 est
1691 4201 1826 4257 Dens

241 4321 420 4359 eorum
447 4306 470 4359 ?
498 4304 790 4360 Subsecuta
821 4311 904 4357 est
938 4316 1101 4356 causa
1148 4316 1315 4371 quare
1361 4299 1611 4369 dignetur
1643 4298 1826 4353 Domi-

244 4412 347 4451 nus
375 4397 586 4452 devotis
618 4395 999 4450 misericordia:
1035 4409 1144 4448 sure
1182 4393 1322 4447 dona
1371 4401 1652 4462 prmstare.
1696 4392 1825 4459 Quae

247 4493 414 4561 ﬁgura
446 4492 634 4545 dicitttr
664 4490 949 4558 artiologia,
996 4489 1047 4543 id
1092 4495 1175 4545 est
1201 4502 1378 4542 causa:
1423 4487 1672 4541 redditio.
1722 4487 1826 4541 Ne-

245 4581 462 4636 landam
492 4584 685 4651 quippe
711 4582 1110 4650 imputationem
1136 4580 1266 4646 petit
1291 4579 1553 4639 amoveri.
1583 4593 1742 4648 quam
1770 4580 1821 4631 in

247 4675 355 4727 isto
392 4676 589 4727 sa-rulo
631 4676 900 4742 patiuntur
945 4673 1278 4727 creberrime
1323 4670 1636 4726 Christiani.
1689 4671 1821 4726 Nam

241 4765 459 4835 quoties
502 4775 795 4836 martyrum
836 4779 1059 4834 corpora
1100 4765 1326 4819 diversis
1366 4765 1648 4834 suppliciis
1690 4764 1824 4818 alni-

241 4865 465 4923 guntnr,
514 4856 628 4922 ipsa
671 4871 768 4908 vos
802 4865 884 4910 est
934 4863 1306 4926 tyrannorum,
1353 4855 1465 4922 ipsa
1503 4855 1820 4925 gentilium:

248 4944 350 4999 Ubi
377 4956 447 4998 est
473 4945 609 4999 Deus
641 4961 816 5000 eorum
841 4947 867 5000 ?
895 4946 1058 5014 Quasi
1096 4961 1199 5000 non
1242 4948 1412 5014 possit
1437 4950 1649 5016 eripere
1688 4961 1824 5018 quos

244 5045 308 5091 ut
334 5046 556 5091 coronet
592 5048 854 5092 tormenta
881 5038 1080 5104 patitur
1109 5039 1396 5092 sustinere.

327 5125 477 5181 Vers.
507 5128 591 5182 11.
635 5127 770 5182 Deus
796 5137 962 5182 autent
1008 5140 1178 5182 noster
1223 5130 1276 5181 in
1321 5130 1446 5183 calo
1493 5147 1729 5196 sursum;
1770 5132 1825 5184 in

244 5222 375 5274 calo
397 5233 442 5275 et
467 5223 520 5277 in
547 5234 680 5278 terra
717 5227 888 5278 omnia
917 5241 1228 5294 quaecunque
1257 5227 1415 5278 voluit
1455 5227 1594 5294 fecit.
1617 5228 1822 5283 Contra

246 5314 578 5370 dementiam
625 5319 788 5372 verba
835 5319 1151 5387 gentilium,
1198 5320 1289 5388 qui
1336 5319 1556 5375 dicunt:
1606 5321 1706 5376 Ubi
1749 5331 1825 5377 est

253 5401 394 5456 Deus
440 5405 602 5458 tuus?
644 5407 984 5461 voracissima
1027 5408 1184 5460 nimis
1231 5406 1460 5462 infertur
1487 5418 1541 5464 et
1577 5409 1825 5464 absoluta

249 5493 538 5552 sententia.
578 5493 743 5548 Deum
774 5506 1001 5550 nostrum
1039 5497 1211 5551 omnia
1257 5499 1428 5566 facere
1476 5514 1590 5567 qua
1629 5502 1733 5551 vult
1779 5500 1832 5552 in

248 5584 376 5638 tario
404 5594 450 5638 et
479 5585 532 5640 in
559 5594 717 5641 terra.
757 5587 886 5641 Nam
929 5603 1050 5642 cum
1094 5589 1305 5655 dicitur,
1354 5590 1407 5642 in
1449 5588 1573 5643 ccelo
1603 5605 1828 5655 serunt,

253 5690 412 5743 supra
443 5692 631 5732 omnes
671 5689 941 5735 creaturas
972 5691 1158 5748 potens
1195 5694 1316 5735 esse
1351 5689 1696 5734 monstratur.
1730 5683 1830 5736 Se-

252 5767 454 5832 quitur,
481 5770 653 5822 omnia
679 5786 799 5824 cum
829 5772 995 5840 facere
1020 5787 1335 5841 quasttnque
1366 5771 1446 5826 vel
1488 5772 1541 5824 in
1570 5770 1828 5840 minimis,

256 5860 336 5913 vel
368 5860 422 5914 in
468 5863 720 5916 tiiasimis
772 5868 1027 5920 creaturis
1071 5867 1181 5920 suis
1224 5863 1448 5920 voluerit
1488 5864 1721 5934 operari,
1776 5878 1830 5918 ut

1919 2012 2042 2052 men
2073 1996 2203 2052 illud
2231 1997 2419 2068 elegit,
2464 1996 2604 2068 quod
2648 1998 2920 2068 gentilitas
2943 1997 3216 2066 judcabat
3248 2015 3501 2055 reveren-

1918 2088 2024 2142 tius
2059 2088 2428 2153 adorandum;
2459 2099 2516 2143 ut
2546 2088 2889 2144 erubesceret
2917 2090 3097 2145 colere
3126 2089 3332 2155 viliora,
3365 2106 3503 2161 quo-

1921 2195 2039 2236 rum
2085 2191 2140 2236 et
2187 2182 2421 2250 pretiosa
2472 2182 2765 2251 probantur
2811 2182 2988 2238 irrisa.
3032 2183 3140 2240 Sed
3185 2201 3255 2239 ne
3286 2195 3504 2254 putares

1921 2271 2036 2332 hanc
2064 2273 2213 2342 signa
2242 2282 2446 2327 naturae
2469 2272 2698 2343 alicujus
2716 2273 2889 2329 vivam
2913 2274 3112 2332 habere
3131 2275 3506 2343 substantiam,

1919 2364 1985 2417 ad
2015 2365 2271 2419 vilitatem
2300 2365 2499 2420 dicitur
2536 2367 2970 2436 exprimendam,
3019 2369 3150 2424 deos
3179 2369 3302 2425 illos
3333 2373 3504 2438 genti-

1921 2455 2051 2510 Iiutn
2080 2457 2384 2512 mortalium
2414 2458 2656 2514 manibus
2686 2459 2993 2517 fabricatos.
3025 2462 3201 2517 Pudor
3220 2475 3300 2518 est
3323 2465 3510 2522 dicere

1921 2549 2256 2602 simulacrum
2285 2550 2353 2605 ab
2381 2549 2472 2604 illo
2505 2551 2632 2614 coli,
2679 2551 2831 2620 cujus
2865 2553 2978 2621 ipse
3005 2564 3192 2608 auctor
3220 2571 3252 2624 p
3293 2557 3395 2611 t.tit
3424 2558 3506 2612 iu-

1925 2641 2138 2706 veniri;
2173 2643 2360 2712 utquid
2397 2644 2614 2700 mortali
2638 2646 2808 2698 valeat
2846 2656 3123 2715 praestare,
3153 2647 3242 2718 qui
3280 2649 3381 2704 nisi
3407 2664 3508 2703 vo-

1928 2732 2117 2787 luisset
2141 2733 2320 2799 homo,
2353 2734 2551 2789 idolum
2596 2749 2699 2789 non
2732 2737 2993 2804 potuisset
3023 2739 3297 2794 existere?
3325 2741 3416 2796 Sic
3449 2751 3510 2800 et

1923 2823 2190 2879 Jeretnias
2206 2823 2328 2878 talia
2352 2824 2698 2881 deliramenta
2717 2826 2934 2896 pulchra
2957 2828 3266 2884 deﬁnitione
3291 2833 3510 2887 conclu-

1926 2914 2014 2980 sit,
2045 2913 2266 2970 dicens:
2298 2914 2449 2994 Nihil
2474 2917 2619 2972 aliud
2647 2920 2762 2984 erit,
2809 2920 2910 2976 nisi
2939 2921 2991 2974 id
3018 2923 3156 2990 quod
3183 2923 3356 2976 volunt
3398 2940 3512 2980 esse

1925 3008 2163 3076 astri/ioca
2192 3007 2328 3077 (Jcr.
2354 3025 2406 3076 x,
2439 3009 2516 3076 9).
2559 3011 2765 3078 Quibus
2789 3013 2950 3066 etiam
2985 3012 3183 3068 Sedulii
3215 3015 3294 3086 (ut
3320 3015 3392 3072 ita
3428 3017 3512 3072 die

1930 3099 2123 3171 serito)
2156 3110 2328 3171 poetae
2358 3102 2597 3159 veritatis
2637 3119 2826 3159 versus
2859 3105 2930 3158 IIII
2963 3107 3236 3174 repetendi
3267 3118 3433 3164 sunt:

2050 3214 2262 3278 Lignea,
2293 3216 2420 3278 ligna
2458 3230 2600 3278 rogas
2625 3232 2639 3269 :
2667 3218 2828 3268 surdis
2853 3218 3062 3270 clamare
3102 3219 3318 3271 videris:

2049 3277 2093 3326 Α
2111 3281 2256 3328 mutis
2277 3277 2510 3340 respousa
2523 3277 2682 3342 "petis.

1928 3381 2058 3437 Nam
2100 3382 2147 3437 si
2179 3384 2377 3452 qumris
2409 3386 2548 3439 scire
2578 3385 2702 3455 quid
2747 3384 2818 3439 sit
2861 3386 3125 3441 veraciter
3174 3387 3331 3454 Deus,
3380 3389 3508 3444 audi

1929 3474 2117 3528 Isaiam
2148 3475 2415 3531 dicentem
2444 3495 2456 3529 :
2486 3474 2601 3546 Ego
2627 3476 2899 3544 Dominus,
2923 3476 3020 3532 hoc
3049 3488 3122 3531 est
3144 3494 3324 3532 nomen
3347 3497 3513 3536 meum

1926 3568 1980 3622 in
2011 3577 2302 3622 wternnm:
2348 3569 2567 3640 gloriam
2596 3586 2758 3622 meum
2805 3570 2954 3623 alteri
2996 3585 3097 3624 non
3149 3570 3305 3638 dabo,
3352 3588 3513 3642 neque

1928 3661 2136 3714 virtutes
2165 3675 2301 3714 meas
2327 3659 2668 3728 sculptilibus.
2703 3659 2831 3726 ρυίε
2873 3675 2903 3711 a
2934 3659 3188 3728 principio
3215 3671 3355 3728 sunt,
3403 3678 3515 3717 eccs

1927 3761 2059 3828 [iant
2083 3776 2104 3813 :
2131 3768 2186 3812 ut
2214 3775 2344 3812 nova
2372 3774 2486 3827 qua:
2513 3774 2605 3827 ego
2633 3755 2966 3820 annuntiabo,
2998 3766 3045 3810 et
3075 3758 3371 3826 priusquam
3401 3774 3513 3811 tua-

1927 3851 2227 3922 nifestarem
2257 3867 2318 3904 ea
2347 3848 2529 3903 audire
2556 3864 2641 3902 vos
2677 3847 2774 3918 feci
2803 3845 2956 3915 (lsai.
2992 3862 3119 3910 χιιι,
3165 3850 3218 3911 8,
3248 3847 3324 3918 9).
3373 3846 3514 3912 Quo-

1928 3944 2069 3996 niam
2097 3957 2190 4011 ego
2219 3957 2351 3995 sum.
2388 3939 2516 3992 Ante
2551 3955 2629 3991 me
2669 3938 2801 3992 enim
2841 3953 2941 3989 non
2972 3938 3069 4006 fuit
3098 3936 3234 3990 alius
3269 3935 3430 4000 Deus,
3461 3948 3508 3989 et

1927 4044 2039 4104 post
2068 4051 2268 4087 menon
2297 4033 2392 4086 erit
2425 4030 2586 4101 (Ibid.
2620 4045 2768 4093 xutt,
2802 4030 2912 4098 10).

2006 4127 2158 4182 Vers.
2192 4125 2279 4179 15.
2321 4124 2393 4178 0s
2416 4123 2621 4189 habent,
2651 4131 2696 4177 et
2739 4137 2839 4176 non
2867 4122 3177 4190 loquentur;
3209 4124 3383 4176 oculos
3413 4123 3509 4175 ha-

1930 4219 2064 4280 bent,
2096 4226 2145 4269 et
2167 4232 2266 4270 non
2293 4214 2547 4269 uidebunt.

2001 4309 2157 4364 νει-ε.
2190 4309 2276 4363 14.
2320 4309 2479 4361 Aures
2509 4306 2716 4372 habent,
2745 4318 2792 4361 et
2830 4323 2930 4360 non
2963 4306 3208 4373 audient;
3247 4324 3393 4362 nares
3415 4309 3508 4362 ha-

1927 4404 2065 4469 bent,
2097 4409 2142 4454 et
2172 4417 2274 4453 non
2310 4398 2614 4453 odorabunt.

2002 4493 2161 4548 Vers.
2193 4491 2283 4547 15.
2321 4491 2509 4545 Manus
2540 4490 2748 4556 habent,
2783 4500 2830 4545 et
2862 4507 2962 4544 non
2997 4491 3322 4562 palpabunt;
3356 4494 3508 4562 pedes

1930 4582 2140 4648 habent,
2171 4593 2216 4636 et
2243 4600 2341 4637 non
2371 4580 2697 4636 ornbulabunt
2722 4597 2738 4634 :
2772 4598 2874 4635 non
2904 4581 3195 4636 clamabunt
3222 4585 3274 4636 in
3304 4593 3510 4652 gutture

1933 4694 2028 4730 suo
2054 4688 2070 4741 ;
2093 4691 2251 4744 neque
2276 4676 2409 4730 enim
2433 4685 2504 4728 est
2527 4675 2739 4745 spiritus
2765 4675 2816 4726 in
2844 4690 2930 4728 ore
2955 4675 3203 4740 ipsorum.
3249 4675 3314 4729 Et
3339 4676 3392 4730 in
3424 4676 3509 4731 his

1935 4769 2109 4824 tribus
2143 4767 2388 4822 versibus
2434 4765 2716 4821 verissima
2764 4765 3124 4834 descriptione
3165 4766 3333 4821 notati
3361 4777 3506 4830 sunt,

1931 4859 2021 4930 qui
2045 4858 2190 4913 la'sis
2220 4856 2527 4912 numinibus
2566 4857 2678 4910 suis
2709 4859 2943 4912 membra
2977 4857 3248 4913 hominum
3277 4860 3506 4915 inaniter

1931 4951 2205 5017 assignare
2237 4949 2538 5002 voluerunt.
2577 4946 2710 5004 Nam
2757 4949 2903 5017 quid,
2940 4963 3091 5019 rogo,
3123 4949 3198 5003 illi
3242 4965 3378 5020 opus
3407 4951 3510 5006 fuit

1923 5057 2010 5106 -σε,
2043 5041 2130 5111 qui
2160 5041 2298 5109 loqui
2327 5055 2444 5096 non
2460 5041 2709 5107 valeret?
2738 5040 2874 5107 Quid
2898 5040 3053 5104 oculi,
3082 5041 3170 5110 qui
3192 5041 3505 5112 conspicere

1934 5147 2039 5186 non
2086 5132 2337 5186 valebat?
2386 5131 2520 5198 Quid
2551 5146 2726 5197 aures,
2771 5130 2861 5199 qui
2895 5145 3000 5184 non
3041 5141 3157 5186 erat
3179 5131 3500 5189 auditurus?

1932 5225 2068 5290 Quid
2100 5238 2266 5289 nares,
2310 5224 2397 5292 qui
2446 5222 2749 5277 nullatenus
2800 5221 3143 5292 ﬂagrantiam
3191 5223 3507 5280 sentiebat?

1935 5313 2106 5370 Nares
2132 5323 2310 5368 autem
2339 5327 2372 5365 a
2398 5312 2663 5381 gnaritate
2681 5311 2836 5369 dictae
2856 5322 3002 5378 sunt,
3023 5314 3161 5381 quod
3185 5329 3284 5372 nos
3304 5315 3506 5372 iaciant

1935 5404 2190 5460 odoratus
2212 5418 2522 5474 agnoscere.
2565 5401 2701 5470 Quid
2732 5419 2935 5467 manus,
2975 5405 3064 5474 qui
3098 5419 3186 5462 res
3208 5406 3505 5476 palpabiles

1935 5497 2256 5570 ignorabat?
2289 5497 2423 5562 Quid
2453 5497 2624 5563 pedes,
2664 5496 2752 5565 qui
2795 5512 2854 5551 se
2881 5512 3096 5553 movere
3121 5499 3339 5555 minime
3365 5514 3505 5569 pra:—

1937 5588 2191 5644 vslebat?
2220 5589 2284 5643 Et
2307 5598 2362 5642 ut
2398 5587 2593 5640 talibus
2620 5588 2782 5640 rebus
2811 5597 3095 5657 augeretur
3127 5590 3323 5657 irrisio,
3354 5590 3507 5645 addi-

1935 5679 2012 5735 dit
2040 5695 2057 5746 ;
2086 5688 2146 5734 ut
2186 5694 2284 5735 nec
2315 5679 2444 5748 ipsis
2469 5693 2680 5747 quoque
2706 5681 3023 5735 animalibus
3068 5682 3275 5738 ratione
3318 5699 3508 5738 caren-

1936 5773 2079 5828 tibus
2108 5772 2340 5834 debeant
2364 5773 2691 5842 comparati,
2718 5774 2930 5841 quando
2963 5777 3015 5827 in
3047 5786 3250 5845 gutture
3279 5793 3369 5830 suo
3399 5792 3506 5830 nou

1939 5864 2132 5917 habent
2169 5863 2244 5915 vel
2277 5861 2551 5917 confusum
2585 5864 2898 5930 clamorem,
2947 5881 3103 5933 quem
3136 5882 3327 5933 pecora
3356 5871 3486 5922 emit
