4032 6340
260 405 362 459 8l7

260 624 479 678 semper
499 613 693 664 cuncta
721 604 961 675 possedit
990 615 1044 659 et
1071 604 1352 672 possmet?

330 700 491 756 Vers.
526 697 615 750 '26.
648 695 772 750 Non
797 696 987 748 mortui
1013 694 1298 747 laudabunt
1329 702 1394 755 te,
1420 691 1665 755 Domine,
1693 706 1854 760 neque

263 806 439 844 onmrs
478 793 564 854 qui
595 785 909 839 descendunt
940 784 990 837 in
1021 782 1301 853 infernum.
1346 782 1581 836 Mortuos
1616 781 1704 855 hic,
1730 781 1853 835 illos

260 882 390 935 dicit
433 879 522 947 qui
571 877 844 948 perpetuis
890 873 1217 929 cruciatibus
1247 872 1522 943 afﬂigendi
1568 882 1853 949 sun_t;eo—-

262 988 383 1028 rum
413 985 573 1025 voces
610 985 715 1023 non
743 968 965 1036 suscipit
994 967 1275 1026 Dominus,
1309 966 1436 1034 quia
1466 964 1609 1019 hea'i
1649 973 1853 1017 tantum

263 1072 413 1129 sunt,
440 1061 531 1132 qni
564 1060 681 1130 ejus
712 1058 979 1127 prmconia
1013 1056 1398 1123 personabunt,
1428 1056 1565 1110 sicut
1598 1054 1854 1109 Salomon

264 1157 432 1210 dicit:
484 1162 520 1206 Α
550 1161 779 1214 mortuo,
810 1151 959 1220 quasi
1003 1165 1065 1202 ea:
1109 1165 1168 1203 eo
1208 1149 1296 1217 qui
1325 1163 1425 1200 non
1455 1155 1547 1211 est,
1580 1145 1711 1215 perit
1737 1160 1857 1197 rou-

264 1248 417 1319 {essio
448 1245 641 1318 (Ecrli.
681 1258 811 1304 xm.
852 1242 968 1308 26).
1012 1242 1075 1295 Et
1106 1240 1267 1311 paulo
1296 1246 1415 1309 post
1453 1254 1468 1291 :
1527 1236 1640 1291 Nos
1689 1246 1857 1291 autem

266 1340 488 1394 virentes
512 1345 561 1389 et
587 1336 702 1389 sani
732 1332 1010 1388 laudamus
1052 1347 1234 1385 nomen
1276 1340 1442 1383 tuum.
1486 1327 1725 1382 Dicendo
1757 1342 1855 1379 aII-

267 1440 402 1495 tem,
433 1443 597 1498 neque
629 1442 797 1480 omnes
828 1424 914 1492 qui
938 1422 1248 1475 descendunt
1278 1420 1329 1472 in
1362 1419 1651 1489 infernum,
1672 1425 1856 1470 osteno

267 1524 347 1575 dit
377 1531 429 1575 et
458 1529 677 1574 sanctos
705 1516 771 1570 ad
803 1516 1012 1569 inferna
1037 1514 1252 1583 quidem
1284 1509 1635 1575 descendere,
1676 1508 1770 1563 sed
1801 1507 1853 1562 in

267 1614 483 1670 Domini
530 1609 887 1667 exsultatione
932 1606 1189 1675 gaudere.
1246 1602 1379 1657 Mori
1429 1601 1571 1656 enim
1614 1598 1774 1670 jttStis
1806 1606 1861 1653 et

269 1705 640 1775 peccatoribus
691 1702 949 1770 probatur
1012 1711 1133 1752 esse
1180 1707 1509 1758 commune,
1558 1690 1651 1746 sed
1701 1690 1860 1744 nimis

269 1799 427 1866 longa
474 1794 801 1848 discretione
846 1796 1185 1861 separantur,
1235 1787 1373 1841 sicut
1424 1785 1477 1840 in
1527 1783 1860 1857 oetogesimo

1166 395 1532 453 EXPOSITIU
1572 393 1637 451 IN
1680 354 2141 449 esstrtﬁntuat.
2188 346 2378 446 rsAL.
2423 390 2602 446 CXlV.

260 518 389 589 quid
418 514 536 571 dari
571 514 763 584 potuit,
812 512 902 582 qui
954 525 1076 566 cum
1124 509 1283 565 Patre
1328 518 1384 564 et
1434 508 1638 578 Spiritu
1670 516 1856 562 sancto
1887 511 1933 568 Α

3438 389 3543 442 818

2543 505 2737 558 Divisio
2765 506 2973 576 psalmi.

2032 595 2175 650 Libet
2192 604 2311 649 atus
2335 596 2592 667 propheta
2625 596 2693 651 de
2717 596 2977 665 profunda
3003 597 3155 651 l'ovea
3178 603 3543 666 peccatorum,

1959 687 2125 741 etiam
2166 687 2218 741 in
2258 689 2345 743 illa
2394 700 2543 757 petra
2576 688 2961 744 Iniser'cordiae
2991 689 3339 754 consumtus,
3367 688 3545 760 primo

1959 780 2203 834 membro
2231 781 2430 851 gratias
2468 781 2615 850 agit:
2663 781 2913 852 quoniam
2955 797 3014 836 se
3061 780 3390 838 ciauditum.
3420 796 3545 838 esse

1956 872 2250 939 cognoscit,
2284 882 2335 927 et
2365 884 2549 927 contra
2574 879 2749 930 omnia
2777 874 3013 944 pericula
3041 876 3229 929 mortis
3252 875 3548 931 efficaciter

1930 978 2016 1045 ἐκ
2070 963 2351 1019 Dominum
2410 967 2689 1021 invocasse
2739 976 2988 1023 Iesmtur.
3052 968 3301 1024 Secundo
3349 968 3545 1023 iterum

1959 1056 2155 1111 clamat
2182 1059 2245 1110 ad
2273 1058 2579 1123 Demittunt,
2610 1070 2666 1117 ut
2697 1060 2952 1114 liberatus
2998 1060 3274 1129 perveniat
3301 1059 3366 1114 ad
3400 1060 3544 1114 illam

1958 1150 2199 1218 requiem
2231 1150 2636 1220 sempiternam,
2671 1167 2828 1221 quam
2873 1151 3120 1207 ﬁdelibus
3150 1152 3413 1222 promittit
3444 1151 3548 1217 Do-

1966 1241 2097 1296 mini
2127 1258 2351 1299 munere
2380 1232 2813 1299 concedendam.

2502 1333 2771 1406 Expositio
2803 1336 3011 1403 psalmi.

2039 1423 2189 1480 Yers.
2220 1426 2267 1483 li.
2313 1425 2505 1494 Dilcxi,
2540 1429 2780 1496 quoniam
2810 1429 3070 1483 exaudivit
3105 1427 3353 1483 Dominus
3377 1444 3550 1483 vocem

1964 1500 2210 1571 orationis
2259 1534 2401 1572 mea.
2440 1521 2697 1573 Amorem
2740 1518 2955 1587 Domini
2996 1519 3303 1575 hominibus
3337 1519 3550 1576 duobus

1965 1611 2251 1678 provenire
2287 1620 2501 1666 constat
2549 1611 2811 1666 articulis.
2859 1611 2949 1666 Est
3000 1628 3137 1666 unus
3181 1614 3398 1681 quando
3452 1630 3549 1681 t-ro

1964 1698 2177 1754 collatis
2207 1698 2484 1754 beneﬁciis
2528 1710 2582 1754 et
2628 1700 2697 1755 ah
2747 1700 3055 1756 infidelibus
3101 1700 3339 1773 di'igitur
3387 1715 3550 1772 atque

1964 1791 2231 1857 laudatur,
2259 1792 2401 1847 sicut
2428 1795 2479 1847 in
2531 1792 2639 1847 alio
2673 1795 2877 1861 psalmo
2905 1794 2971 1848 de
3001 1804 3283 1863 peccatore
3317 1796 3550 1864 legitur:

265 1886 454 1957 quinto
484 1884 695 1955 psalmo
716 1882 917 1936 dictum
945 1889 1067 1935 est:
1097 1878 1161 1933 Et
1178 1880 1413 1949 eripuisti
1433 1878 1663 1933 animant
1698 1890 1860 1930 meam
1893 1882 1937 1942 Β
1968 1879 2299 1951 Conﬁtebitur
2324 1882 2443 1949 tibi,
2465 1899 2582 1936 cum
2603 1883 2908 1952 benefecetis
2936 1883 2983 1937 oi
3016 1882 3188 1954 (l’sal.
3215 1899 3405 1950 XLVIII,
3440 1884 3553 1956 19).

265 1993 327 2030 α
358 1975 561 2046 inferno
598 1972 832 2042 inferiori
864 1969 1035 2041 (Psal.
1068 1984 1262 2035 Lxxxv,
1299 1969 1410 2038 l3).

337 2070 502 2142 389
532 2069 681 2124 Vers.
727 2069 819 2123 27.
865 2068 971 2123 Sed
1000 2083 1093 2121 nos
1122 2067 1211 2138 qui
1242 2067 1475 2132 virimus,
1512 2064 1855 2119 benedicimus

269 2162 573 2227 Dominum,
601 2177 664 2215 ea:
693 2160 789 2214 Itoc
815 2177 952 2216 nunc
980 2169 1025 2214 et
1059 2175 1217 2229 usque
1244 2160 1295 2214 in
1326 2158 1594 2214 strculnm.
1635 2156 1862 2228 Exposi-

268 2264 323 2309 ta
356 2266 506 2325 parte
532 2255 926 2319 damnatorum,
954 2263 1137 2324 aptum
1179 2254 1277 2307 luit
1308 2262 1365 2308 ut
1399 2251 1857 2324 pulchritudinem

272 2351 467 2417 Isalmt
501 2348 773 2402 beatorum
806 2347 944 2403 bona
970 2345 1376 2401 concluderent.
1420 2344 1678 2400 Vivorum
1711 2342 1855 2398 enim

269 2452 355 2495 est
408 2439 685 2505 Dominus,
732 2453 837 2492 non
888 2446 1245 2505 mortuorum,
1297 2436 1437 2490 sicut
1485 2434 1538 2489 in
1569 2434 1862 2503 Evangelia

268 2533 503 2603 legitur:
541 2531 662 2586 Non
699 2541 774 2585 est
803 2532 939 2584 enim
976 2528 1110 2584 Deus
1146 2530 1481 2592 mortuorum,
1516 2529 1603 2581 sed
1636 2528 1861 2581 vivorum

270 2626 492 2696 '(Jlattlt.
530 2641 658 2691 χχιι,
692 2625 807 2696 5‘2).
839 2624 1091 2678 Vivorum
1134 2634 1311 2677 autem
1345 2619 1623 2690 aeeipiend
1649 2635 1718 2673 tm
1753 2626 1859 2687 est,

273 2735 378 2773 non
420 2716 522 2771 ista
563 2718 672 2771 vita
716 2717 1031 2780 vwentinm,
1064 2731 1219 2785 quam
1270 2728 1611 2768 communem
1658 2711 1864 2767 sanctis

272 2819 482 2866 constat
513 2824 634 2864 esse
664 2826 785 2862 eum
821 2809 999 2876 impiis
1024 2824 1038 2875 ;
1066 2807 1157 2862 sed
1192 2807 1279 2861 illa
1305 2806 1371 2861 de
1394 2807 1572 2876 quain
1596 2804 1701 2858 alio
1731 2802 1866 2874 psal-

272 2919 362 2959 nto
383 2902 576 2974 legitur
602 2920 615 2954 :
654 2901 872 2956 Placebo
901 2901 1121 2954 Dom'no
1146 2901 1196 2953 in
1217 2900 1421 2971 regione
1443 2898 1662 2950 rivorum
1688 2893 1861 2963 (Psnl.

271 3008 423 3059 CXIV,
449 2991 531 3063 9).
577 2991 643 3046 Et
685 3007 750 3046 ne
779 2990 844 3045 ad
880 3002 1091 3045 terrena
1136 2990 1272 3042 bona
1306 3002 1456 3045 utens
1487 2987 1719 3049 humana
1766 2984 1862 3040 Ile-

273 3088 591 3151 Scenderet,
648 3085 712 3139 ad
763 3084 851 3138 illa
902 3085 1139 3139 cmlestia
1188 3089 1546 3150 congruenter
1595 3079 1860 3144 ascenlit,

274 3194 398 3245 qua!
439 3193 538 3231 nec
570 3177 626 3230 in
654 3176 903 3230 laudibus
935 3188 1156 3245 possunt
1193 3172 1393 3229 habere
1426 3174 1743 3241 terminum,
1766 3184 1865 3226 nec

271 3268 327 3323 in
362 3269 599 3341 przetniis
627 3268 892 3325 sustinere
924 3268 1217 3338 probantur
1240 3282 1512 3322 occasom.

814 3380 1088 3435 Conclusio
1122 3398 1180 3449 ps
1201 3380 1330 3435 .lmi.

346 3495 622 3552 Luxerunt
667 3497 826 3553 nobis
862 3497 1018 3568 quasi
1067 3497 1280 3566 granati
1328 3497 1451 3551 ntali
1495 3494 1698 3551 minuta
1749 3495 1868 3565 pul-

270 3588 572 3657 cherrima,
615 3604 735 3658 qum
788 3588 1026 3644 historia:
1074 3591 1221 3643 corio
1270 3589 1506 3643 revelata
1558 3589 1866 3643 dulcissima

273 3681 433 3747 mella
481 3681 832 3738 sudaveruut.
882 3683 1035 3751 Quod
1082 3683 1227 3738 enim
1260 3698 1469 3749 versus,
1519 3691 1596 3737 tot
1645 3683 1863 3752 gratim;

271 3783 405 3841 quot
444 3774 630 3840 verba,
665 3783 744 3829 tot
771 3791 925 3844 poma
968 3778 1336 3830 sunttanimre.
1398 3777 1676 3832 Mouemur
1721 3777 1864 3832 enim

272 3879 372 3933 per
410 3865 790 3921 similitudines
828 3868 1030 3921 veteris
1059 3867 1264 3936 populi,
1300 3866 1457 3937 hujus
1497 3867 1685 3921 mundi
1714 3867 1867 3936 quasi

272 3955 649 4027 Aﬂayptiacam
677 3957 1101 4013 dominationem
1131 3961 1479 4027 relinquere;
1514 3968 1571 4011 ut
1601 3959 1867 4029 possimus

270 4049 342 4103 ad
371 4061 565 4104 terram
588 4050 962 4119 promissionis
984 4051 1322 4120 baptismatis
1350 4050 1541 4105 itinere
1566 4051 1865 4117 perwnire.

277 4141 617 4197 festinemus
649 4143 922 4213 intrepidi,
970 4145 1205 4200 adventu
1254 4146 1466 4199 Domini
1515 4146 1869 4201 alltf‘J‘Sl'MCS

277 4242 481 4286 nostra:
506 4234 694 4288 soluta:
719 4245 865 4288 sunt.
906 4235 1050 4289 Mare
1078 4234 1233 4305 fugit,
1258 4235 1510 4290 Jordanis
1543 4249 1692 4290 retro
1719 4238 1869 4289 timo-

276 4340 340 4381 te
368 4338 661 4381 conversus
691 4335 795 4393 est,
825 4328 1110 4383 simulacra
1153 4330 1394 4399 gentium
1446 4332 1595 4400 quasi
1649 4332 1867 4385 metalla

273 4417 552 4474 insensata
607 4430 913 4488 contempta
970 4432 1134 4487 sunt;
1190 4423 1397 4478 Domini
1457 4434 1636 4479 autem
1696 4426 1864 4479 nostri

269 4510 441 4579 gloria
483 4509 687 4580 ubique.
726 4513 949 4579 colitur,
994 4514 1192 4585 ubique
1238 4515 1581 4585 praedicatur.
1632 4519 1695 4571 lit
1724 4517 1863 4581 ideo,

265 4604 491 4673 iuvante
523 4606 654 4673 Deo,
691 4608 1019 4676 psalmorum
1049 4609 1274 4663 virtutes
1321 4610 1715 4667 studiosissime
1748 4629 1866 4680 per-

268 4695 589 4765 quiramus:
641 4699 894 4770 quoniam
926 4712 987 4754 se
1020 4706 1074 4753 et
1104 4699 1353 4755 ﬁdelibus
1384 4702 1653 4772 aperiunt,
1689 4713 1739 4758 et
1781 4703 1862 4757 itt-

271 4791 513 4847 credulis
540 4807 756 4863 semper
786 4795 1143 4852 abscondunt.
1194 4814 1197 4819 ·

430 4870 455 4905 ⁵
544 4904 906 4963 exeosmo
945 4908 1011 4963 ιιι
1055 4908 1380 4966 PSALMUM
1420 4910 1602 4966 CXIV.

949 4998 1199 5057 Alleluia.

348 5109 560 5167 Escitat
610 5128 708 5164 nos
752 5112 819 5169 de
861 5130 1050 5171 somno
1095 5116 1251 5180 hujus
1293 5117 1473 5171 stecnli
1507 5117 1765 5173 solemnis
1803 5135 1868 5175 ac

270 5218 399 5260 sera
428 5208 805 5274 commonitio,
849 5218 902 5261 et
932 5211 1076 5260 velut
1116 5210 1330 5277 quidam
1363 5211 1659 5279 spiritualis
1694 5214 1868 5281 gallus

270 5294 338 5346 ad
381 5311 541 5365 opera
576 5314 674 5353 nos
706 5301 849 5367 cogit
883 5301 1069 5356 venire
1100 5303 1356 5358 lidelinm.
1404 5306 1698 5360 Audiamus
1736 5324 1867 5362 san-

270 5401 416 5440 c'am
442 5405 650 5457 vocem,
686 5393 825 5461 pium
859 5407 1147 5463 sequamur
1178 5396 1464 5464 imperium
1496 5396 1584 5467 [In
1615 5414 1737 5452 mss.
1778 5400 1867 5463 Λ..

272 5476 366 5545 Β.,
401 5478 492 5547 F.,
528 5481 804 5550 imperium
836 5483 1017 5557 deest],
1045 5496 1103 5539 et
1127 5488 1493 5555 relinquamus
1524 5492 1741 5557 impium
1773 5492 1871 5562 [Ab

271 5572 357 5622 ed.
394 5581 443 5625 et
479 5589 574 5630 ms.
616 5572 710 5642 G.,
755 5586 803 5629 et
838 5578 1205 5648 relinquamus
1234 5580 1453 5648 impium
1486 5581 1703 5653 uberat].
1736 5585 1871 5638 Latt-

271 5662 342 5716 da
373 5664 423 5717 io
452 5666 593 5718 enim
631 5667 841 5723 Domini
871 5670 1101 5740 dignitas
1145 5688 1368 5740 operum
1418 5683 1469 5726 et
1515 5678 1747 5743 pretium
1779 5687 1867 5732 est

276 5755 547 5820 labotom,
581 5760 798 5827 quando
831 5778 929 5817 nec
958 5764 1174 5821 suavius
1199 5766 1493 5836 quidquam
1530 5776 1705 5836 potest
1738 5769 1863 5831 diri,

275 5861 377 5902 me
404 5848 670 5905 salubrius
694 5852 903 5908 actitari

1964 1970 2117 2026 Alter
2164 1980 2248 2027 est
2292 1972 2630 2027 certissimus
2679 1983 2840 2041 atque
2871 1972 3164 2043 perlectus,
3210 1990 3332 2028 cum
3376 1974 3555 2031 devoti

1963 2063 2174 2120 animus
2202 2063 2345 2119 nulla
2377 2064 2737 2120 accidentium
2772 2068 3033 2121 malorum
3061 2066 3388 2139 adversitate
3415 2066 3556 2137 deji-

1963 2156 2149 2212 citur:
2190 2155 2284 2211 sed
2320 2155 2372 2211 in
2406 2148 2640 2212 miseriis
2680 2159 2794 2213 suis
2818 2172 2912 2226 spe
2940 2158 3262 2223 futurorum,
3296 2159 3346 2212 in
3378 2159 3556 2215 chari-

1967 2256 2076 2304 tate
2110 2246 2318 2303 Domini
2352 2262 2571 2318 semper
2613 2248 2948 2315 accenditur,
2993 2249 3132 2305 sicut
3160 2250 3292 2311 dicit
3319 2251 3553 2318 Aposto-

1972 2339 2061 2395 lus
2087 2358 2100 2393 :
2132 2340 2258 2406 Quis
2280 2357 2375 2394 nos
2404 2341 2660 2410 separabit
2684 2358 2715 2395 a
2738 2341 2986 2396 charitate
3007 2341 3240 2411 Christi?
3260 2341 3560 2398 tribulatio?

1966 2450 2032 2485 an
2081 2435 2369 2503 angustia?
2413 2450 2482 2488 an
2519 2432 2803 2506 persecutio
2829 2436 2852 2489 ?
2880 2452 2947 2489 an
2989 2436 3197 2506 fames?
3237 2451 3302 2489 an
3347 2436 3560 2503 auditas

1969 2523 2147 2595 (Ilum.
2184 2540 2298 2592 Vill,
2325 2523 2465 2595 35)?
2510 2540 2615 2580 etc.
2662 2525 2815 2580 llunc
2858 2541 2988 2599 ergo
3038 2526 3259 2582 modum
3299 2528 3555 2597 propheta

1966 2617 2151 2672 subter
2171 2620 2387 2688 exponit
2406 2635 2419 2687 ς
2440 2618 2691 2688 quoniam
2710 2617 2760 2672 in
2783 2618 3560 2690 tribulatiOnihu;etaogustiis

1968 2708 2083 2764 suis
2109 2709 2310 2774 dilexit,
2342 2711 2555 2780 quando
2591 2710 2663 2766 illi
2696 2712 3072 2768 tribulationes
3101 2721 3159 2769 et
3184 2712 3401 2769 dolores
3423 2728 3562 2784 pra:-

1974 2799 2233 2866 stiterint,
2270 2813 2326 2855 III
2357 2800 2639 2857 Dominum
2673 2803 2924 2859 invocare
2956 2820 3105 2860 mere
3137 2814 3275 2861 eutr.
3307 2806 3554 2876 Quapro-

1972 2905 2090 2961 pter
2125 2892 2289 2948 David
2320 2909 2424 2949 non
2457 2894 2511 2951 in
2543 2895 2705 2965 regni
2723 2896 3073 2966 amplitudine
3114 2897 3554 2967 lzetusexsultot.

1971 2983 2173 3040 nonde
2215 2984 2401 3045 mut-di
2442 2986 2697 3042 felicitate
2746 2988 3065 3059 gratulatur,
3116 3004 3276 3058 quam
3332 2997 3559 3045 noverat

1972 3080 2356 3142 transiturum;
2408 3079 2502 3136 sud
2550 3081 2751 3151 gaudet
2779 3082 3078 3139 orationem
3107 3097 3261 3137 suam
3310 3083 3366 3137 in
3396 3097 3559 3152 angu-

1970 3168 2087 3222 SIiis
2117 3183 2146 3222 a
2177 3169 2600 3227 clementissimo
2627 3173 2852 3229 Domino
2881 3173 3044 3229 fuisse
3063 3185 3392 3244 susceptam,
3415 3173 3559 3244 quod

1891 3266 1951 3331 α
1977 3260 2234 3331 prodesse
2265 3262 2367 3316 sibi
2406 3272 2666 3333 perpetue
2697 3265 2986 3322 sentiebat.
3030 3268 3096 3322 Et
3124 3267 3245 3327 vide
3271 3281 3378 3336 quo
3403 3282 3557 3325 com-

1972 3354 2169 3423 pendio
2193 3363 2247 3410 et
2276 3369 2491 3411 causam
2521 3356 2717 3425 posuit,
2746 3366 2799 3412 et
2833 3356 3092 3413 tationem
3116 3370 3295 3414 cauom
3319 3370 3560 3417 montea-

1973 3455 2126 3500 uinea
2181 3446 2347 3502 celeri
2377 3457 2467 3501 ate
2514 3446 2816 3517 subjunxit.
2888 3448 3041 3517 Quod
3098 3448 3319 3507 schema
3363 3447 3561 3507 dicitur

1964 3540 2477 3609 pepitroeasntos,,id
2526 3548 2614 3597 est
2653 3541 2787 3596 dicti
2828 3541 3050 3609 rotatio,
3093 3558 3212 3609 qua:
3244 3538 3573 3598 breviteset-

1971 3633 2246 3691 succincte
2276 3650 2339 3689 ea
2371 3650 2491 3706 qua:
2516 3645 2639 3689 sunt
2675 3635 2901 3693 dicenda
2936 3636 3271 3706 perstringit.
3312 3684 3316 3690 .

2050 3727 2301 3784 \'ers.-‘2._
2334 3728 2469 3794 Quia
2496 3727 2778 3784 inclinavit.
2806 3744 3162 3785 autemsuam
3190 3726 3361 3797 milii;
3404 3735 3483 3783 etv
3502 3728 3555 3781 in

1970 3818 2148 3873 diebus
2189 3821 2312 3874 meis
2353 3819 2601 3874 invocabo
2648 3836 2785 3875 arent.
2829 3819 3016 3883 Auris,
3045 3821 3181 3875 sicut
3216 3819 3326 3888 jam
3356 3818 3555 3874 dictum

1972 3922 2077 3977 est,
2103 3911 2374 3983 appellata
2405 3923 2485 3965 est
2514 3913 2583 3965 ab
2609 3912 2814 3971 auditu.
2847 3926 3006 3980 quam
3035 3912 3231 3966 merito
3247 3910 3315 3965 ad
3346 3925 3448 3966 nos
3477 3911 3559 3964 in-

1970 4004 2167 4056 clinare
2213 4003 2410 4056 dicitur
2443 4002 2605 4069 Dens,
2654 4018 2781 4071 quia
2832 4013 2888 4055 ut
2934 4018 3034 4057 nos
3064 4000 3316 4072 dignetur
3344 4000 3555 4067 audire,

1972 4090 2117 4145 nulla
2158 4092 2224 4145 ad
2275 4092 2448 4161 ipsum
2482 4093 2712 4144 humana
2764 4092 2955 4147 merita
2986 4092 3238 4147 videntur
3263 4090 3555 4162 attingere.

1972 4183 2127 4252 Quod
2161 4184 2354 4239 factum
2382 4185 2433 4239 in
2467 4184 2702 4240 adventu
2736 4184 2943 4239 Domini
2973 4185 3216 4241 veritatis
3253 4186 3423 4255 ipsius
3452 4194 3561 4240 tra-

1972 4277 2047 4332 dit
2080 4280 2398 4343 auetorLIas,
2446 4278 2662 4348 quando
2708 4278 2893 4334 mundi
2917 4278 3216 4335 sceletibus
3250 4279 3562 4349 miseratus,

1974 4372 2290 4427 medicinam
2315 4372 2488 4428 beata:
2517 4372 2903 4431 incarnationis
2927 4372 3188 4430 attribuit.
3219 4371 3288 4431 Et
3309 4374 3561 4443 quoniam

1972 4465 2093 4536 ejus
2124 4467 2266 4521 circa
2298 4480 2357 4521 se
2389 4466 2713 4521 uberrimam
2744 4477 2983 4536 crepent
3031 4467 3236 4523 sentire
3281 4469 3558 4537 pietatem,

1976 4563 2027 4614 in
2058 4561 2248 4615 diebus
2277 4561 2390 4614 suis
2417 4575 2549 4617 cum
2572 4561 2769 4617 mulis.
2791 4561 3224 4617 tribulationibus
3267 4566 3559 4629 angeretur

1898 4655 1944 4716 ι)
1975 4652 2141 4724 (sicut
2169 4652 2572 4721 inferiusdiett)
2628 4652 2888 4708 invocasse
2934 4666 2997 4708 se
3026 4651 3308 4709 Dominum
3342 4651 3562 4721 proﬁte-

1975 4757 2089 4803 tur.
2125 4746 2530 4801 Nostrosenitn
2563 4744 2687 4800 illos
2733 4745 2850 4800 dies
2898 4746 3154 4809 dicimus,
3202 4746 3291 4801 ubi
3343 4746 3559 4816 propria

1974 4840 2259 4909 iniquitate
2288 4853 2596 4906 peccamus,
2645 4850 2700 4895 et
2747 4839 2936 4895 anxios
2964 4838 3178 4893 dolores
3207 4838 3387 4908 pravis
3414 4841 3563 4909 cogi-

1973 4933 2267 4989 tationibus
2292 4932 2645 4989 sustinemus.
2691 4934 2951 4989 Mirabilis
2977 4934 3262 5000 sententis,
3295 4935 3451 4990 beata
3481 4938 3562 4988 vi-

1973 5026 2253 5088 cissilu-lo,
2304 5035 2358 5080 et
2407 5026 2619 5082 lidelem
2668 5042 2884 5092 semper
2914 5025 3169 5082 lenel‘lcia
3211 5040 3475 5098 quaerere,
3507 5038 3566 5084 et

1973 5122 2297 5175 clementem
2365 5120 2648 5176 Dominum
2711 5119 2963 5175 continua
3030 5119 3360 5190 benignitate
3424 5132 3562 5191 prat-

1971 5219 2139 5266 stare.

2051 5302 2199 5357 \‘crs.
2227 5302 2280 5358 3.
2324 5300 2782 5355 Circumdetler-unt
2811 5318 2891 5354 me
2919 5300 3127 5358 dolores
3157 5304 3356 5369 mortis,
3388 5311 3435 5359 et
3471 5321 3561 5376 pe-

1974 5391 2141 5446 ricula
2191 5392 2381 5462 inferni
2433 5392 2729 5445 invenerunt
2777 5409 2875 5446 me.
2916 5394 3124 5450 Causas
3163 5396 3338 5452 adhuc
3383 5396 3570 5453 reddis

1973 5485 2303 5553 aptissimos,
2332 5498 2428 5539 cur
2457 5485 2535 5537 vir
2565 5494 2784 5540 sanctus
2812 5485 3065 5543 dilexerit
3100 5487 3412 5556 Dominum,
3451 5505 3558 5545 non
3584 5522 3587 5531 -

1975 5578 2102 5635 illas
2126 5579 2178 5633 in
2206 5579 2407 5645 quibus
2445 5591 2501 5631 se
2532 5578 2698 5633 amari
2732 5588 2884 5647 putat
2915 5579 3246 5649 humanitas,
3289 5582 3333 5635 si
3366 5581 3562 5636 inﬂatis

1983 5672 2278 5727 honoribus
2308 5671 2590 5739 evehatur,
2621 5672 2665 5726 si
2695 5672 3000 5727 divitiarum
3032 5674 3176 5729 mole
3199 5674 3573 5744 grandescant

1978 5766 2076 5819 sutl
2116 5766 2237 5820 ideo
2263 5778 2324 5820 se
2350 5764 2482 5819 dicit
2518 5766 2702 5820 divina
2732 5768 2899 5835 gratia
2930 5767 3221 5831 risitatum,
3249 5766 3372 5835 quia
3403 5767 3565 5820 dolo-

1979 5858 2125 5911 ribus
2147 5864 2197 5911 ct
2223 5856 2473 5926 periculi~~
2507 5856 2829 5926 prol-ahatur
2858 5858 3114 5924 allectus;
3146 5858 3357 5925 merito,
3391 5872 3563 5929 quana-
