4032 6340
522 363 625 420 819

1761 362 1831 421 Μ.
1874 360 2153 418 Αυηειλι
2191 360 2591 420 CASSIODORI

3687 365 3789 421 8:10

527 480 600 534 do
650 479 752 535 ista
796 476 1094 550 perducunt
1136 476 1201 531 ad
1230 476 1479 546 gloriam,
1529 475 1620 531 illa
1662 477 1999 547 praecipitant
2042 475 2107 530 ad
2141 481 2183 540 Α
2216 476 2432 531 sordem
2479 477 2761 535 Dominum
2805 479 3127 550 generaliter
3168 494 3291 536 esse
3334 478 3611 551 professus
3657 490 3787 534 est:

523 571 755 625 ruinam.
799 570 864 624 Et
888 569 1096 637 inspice
1128 571 1291 623 verba
1321 566 1583 637 simplicia
1616 569 1826 637 magnis
1855 567 2102 621 sensibus

524 674 647 715 esse
694 657 900 714 farcita.
943 658 1325 712 Circumdatum
1371 671 1430 711 se
1471 656 1600 711 dicit
1629 657 1925 722 doloribus;
1954 665 2008 711 et
2036 671 2104 712 ne

525 760 741 819 putares
773 751 1105 813 mediocres,
1144 750 1368 815 addidit,
1420 752 1619 806 mortis.
1662 751 1876 819 Adjecit
1917 750 2100 815 etiam,

526 847 715 918 inferni
744 847 991 914 pericula,
1020 862 1142 917 qum
1163 856 1375 901 constat
1406 847 1686 902 tormentis
1714 848 1962 902 omnibus
1983 863 2105 925 esse

530 939 796 1008 graviora.
822 938 1075 1008 Sequitur
1100 952 1335 1009 quoque,
1363 939 1662 995 invenerunt
1686 954 1785 1003 me,
1808 939 1955 1008 quasi
1989 939 2104 994 ino-

463 1054 473 1062 ο
530 1028 791 1097 piuatum,
822 1030 973 1099 quasi
996 1042 1269 1095 securum,
1310 1032 1461 1099 quasi
1493 1045 1522 1082 a
1550 1030 1764 1087 Domini
1794 1030 2105 1086 defensione

526 1120 868 1188 sepositum;
916 1130 973 1175 ut
1024 1121 1178 1175 facile
1220 1122 1449 1190 patuerit
1493 1120 1634 1191 capi,
1680 1136 1839 1193 quem
1882 1137 1911 1175 a
1959 1130 2105 1177 tanto

496 1224 503 1227 ·
529 1210 817 1281 contigerit
846 1212 1141 1267 munimine
1171 1213 1465 1282 segregari.

601 1302 752 1358 Vers.
783 1302 839 1358 4.
879 1302 1279 1359 Tribulationem
1311 1315 1357 1359 et
1383 1306 1608 1360 dolorem
1638 1305 1825 1371 iuveni,
1848 1315 1894 1359 et
1923 1322 2107 1361 nomen

535 1390 748 1448 Domini
773 1393 1019 1447 invocavi.
1066 1394 1232 1450 Audis
1258 1395 1637 1449 tribulationem
1668 1406 1716 1452 et
1749 1396 2006 1462 dolorem,
2054 1406 2108 1451 et

526 1485 772 1540 fortassis
783 1483 1069 1543 offenderis
1086 1503 1099 1555 ;
1127 1487 1220 1541 sed
1242 1502 1372 1556 quas
1389 1486 1601 1541 divitias
1620 1498 1766 1557 gerat
1785 1488 2105 1543 intrinsecus

527 1577 813 1632 thesaurus
842 1577 965 1643 iste,
993 1592 1280 1647 cognosce.
1323 1577 1415 1641 lla:
1442 1589 1566 1634 sunt
1596 1579 1965 1636 tribulationes
1988 1596 2105 1650 quze

525 1662 593 1717 ad
647 1664 930 1719 Dominum
974 1668 1278 1723 exclamare
1327 1667 1603 1733 fecerunt,
1655 1667 1706 1724 hi
1754 1668 1970 1724 dolores
2014 1671 2102 1739 qui

2212 585 2355 625 nunc
2394 580 2572 625 autem
2614 572 2987 629 universaliter
3035 574 3378 642 parvulorum
3426 588 3486 628 se
3514 572 3791 628 dicitesse

2205 666 2505 734 custodem,
2549 674 2606 723 et
2652 676 2838 737 postea
2890 668 3225 725 humiliatum
3272 677 3320 722 et
3358 667 3632 722 liberatum
3685 682 3792 720 esse

2207 756 2520 827 proclamat,
2568 766 2625 812 ut
2666 773 2760 827 per
2786 758 2930 814 hunc
2966 759 3208 814 ordinem
3253 772 3429 814 rerum
3480 756 3794 812 ostenderet

2206 849 2428 922 quodin
2458 849 2749 922 Evangelia
2789 852 3019 924 legitur;
3068 852 3313 923 quamvis
3356 851 3424 907 de
3450 850 3792 919 multisgcn-

2211 940 2357 996 tibus
2385 940 2455 995 sit
2481 950 2814 1013 aggregratus,
2844 959 3006 999 unum
3033 958 3248 1014 gregem
3283 942 3516 1007 Domini,
3541 950 3601 997 et
3625 956 3791 996 unum

2208 1029 2281 1085 illi
2305 1045 2426 1087 esse
2450 1040 2741 1103 pastorem.
2761 1032 2977 1089 Parvuli
3001 1033 3236 1105 suntqui
3260 1032 3360 1087 sibi
3382 1034 3688 1087 certissim
3717 1033 3794 1085 vi-

2209 1120 2404 1181 dentur
2423 1124 2595 1195 exigui
2621 1141 2635 1190 ;
2664 1124 2759 1179 sed
2782 1126 2895 1181 seta
2918 1124 3124 1182 Domini
3149 1123 3387 1193 largitate
3408 1128 3791 1196 grandeseunt.

2212 1212 2281 1269 Et
2328 1214 2449 1269 vide
2477 1215 2635 1282 quale
2667 1215 2889 1270 verbum
2936 1226 3020 1271 est
3062 1215 3292 1285 positum
3322 1232 3335 1268 :
3368 1214 3688 1278 custodiens,
3715 1212 3796 1268 di-

2210 1301 2309 1368 xit,
2335 1311 2587 1374 tanquam
2618 1314 2797 1374 pastor
2818 1305 3069 1372 eximius,
3100 1305 3191 1376 qui
3217 1319 3431 1375 gregem
3457 1318 3614 1357 suum
3638 1319 3670 1357 a
3701 1318 3791 1357 ra-

2210 1394 2325 1463 paci
2353 1393 2461 1462 lupi
2493 1394 2796 1450 incursione
2820 1394 3082 1451 delendit.
3115 1394 3219 1450 Sed
3253 1394 3459 1464 inspice
3482 1394 3621 1467 quod
3649 1392 3791 1446 ordi-

2190 1497 2336 1551 nem
2367 1497 2662 1553 congruum
2694 1499 2935 1551 servans,
2966 1486 3111 1554 prius
3138 1484 3485 1546 humiliatum,
3526 1492 3703 1554 postea
3727 1497 3787 1536 se

2210 1574 2469 1651 dicitesse
2495 1576 2798 1640 liberatum;
2853 1584 2912 1632 ut
2933 1576 3151 1632 vulnera
3192 1575 3379 1632 dolere
3405 1576 3553 1648 lusu.
3582 1575 3672 1638 A.,
3702 1572 3792 1639 8.,

2212 1661 2305 1732 ιθ..
2335 1664 2548 1720 dolores
2569 1663 2710 1737 esse}
2736 1680 2840 1721 non
2872 1667 3097 1735 possint,
3125 1682 3243 1736 qua:
3268 1665 3334 1721 ad
3364 1665 3656 1728 sanitatem
3683 1679 3795 1720 cte-

527 1757 918 1816 ntedicinaliter
944 1759 1102 1815 corda
1130 1769 1435 1829 punxerunt
1457 1801 1472 1827 ,
1520 1769 1579 1815 ut
1623 1761 1690 1815 ad
1719 1776 1901 1817 verum
1935 1763 2104 1817 medi-

2212 1754 2358 1810 lestis
2384 1756 2571 1812 Medici
2603 1772 2821 1813 munere
2844 1766 3221 1826 pervenerunt.

526 1864 649 1905 cum
699 1851 955 1907 clamaret
1002 1861 1267 1923 aegrotus,
1331 1852 1475 1909 unde
1524 1855 1708 1909 venire
1750 1854 2104 1909 indubitatum

494 1966 501 1975 ο
529 1950 738 2000 constat
764 1944 1044 2002 auxilium.
1075 1945 1142 2001 Et
1169 1946 1371 2017 inspice
1401 1947 1527 2017 quid
1560 1954 1757 2003 mutata
1792 1948 1906 2001 haec
1941 1948 2106 2004 verba

532 2036 869 2102 parturiant;
921 2037 1167 2107 superius
1209 2038 1295 2093 ubi
1343 2046 1533 2107 captus
1576 2049 1695 2104 est,
1748 2054 1777 2093 a
1827 2039 2107 2094 doloribus

529 2124 691 2201 390
717 2125 991 2187 inventum
1031 2141 1091 2184 se
1124 2127 1288 2184 dicit:
1322 2127 1411 2184 hic
1437 2128 1525 2185 ubi
1559 2129 1853 2188 remedium
1884 2131 2105 2197 reperit,

500 2219 783 2274 ‘iurenisse
813 2219 1022 2289 seipsos
1066 2220 1268 2274 dolores
1300 2219 1549 2275 asseruit.
1594 2219 1685 2276 lllc
1730 2221 1873 2275 enim
1900 2220 2108 2276 causas

531 2311 850 2366 calamitatis
885 2326 995 2368 sua:
1034 2313 1333 2383 cognoscit,
1362 2314 1454 2384 qui
1496 2327 1555 2368 se
1584 2311 1863 2378 amictum,
1896 2319 1953 2366 ut
1983 2326 2111 2366 ron-

532 2410 789 2467 vcrtatur,
836 2403 1101 2474 intelligit.
1143 2403 1272 2459 Nam
1306 2414 1359 2460 et
1391 2404 1631 2459 medicus
1658 2414 1782 2460 tunc
1824 2403 2107 2475 quaeritur,

532 2493 746 2563 quando
775 2497 979 2552 viscera
1011 2498 1241 2554 humana
1273 2498 1492 2553 morbus
1517 2497 1712 2569 aliquis
1737 2512 1959 2567 gravare
1988 2512 2110 2554 sen-

502 2596 505 2601 '
534 2583 684 2638 titur.
726 2584 1003 2657 Sequitur,
1029 2597 1079 2648 et
1103 2605 1285 2643 nomen
1321 2589 1530 2643 Domini
1555 2588 1804 2658 invocavi,
1836 2603 1940 2658 quo
1974 2603 2109 2658 prauo

528 2684 707 2733 stante
729 2687 782 2732 et
803 2678 957 2734 dolor
982 2690 1035 2735 et
1065 2680 1335 2735 tribulatio
1363 2679 1610 2735 celeriter
1637 2676 1997 2733 vincerentur.

584 2767 755 2830 'Vers.
786 2769 841 2826 5.
885 2768 931 2825 Ο
960 2767 1199 2838 Domine,
1234 2770 1392 2828 libera
1422 2771 1651 2825 animum
1680 2785 1841 2823 meum
1866 2769 1886 2823 .'
1912 2769 2109 2822 miseri-

508 2875 642 2918 ‘eors
686 2858 965 2929 Dominus,
1000 2870 1048 2918 et
1084 2867 1283 2935 justus,
1330 2872 1375 2920 et
1418 2863 1552 2917 Dens
1577 2872 1747 2925 noster
1791 2863 2107 2921 miserelitur

529 2951 683 3022 lisias.
714 2955 806 3020 A.,
839 2955 921 3023 8.,
956 2955 1039 3023 Ρη
1073 2954 1380 3026 miseretur].
1407 2957 1745 3011 Enumeratis
1767 2955 2107 3025 passionibus

527 3044 660 3109 suis,
711 3045 967 3116 propheta
998 3046 1143 3107 venit
1186 3042 1269 3101 ad‘
1297 3046 1590 3101 secundum
1641 3044 1961 3113 membrum,
2014 3046 2101 3099 ubi

2282 1844 2435 1901 Vers.
2464 1847 2520 1901 7.
2559 1843 2879 1915 Convertere,
2910 1850 3084 1906 anima
3117 1866 3249 1913 mea,
3282 1850 3336 1907 in
3358 1850 3587 1920 requiem
3614 1858 3754 1907 tuam
3771 1869 3794 1920 ;

2207 1938 2326 2008 quia
2377 1936 2625 1995 Dominus
2664 1941 2905 2013 benefecit
2957 1943 3049 1999 tibi
3078 1940 3203 2017 [ωε.
3238 1941 3307 1999 G.
3356 1951 3412 1999 et
3456 1943 3576 2010 ed.,
3622 1944 3790 2016 mihi].

2209 2029 2407 2095 Caufet
2457 2031 2558 2089 hoc
2589 2035 2766 2089 anima
2794 2050 2914 2089 cum
2948 2036 3233 2107 propheta,
3264 2051 3385 2106 qua:
3418 2038 3793 2108 peregrinatur

2209 2138 2238 2178 a
2277 2123 2521 2179 Domino.
2561 2125 2756 2181 Cantet
2784 2125 2886 2183 hoc
2928 2126 3044 2185 ovis
3086 2128 3175 2182 illa
3216 2143 3337 2197 qua:
3384 2136 3692 2195 erraverat,
3737 2138 3791 2184 et

2207 2213 2459 2279 Custodis
2488 2224 2700 2272 revecta
2746 2215 3007 2285 humeris,
3050 2220 3118 2274 ad
3170 2221 3351 2275 caulas
3382 2221 3588 2276 meruit
3612 2219 3785 2277 redire

2214 2306 2476 2363 Pastoris.
2515 2306 2705 2365 Cantet
2740 2308 2842 2364 hoc
2868 2308 3008 2364 [ilius
3034 2308 3125 2367 ille
3149 2310 3242 2382 qui
3269 2318 3512 2366 mortuus
3542 2310 3719 2371 fuerat
3741 2320 3795 2371 et

2211 2399 2422 2467 revixit,
2456 2400 2688 2467 perierat
2716 2407 2771 2456 et
2802 2400 3050 2467 inventus
3078 2410 3181 2456 est.
3222 2400 3414 2461 sztet
3435 2400 3541 2457 hoc
3568 2402 3793 2472 populus

2210 2491 2434 2548 devotus
2460 2492 2572 2563 qui,
2608 2494 2843 2563 pretioso
2864 2495 3124 2567 sanguine
3168 2493 3500 2564 redemptus,
3545 2495 3614 2551 ad
3655 2494 3794 2549 desi-

2210 2585 2449 2639 deratam
2482 2583 2724 2654 requiem
2753 2584 3036 2655 pervenire
3063 2585 3273 2640 Domini
3298 2584 3551 2653 largitate
3580 2599 3792 2654 prome-

2209 2675 2332 2730 ruit.
2374 2674 2710 2746 Quapropter
2733 2675 2966 2734 animam
2994 2689 3145 2731 suam
3174 2675 3417 2733 hortatur
3447 2675 3711 2747 pmpheta
3737 2682 3792 2729 ut

2211 2773 2533 2819 convertatur
2561 2763 2626 2818 ad
2654 2763 2958 2833 Dominum,
2990 2766 3131 2821 unde
3153 2765 3228 2821 illi
3259 2776 3311 2820 et
3342 2766 3629 2837 tranquilla
3651 2766 3793 2827 venit

2210 2859 2424 2932 requ’es
2453 2866 2509 2913 et
2529 2857 2752 2916 abolitio
2795 2868 3160 2930 peccatorum.
3202 2859 3371 2915 Suam
3409 2873 3538 2929 ergo
3564 2860 3791 2928 requiem
3849 2843 3867 2855 ’

2207 2947 2357 3017 dicit,
2387 2964 2505 3021 qua:
2534 2949 2607 3005 illi
2645 2949 2768 3005 data
2797 2959 2881 3006 est
2910 2966 3003 3021 per
3030 2951 3282 3021 gratiam,
3325 2966 3432 3009 non
3461 2953 3776 3006 meritarutn

2208 3043 2640 3111 compensatione
2663 3057 2929 3111 possessa.
2971 3043 3210 3114 Denique
3234 3044 3314 3099 sic
3343 3044 3579 3115 sequitur
3603 3060 3621 3098 ι
3645 3042 3783 3109 Quia

528 3112 789 3188 exclamat
812 3112 889 3189 ad
920 3133 1225 3202 Dominum,
1264 3142 1322 3189 ut
1346 3133 1519 3189 animo
1550 3133 1668 3207 ejus
1701 3146 1728 3187 a
1756 3112 2096 3204 peccatorum
2128 3112 2173 3173 (ἶ
2206 3130 2455 3187 Dominus
2484 3133 2724 3203 beitefccit
2753 3132 2864 3193 tibi.

505 3224 889 3291 *prol'unditate
936 3224 1213 3292 liberetur,
1261 3226 1398 3283 sicut
1441 3224 1569 3280 dicit
1614 3226 1943 3294 Apostolus:
1979 3225 2105 3291 Quis

529 3327 609 3367 itte
642 3313 874 3367 liberabit
900 3314 963 3367 de
999 3330 1209 3385 corpore
1241 3314 1418 3367 mortis
1446 3313 1638 3385 hujus?
1666 3312 1849 3368 Gratia
1896 3312 1989 3367 Dei
2016 3329 2106 3385 per

508 3400 707 3465 obsunt
726 3401 984 3457 Christum
1009 3403 1281 3458 Dominum
1311 3413 1538 3459 nostrum
1561 3405 1737 3477 (Rom.
1763 3420 1853 3471 vlt,
1878 3404 1968 3470 2t,
1991 3405 2101 3474 23).

531 3496 663 3559 Quae
694 3496 862 3565 ligura
889 3493 1085 3553 dicitur
1111 3496 1587 3568 proanaphonesis,
1621 3497 1810 3552 Latine
1840 3496 2106 3552 exclama-

518 3585 628 3647 tio.
658 3586 874 3655 quoties
903 3586 1043 3643 inter
1060 3588 1161 3641 alia
1189 3603 1308 3657 quae
1332 3587 1622 3659 loquimur,
1646 3588 1709 3642 ad
1734 3587 1902 3643 Deum
1927 3586 2107 3642 subito

529 3676 694 3732 verba
746 3678 1129 3734 convertimus.
1184 3678 1523 3755 Quapmpter
1571 3678 1954 3735 tribulationes
2005 3694 2107 3734 no-

529 3774 673 3824 atras
698 3774 754 3821 et
779 3767 994 3825 dolores
1031 3768 1443 3840 diligentissime
1488 3769 1668 3826 divino
1708 3786 1932 3827 munere
1981 3785 2103 3841 per-

520 3868 865 3928 scrutemur;
898 3862 1063 3918 latent
1088 3864 1230 3919 enim
1269 3863 1450 3931 altius,
1482 3871 1538 3920 et
1565 3863 1881 3934 plerumque
1920 3862 2106 3920 seaculi

529 3954 884 4013 delectatione
927 3957 1098 4011 velata
1140 3959 1445 4027 sopiuntur,
1475 3972 1595 4026 quas
1624 3957 1725 4012 nisi
1754 3956 1936 4011 divino
1959 3956 2109 4027 adju«

533 4047 669 4098 tor-:0
690 4060 1016 4121 quia-ramus,
1042 4047 1361 4103 intrinsecus
1386 4062 1570 4104 vocem
1615 4047 1772 4104 istam
1817 4048 2104 4102 salutarem

528 4146 773 4196 cruciare
796 4152 908 4194 nou
941 4154 1009 4208 po
1039 4146 1243 4196 sumus.
1284 4138 1413 4194 Nam
1459 4156 1579 4195 cum
1609 4139 1759 4207 dicit,
1787 4138 1946 4193 libera
1987 4140 2105 4193 ani-

528 4245 667 4284 mans
687 4246 870 4295 nteant,
900 4231 1184 4288 confitetur
1207 4247 1324 4288 eam
1354 4234 1469 4288 sine
1494 4233 1719 4288 Domino
1744 4246 1960 4301 semper
1984 4246 2107 4288 esse

520 4320 815 4389 captivam.
855 4321 1129 4392 Sequitur,
1151 4324 1436 4380 misericors
1462 4323 1733 4389 Dominus,
1763 4331 1811 4377 et
1831 4326 2028 4395 justus,
2056 4333 2103 4377 et

2277 3223 2431 3281 Vers.
2462 3225 2515 3281 8.
2559 3226 2695 3291 Quia
2731 3226 2917 3296 eripuit
2941 3226 3165 3279 animant
3192 3242 3353 3283 meam
3378 3227 3440 3280 de
3464 3236 3649 3292 morte,
3679 3241 3793 3279 ocu-

2207 3317 2286 3370 los
2315 3332 2460 3386 meos
2480 3317 2793 3385 alacrymis,
2824 3318 2977 3389 pedes
2999 3333 3136 3373 meos
3164 3333 3197 3371 α
3228 3317 3401 3387 lapsu.
3443 3318 3791 3374 Declarantur

2205 3421 2380 3463 causa:
2408 3421 2573 3477 quare
2607 3407 2849 3475 superius
2878 3406 3071 3469 dixerit
3096 3426 3110 3462 :
3147 3406 3281 3474 Quia
3312 3407 3570 3462 Dominus
3597 3408 3792 3478 benefa-

2206 3499 2275 3554 cit
2314 3498 2427 3552 tibi.
2474 3497 2579 3554 Sed
2623 3498 2738 3554 haec
2788 3499 3149 3569 intelligamus
3190 3500 3546 3570 prtescientias
3596 3492 3791 3555 virtute

2211 3591 2526 3662 prophetam
2556 3590 2738 3648 dicere
2765 3590 2833 3647 de
2858 3592 3038 3648 luturo
3065 3611 3079 3646 :
3112 3590 3363 3663 quoniam
3393 3593 3576 3647 adhuc
3607 3594 3661 3647 in
3690 3594 3791 3648 isto

2208 3682 2410 3739 stmulo
2437 3682 2735 3739 viventibus
2760 3682 3049 3738 convenire
3076 3698 3184 3737 non
3215 3693 3458 3753 possunt.
3492 3684 3587 3739 Ait
3608 3683 3789 3743 enim:

2212 3771 2418 3842 Eripu‘t
2444 3773 2670 3831 animum
2714 3787 2879 3830 meum
2922 3773 2988 3826 de
3014 3782 3196 3831 morte.
3234 3773 3443 3829 Anime
3492 3775 3693 3843 quippe
3713 3774 3791 3843 jn-

2208 3874 2442 3930 storum,
2466 3878 2589 3919 cum
2619 3862 2689 3919 de
2718 3863 2824 3919 isto
2849 3865 3048 3918 stet-qu
3070 3871 3374 3930 transeunt,
3403 3864 3474 3919 ab
3500 3864 3589 3919 illa
3617 3878 3787 3919 rut-rte

2210 3956 2523 4022 liberantur,
2569 3956 2637 4013 de
2674 3971 2778 4027 qua
2822 3956 2875 4012 in
2925 3958 3216 4029 Evangelio
3252 3959 3459 4013 dictum
3493 3967 3611 4013 est:
3652 3958 3778 4013 Sine

2210 4057 2436 4105 mortuos
2457 4048 2701 4117 sepeliant
2732 4058 2957 4104 mortuos
2981 4066 3102 4104 suos
3131 4048 3285 4119 (Luc.
3311 4064 3389 4116 ts,
3422 4050 3539 4118 60).
3572 4048 3639 4104 Et
3662 4065 3784 4105 cum

2209 4138 2362 4205 dicit,
2407 4140 2616 4210 eripuit,
2667 4138 2989 4198 beneﬁcium
3034 4141 3228 4199 divina:
3257 4141 3475 4197 virtutis
3521 4142 3781 4207 ostendit,

2207 4229 2330 4301 quia
2360 4230 2460 4286 nisi
2487 4244 2582 4301 per
2608 4229 2726 4300 ejus
2770 4232 3059 4302 potentiam
3108 4245 3219 4289 non
3255 4232 3513 4287 valuisset
3537 4246 3572 4286 a
3607 4240 3789 4287 morte

2213 4330 2466 4393 perpetua
2511 4323 2748 4379 liberari.
2781 4323 3056 4393 Sequitur,
3090 4324 3267 4381 oculos
3294 4338 3428 4376 meos
3457 4340 3491 4375 a
3522 4324 3788 4393 tangatis.

520 4413 670 4468 Deus
701 4423 869 4469 noster
895 4417 1179 4471 miseretur.
1213 4417 1268 4471 ltt
1297 4417 1557 4487 superiori
1587 4426 1856 4472 commate
1887 4412 2104 4471 liberati
2137 4417 2181 4475 D
2208 4413 2435 4472 Cessent
2475 4415 2655 4486 utique
2702 4415 2954 4487 lacrymte
3014 4422 3365 4480 sanctorum,
3410 4414 3636 4484 quando
3676 4414 3784 4483 jam

526 4507 681 4579 petiit
704 4505 933 4567 animam
965 4523 1139 4575 suam,
1187 4509 1272 4565 hic
1312 4520 1488 4565 autem
1519 4510 1782 4580 promittit
1823 4506 2104 4565 Dominum

521 4598 903 4653 misericordem
939 4609 984 4653 et
1005 4603 1247 4672 justum;
1286 4610 1343 4655 ιιι
1372 4615 1472 4656 nec
1502 4601 1617 4671 ipse
1645 4600 1698 4655 itt
1727 4600 1813 4655 illa
1845 4601 2103 4670 petitione

523 4690 670 4763 |’mss.
699 4689 789 4753 Α..
826 4687 911 4756 8.,
946 4687 1040 4757 F.,
1086 4690 1421 4763 liberatione]
1475 4692 1747 4747 dubitasse
1800 4691 2098 4761 videretur,

522 4796 623 4836 nec
641 4780 777 4838 alios
799 4780 994 4839 faceret
1016 4781 1179 4837 anxia
1201 4783 1472 4841 voluntate
1495 4783 1749 4854 pendere.
1782 4782 2096 4849 Misericors,

520 4874 643 4941 quia
676 4872 749 4933 illi
774 4873 1042 4933 inclinavit
1073 4888 1249 4926 aurem
1276 4889 1422 4927 suam
1443 4890 1462 4939 ;
1484 4874 1671 4941 iustus,
1702 4873 1949 4942 quoniam
1979 4887 2100 4927 cor-

520 4964 684 5031 ripuit
726 4972 1061 5031 peccatorem
1096 4963 1162 5018 ad
1204 4963 1413 5019 veniam
1444 4962 1846 5034 requirendam.
1889 4961 2101 5018 Misere-

518 5056 675 5120 bitur,
725 5070 846 5114 cum
891 5056 1079 5123 recipit
1131 5055 1298 5111 ﬁlium
1328 5070 1486 5126 quem
1535 5055 1787 5127 ﬂagellat.
1830 5053 1984 5111 Unde
2011 5069 2100 5108 co-

518 5162 720 5218 gnosce
756 5139 870 5203 haec
896 5149 993 5205 tria
1023 5148 1192 5219 posita
1221 5148 1286 5202 ad
1317 5148 1658 5219 fragilitatem
1691 5145 1909 5200 lmmani
1939 5160 2099 5215 gene-

518 5241 595 5294 ris
624 5237 1016 5310 instruendam,
1045 5253 1164 5307 qunt
1188 5238 1370 5293 smculi
1402 5236 1855 5293 delectationibus
1882 5235 2115 5290 inhian--

519 5332 623 5396 do,
682 5344 908 5401 asperos
947 5337 1096 5400 putat
1135 5330 1354 5389 dolores
1399 5330 1492 5401 qui
1547 5343 1645 5399 pro
1684 5328 1861 5385 salute
1904 5328 2100 5385 anima:

519 5424 888 5481 conferuntur.

595 5515 745 5571 Vers.
774 5514 827 5570 6.
867 5515 1170 5571 Custodiests
1198 5515 1442 5588 paruulos
1470 5511 1721 5568 Dominus
1747 5530 1764 5575 ;
1793 5512 2093 5569 humiliatus

516 5622 649 5674 sum,
671 5616 720 5661 et
747 5608 971 5664 liberavit
999 5626 1097 5664 me.
1144 5608 1199 5664 In
1231 5621 1476 5678 magnam
1502 5605 1944 5676 signiﬁcationem
1967 5620 2096 5673 pra:-

517 5698 807 5765 posteravit
842 5698 1107 5765 ordinem,
1155 5712 1316 5766 quem
1364 5696 1610 5761 superius
1652 5695 1805 5748 dixit.
1856 5694 2095 5750 Liberari

517 5790 658 5843 enim
686 5787 857 5857 primo
904 5790 1056 5858 petiit
1081 5787 1317 5842 animam
1357 5797 1531 5850 suam,
1582 5793 1637 5837 et
1675 5795 1857 5853 postea
1886 5785 2096 5840 miseri-

2211 4520 2356 4561 mors
2375 4505 2569 4564 anima:
2595 4521 2701 4561 non
2730 4506 2987 4575 probatur
3010 4520 3135 4565 esse
3160 4514 3412 4575 suspecta
3438 4520 3456 4569 ;
3508 4520 3621 4560 non
3648 4507 3791 4562 enim

2209 4599 2261 4652 in
2290 4597 2576 4657 securitate
2607 4597 2895 4668 plangitur,
2943 4597 3038 4654 sed
3070 4597 3122 4653 in
3170 4598 3275 4653 isto
3312 4612 3485 4668 mone
3511 4598 3604 4652 ubi
3646 4596 3792 4651 cata.

2208 4691 2364 4747 mitas
2392 4698 2613 4755 ventura
2644 4692 2915 4747 metuitur.
2943 4691 3184 4758 Addidit,
3212 4693 3368 4761 pedes
3390 4708 3527 4748 meas
3556 4708 3591 4745 ι
3621 4694 3789 4763 lapsu.

2206 4781 2337 4837 Cum
2386 4780 2538 4847 dicit,
2586 4798 2618 4835 a
2666 4782 2835 4853 lapsu,
2878 4783 3116 4838 ostendit
3159 4783 3424 4839 lubricum
3456 4790 3516 4838 et
3561 4797 3787 4851 pronum

2205 4887 2327 4928 esse
2358 4878 2654 4941 peccatum.
2686 4872 2792 4930 Sed
2833 4874 2968 4931 bene
2992 4874 3101 4930 illic
3129 4889 3235 4930 non
3266 4873 3590 4930 formidatur
3615 4875 3787 4936 ruina,

2208 4962 2294 5016 ubi
2317 4962 2428 5031 jam
2458 4970 2541 5017 est
2576 4970 2779 5017 aeterna
2812 4965 3163 5033 prosperitas.
3204 4963 3337 5018 Nam
3371 4964 3424 5017 itt
3458 4964 3563 5017 isto
3592 4962 3786 5017 sarculo

2204 5058 2476 5112 eon~tituti
2526 5056 2689 5128 (sicut
2729 5058 2931 5113 dictum
2959 5058 3063 5126 est)
3096 5067 3150 5113 et
3181 5066 3408 5113 mortem
3436 5057 3637 5111 animm
3662 5055 3783 5125 justi

2202 5151 2410 5213 timent,
2439 5158 2493 5203 et
2523 5148 2735 5207 assidue
2767 5149 3031 5220 lacrymas
3078 5148 3329 5214 fundunt,
3378 5156 3425 5202 et
3456 5149 3614 5219 pedes
3664 5161 3783 5199 suos

2200 5254 2232 5291 a
2260 5238 2412 5307 lapsu
2442 5252 2546 5292 non
2567 5237 2795 5293 credunt
2820 5239 3087 5292 ullatenus
3114 5238 3347 5292 alienos.
3385 5237 3482 5290 llic
3512 5237 3661 5292 enim
3685 5235 3780 5289 eol-

2199 5330 2417 5385 luctatio
2461 5336 2564 5395 est,
2617 5337 2671 5383 et
2722 5328 2842 5383 ideo
2886 5338 3079 5387 cuncta
3125 5328 3223 5383 sub
3253 5335 3399 5381 metu
3425 5336 3590 5388 sunt;
3646 5325 3780 5378 unde

2200 5418 2545 5488 intelligimus
2574 5418 2656 5474 his
2681 5420 2853 5474 tribus
2886 5418 3140 5488 periculis
3169 5418 3448 5487 subiacere
3478 5432 3655 5485 genus
3681 5417 3774 5470 ltu-

2202 5526 2440 5577 manum,
2472 5508 2610 5579 quod
2642 5509 2817 5565 adhuc
2846 5509 2897 5565 in
2929 5509 3085 5564 istius
3114 5509 3239 5563 vitta
3264 5507 3649 5563 colluctatione
3674 5522 3779 5561 ver-

2202 5611 2371 5657 satur.
2414 5601 2544 5656 Nam
2576 5600 2697 5655 vide
2731 5600 2854 5671 quid
2884 5600 3145 5671 sequitur.

2274 5694 2427 5748 Vers.
2462 5694 2516 5746 9.
2557 5691 2780 5747 Placebo
2813 5692 3037 5749 Domino
3064 5693 3117 5747 in
3151 5693 3353 5765 regione
3381 5694 3625 5747 vivorum.
3657 5692 3777 5747 Per-

2200 5784 2543 5839 scrutandutn
2576 5794 2650 5839 est
2685 5799 2847 5855 quare
2876 5786 3065 5841 dixerit
3094 5786 3161 5841 de
3190 5788 3387 5850 futuro,
3420 5785 3635 5841 Placrbo
3679 5784 3776 5837 le-
