4032 6340
249 333 346 388 891

250 551 586 598 mortuorum
615 544 856 610 placeant
879 545 1074 605 sancti,
1107 543 1194 612 qui
1225 552 1346 594 stint
1371 540 1575 596 .ludicis
1597 558 1690 593 ore
1722 541 1836 593 lau-

247 633 364 688 dati
393 650 408 699 ;
439 649 560 688 cum
584 641 641 688 et
661 633 712 686 itt
735 633 928 688 Genesi
957 634 1188 704 legatur:
1223 631 1424 685 Placuit
1456 631 1632 684 Enoclt
1662 648 1836 684 coram

245 711 384 791 Deo,
414 735 459 780 et
487 725 747 779 transtulit
777 725 923 778 illum
975 724 1112 778 Deus
1139 723 1294 793 (Gen.
1329 739 1382 789 v,
1417 723 1529 794 Ἡ).
1571 724 1670 777 .lob
1701 739 1834 792 quo-

244 832 356 886 que
388 817 596 870 Domini
631 831 764 872 voce
797 817 1039 868 laudatus
1061 825 1142 868 est
1171 813 1293 885 (Job
1323 829 1359 880 ι,
1386 813 1462 884 8).
1499 813 1562 867 Et
1586 813 1636 866 in
1663 813 1837 866 Evan-

246 907 393 974 gelio
426 906 493 970 de
524 906 852 960 Nathanaele
897 904 1011 974 ipse
1050 903 1305 958 Dominus
1340 903 1507 958 dicit:
1553 901 1684 956 Ecce
1726 919 1834 956 rere

247 997 517 1066 Israelita,
552 1000 599 1051 in
629 1015 730 1066 quo
755 997 903 1050 dolus
929 1014 1028 1049 non
1055 1007 1126 1049 est
1158 996 1338 1064 (Joan.
1371 1012 1406 1059 I,
1439 996 1553 1065 47).
1589 996 1693 1049 Sed
1727 995 1832 1060 hic,

244 1092 482 1162 placebo,
529 1091 682 1153 dixit,
711 1089 820 1158 jam
863 1103 1103 1148 securus.
1150 1089 1260 1158 jam
1295 1088 1385 1157 qui
1415 1088 1701 1154 displicere
1725 1103 1834 1142 non

248 1182 477 1252 possim,
523 1197 622 1238 nec
669 1182 955 1251 quidquam
997 1181 1214 1235 dubium
1257 1179 1561 1243 sustinebo,
1596 1180 1831 1248 quando,

246 1275 321 1328 sic
332 1282 389 1327 ut
409 1273 695 1343 Apostolus
715 1272 868 1336 dicit,
887 1270 1026 1325 Mors
1043 1271 1280 1340 absorpta
1305 1272 1456 1340 fuerit
1479 1274 1530 1324 in
1546 1271 1831 1336 victoriam,

244 1377 296 1424 ct
322 1366 650 1436 corruptibile
679 1367 775 1418 hoc
813 1365 1036 1418 indurrit
1062 1365 1515 1432 incorruptionem,
1549 1373 1593 1415 et
1621 1362 1836 1416 nio-tale

246 1457 347 1512 hoc
391 1457 610 1510 induerit
657 1456 1092 1509 immortalitatem
1129 1453 1184 1520 (1
1230 1454 1350 1511 Cor.
1394 1470 1484 1516 sv.
1531 1453 1660 1520 5i);
1709 1463 1834 1508 tunc

244 1550 396 1604 cnim
451 1548 580 1618 justi
631 1548 702 1601 ita
759 1548 1026 1616 placebunt
1069 1546 1328 1612 Domino,
1385 1558 1442 1600 ut
1487 1546 1717 1601 ulterius
1765 1545 1833 1601 de

253 1650 590 1710 peceatorum
640 1638 962 1694 adversitate
1023 1638 1157 1692 nihil
1204 1645 1465 1693 metuant.
1522 1635 1589 1691 In
1630 1636 1834 1707 regione

252 1735 518 1794 uiuorum,
567 1731 732 1796 dixit,
785 1731 837 1784 in
881 1730 1294 1799 congregatione
1336 1739 1682 1794 sanctorum,
1741 1728 1832 1782 ubi

1172 332 1534 389 EXPUSITID
1575 332 1637 387 IN
1686 331 2146 389 PSALTElllUM.
2186 331 2375 388 PSAL.
2407 331 2570 388 CXV.

251 448 392 502 mino
409 448 463 503 in
488 447 694 519 regione
724 448 970 510 vicorum,
1001 448 1150 517 quasi
1183 463 1288 501 non
1317 455 1372 499 et
1398 447 1481 498 hic
1518 446 1572 499 in
1619 446 1834 514 regione
1862 449 1910 504 Α

3416 331 3521 387 8‘2‘2

2467 443 2734 512 Expositio
2775 446 2978 515 psalmi.
3229 418 3253 444 ‘

2015 533 2164 589 Vers.
2196 536 2247 589 l.
2288 533 2530 601 Credidi,
2570 546 2779 608 propter
2816 538 2954 608 quod
2995 537 3194 594 locutus
3221 553 3332 592 sum
3358 552 3378 592 .'
3423 553 3519 609 ego

1944 635 2114 696 autem
2135 626 2436 681 humiliatus
2469 645 2582 683 sum
2631 631 2803 683 nimis.
2846 630 3132 700 Martyrum
3166 629 3392 700 populus
3421 630 3514 685 ille

1938 721 2266 776 reverendus
2294 723 2539 776 ordinem
2570 723 2683 777 veri
2713 722 2977 793 dogmatis
3007 738 3249 790 servans,
3282 725 3429 793 prius
3457 738 3519 779 se

1937 809 2067 866 dicit
2096 813 2390 881 credidisse,
2420 823 2478 868 et
2504 825 2688 884 postea
2720 815 2885 870 fuisse
2915 817 3266 884 prolocutum,
3300 826 3518 885 propter

1939 900 2061 956 illos
2091 903 2296 957 scilicet
2320 904 2695 972 destruendus,
2741 907 2830 976 qui
2862 907 3122 961 veraciter
3155 922 3260 962 non
3293 907 3516 964 creden-

1939 999 2040 1056 tes,
2074 992 2329 1047 all'cctant
2374 994 2442 1050 de
2472 994 2589 1064 ejus
2626 995 2801 1065 aliqua
2833 996 3126 1065 przcdicare
3158 995 3511 1066 magnalibus.

1937 1081 2064 1138 Post
2094 1099 2274 1140 veram
2306 1086 2568 1155 siquidem
2601 1087 2756 1141 tidem
2787 1098 2969 1142 sancta
2993 1088 3149 1143 debet
3179 1090 3364 1143 venire
3385 1102 3516 1142 con-

1935 1173 2123 1241 fessio,
2157 1192 2224 1231 ne
2274 1178 2402 1233 illud
2432 1179 2614 1234 audiat
2647 1179 3024 1248 importunus:
3061 1179 3322 1233 Peccatori
3348 1188 3515 1231 autent

1933 1268 2065 1322 dixit
2096 1268 2274 1325 Deus:
2301 1271 2472 1337 Quare
2491 1282 2546 1326 tu
2567 1288 2776 1327 (narras
2788 1274 3015 1343 justitias
3032 1271 3350 1344 measU’sal.
3368 1287 3512 1337 ms,

1940 1359 2028 1428 16)
2057 1361 2080 1411 ‘l
2109 1361 2383 1431 Sequitur,
2416 1379 2505 1432 ego
2536 1373 2702 1416 autem
2749 1365 3048 1418 humiliatus
3086 1381 3198 1418 sum
3238 1365 3407 1418 nimis.
3440 1364 3517 1419 Ne

1938 1451 2265 1524 intelligeres
2314 1453 2721 1525 pradicatioues
2771 1455 3140 1510 veracissimas
3191 1457 3513 1520 humiliatus,

1933 1563 2054 1618 qua:
2087 1557 2233 1604 tanta
2285 1550 2403 1618 plus
2432 1551 2734 1605 enitescant
2763 1559 2962 1620 quanto
2992 1551 3220 1619 amplius
3263 1565 3510 1619 persecu-

1938 1650 2111 1696 torum
2151 1642 2329 1696 studio
2367 1644 2810 1712 comprimuntur.
2865 1645 2935 1697 Se
2975 1641 3103 1696 dicit
3136 1657 3244 1696 esse
3279 1642 3514 1696 humilia-

1937 1744 2066 1801 tion,
2097 1735 2217 1804 quia
2249 1745 2427 1790 sancta
2454 1737 2710 1804 religione
2729 1743 3026 1802 crescente,
3059 1733 3161 1806 ipsi
3197 1733 3516 1789 videbantur

253 1823 432 1878 ouinis
459 1822 640 1876 vivens
672 1837 857 1876 revera
881 1822 1172 1890 colligitur,
1195 1829 1250 1875 et
1269 1836 1298 1874 a
1323 1821 1664 1877 morientium
1688 1830 1835 1877 sorte
1867 1823 1914 1883 B
1942 1827 2113 1896 pmnis
2145 1827 2525 1896 temporalibus
2553 1827 2851 1896 subiacere.

255 1926 572 1988 separatur,
608 1918 744 1973 sicut
783 1919 834 1973 in
881 1917 1170 1989 Evangelio
1206 1916 1463 1972 Dominus
1509 1917 1640 1972 dicit
1673 1933 1689 1969 :
1733 1917 1833 1982 Qui

252 2011 417 2064 credit
453 2011 507 2063 in
550 2026 650 2077 me,
689 2009 899 2065 transiet
937 2009 1002 2062 de
1040 2016 1202 2064 morte
1236 2008 1306 2063 ad
1346 2009 1502 2063 vitam
1545 2006 1738 2080 (Joan.
1777 2022 1830 2074 v,

252 2100 370 2164 ει).

783 2210 1055 2268 Conclusio
1088 2212 1294 2281 psalmi.

325 2325 586 2380 Salutarie
628 2327 812 2396 psalmi
847 2326 999 2380 istius
1030 2325 1325 2381 intentione
1358 2333 1613 2393 tractata,
1647 2333 1833 2383 contra

252 2417 438 2471 mundi
468 2417 680 2473 dolores
700 2418 864 2472 animi
899 2417 1266 2473 fortitudinem
1296 2418 1552 2474 debemus
1575 2418 1830 2488 objiccre.

255 2507 525 2571 Dicamus,
554 2509 691 2562 sicut
719 2508 950 2578 psalmus
977 2508 1228 2564 inchoat:
1255 2507 1448 2574 Dilexr’,
1479 2513 1718 2579 quoniam
1747 2527 1836 2564 ex-

252 2599 451 2652 audirit
491 2597 747 2652 Dominus
778 2615 945 2652 roccm
974 2599 1345 2669 deprecationis
1385 2616 1509 2654 mea:
1532 2617 1549 2654 :
1572 2601 1693 2670 quia
1727 2615 1831 2656 non

252 2701 338 2744 est
364 2704 516 2760 paena
542 2707 661 2761 quae
691 2701 989 2760 prommet,
1033 2707 1136 2744 non
1169 2702 1251 2746 es:
1279 2692 1432 2746 dolor
1463 2692 1551 2761 qui
1587 2691 1835 2760 perducit

253 2781 320 2834 ad
350 2781 628 2852 requiem;
677 2797 776 2836 nec
807 2781 974 2836 durus
1017 2782 1364 2836 mstimattdus
1395 2791 1477 2838 est
1526 2783 1699 2848 fletus,
1743 2782 1834 2854 qui

253 2885 455 2928 aeterna
487 2874 678 2946 gaudia
725 2875 1113 2930 subministrat.
1155 2875 1498 2931 lntendamus
1540 2879 1680 2932 cnim
1728 2893 1834 2933 nou

249 2965 396 3036 quod
449 2967 699 3036 patimur,
753 2967 845 3021 sed
897 2969 1035 3038 quod
1088 2984 1387 3037 speramus,
1441 2979 1496 3024 ct
1543 2972 1835 3040 temporale

251 3059 454 3113 malum
487 3059 598 3113 sine
631 3060 960 3115 dubitatione
993 3062 1256 3115 mollescit
1278 3103 1293 3128 ,
1343 3062 1499 3133 391
1531 3062 1682 3132 cujus
1714 3079 1837 3131 pro-

251 3153 551 3220 Sperrimtts
593 3152 882 3208 intenditur
928 3153 1066 3208 linis.
1109 3153 1372 3223 llogcmus
1421 3169 1547 3222 ergo
1591 3153 1833 3222 omnipo-

253 3246 477 3299 tentiam
529 3244 750 3309 Clu-isd,
805 3246 894 3313 qui
946 3244 1061 3300 ha3c
1102 3246 1249 3299 solus
1294 3245 1432 3299 valet
1472 3245 1832 3301 ina:stimabili

252 3337 452 3391 virtute
496 3351 792 3405 superare;
841 3346 896 3391 ut
921 3338 1038 3393 acie
1071 3338 1413 3406 malignitatis
1457 3338 1702 3399 infracta,
1736 3351 1834 3393 nec

254 3431 344 3483 illa
371 3429 525 3484 nobis
555 3431 774 3484 omnino
823 3431 951 3484 liant
983 3445 1196 3498 aspera,
1230 3446 1348 3500 quze
1394 3446 1535 3485 nunc
1583 3431 1832 3486 videntur

248 3521 490 3576 austera.
533 3522 623 3576 Sic
669 3520 812 3575 enim
846 3522 1072 3576 Domino
1117 3523 1169 3576 in
1203 3523 1423 3591 regione
1451 3526 1694 3577 vivorum
1722 3523 1835 3592 pla-

247 3613 515 3675 oebimus,
543 3613 591 3668 si
621 3613 670 3666 in
699 3613 799 3666 hoc
825 3613 1023 3668 stuculo
1054 3613 1377 3668 mortiﬁcare
1401 3621 1581 3669 nostra
1609 3627 1834 3683 corpora

250 3722 352 3776 pro
377 3705 544 3774 ipsius
573 3706 758 3774 gloria:
792 3705 1008 3759 nomine
1035 3705 1368 3760 festinemus.

527 3844 883 3901 EXPUSITIO
924 3845 989 3899 ΙΝ
1037 3845 1362 3903 ΡΞΑΜΙΠΜ
1400 3845 1563 3902 CXV.

924 3957 1171 4014 Alleluia.

332 4069 424 4125 Sic
451 4069 602 4125 debet
627 4070 780 4128 nobis
810 4069 1095 4139 aliquando
1125 4069 1334 4124 Domini
1368 4069 1482 4124 laus
1513 4070 1834 4136 increscere,

262 4170 324 4214 ut
361 4175 462 4213 non
490 4161 807 4214 alleluiatica
855 4161 1122 4230 possimus
1163 4160 1354 4231 gaudia
1405 4160 1668 4215 fastidire.
1724 4161 1837 4215 Vox

257 4252 526 4317 fidelium,
558 4268 736 4308 sermo
765 4253 1060 4320 beatorum,
1101 4254 1393 4308 modulatio
1421 4263 1606 4308 sancta
1637 4268 1838 4309 canen-

259 4346 421 4410 tium,
456 4345 597 4398 unde
635 4355 685 4398 et
737 4344 947 4398 auditus
973 4359 1261 4414 corporeus
1289 4345 1525 4398 suaviter
1555 4344 1834 4412 delinitur,

255 4445 315 4490 et
340 4438 512 4490 anima
548 4437 684 4490 fessa
715 4436 917 4490 ('azlesti
947 4436 1046 4491 del.
1067 4440 1302 4491 ctatione
1342 4447 1635 4491 recreatur.
1669 4438 1838 4492 Intro-

251 4529 500 4584 ducenda
531 4539 656 4584 sunt
679 4532 819 4583 enim
852 4539 1142 4598 martyrum
1192 4529 1374 4593 verba,
1423 4531 1508 4596 qui
1536 4538 1591 4582 et
1625 4529 1835 4583 confes-

253 4620 412 4674 sione
449 4620 680 4691 gloriOsa
708 4620 851 4691 [mss.
883 4621 970 4687 .4.,
1001 4618 1083 4682 8.,
1119 4617 1209 4686 F.,
1242 4619 1594 4674 confessionis
1637 4617 1832 4691 gloria]

256 4715 566 4782 viguerunt,
599 4723 651 4768 et
681 4713 926 4782 passione
960 4713 1187 4767 mirabili
1220 4728 1439 4768 munera
1468 4724 1590 4768 sunt
1621 4714 1832 4768 Domini

254 4822 300 4860 CI
313 4818 555 4859 IllSCCllll.

831 4918 1026 4974 Divisio
1052 4919 1257 4988 psalmi.

334 5037 438 5092 Per
485 5044 651 5092 totum
707 5035 846 5089 hunc
878 5036 1139 5104 psalmum
1188 5035 1501 5090 iovictorum
1543 5046 1834 5107 martyrum

260 5133 423 5188 verba
450 5131 771 5185 referuntur.
816 5127 990 5184 Prinla
1023 5129 1286 5198 positione
1329 5131 1585 5185 beneficia
1620 5131 1830 5185 Domini

257 5230 709 5291 conmemorant,
738 5222 930 5291 quibus
978 5235 1100 5275 cum
1147 5221 1454 5276 hmsitarent
1495 5223 1618 5290 quid
1652 5224 1730 5275 eis
1757 5222 1839 5276 di-

258 5330 424 5385 gnum
452 5317 711 5384 potuisset
738 5313 908 5378 reddi,
960 5314 1194 5367 occurrit
1220 5314 1400 5382 utique
1441 5315 1709 5382 gloriosus
1739 5331 1836 5370 ca-

260 5411 329 5464 lix
372 5409 463 5463 ille
487 5407 746 5477 martyrii,
779 5407 868 5475 qui
895 5415 1070 5461 tamen
1096 5404 1303 5459 Domini
1337 5406 1578 5474 largitate
1621 5418 1840 5476 prmsta-

259 5514 366 5559 tur.
427 5501 692 5564 Secunda,
746 5501 943 5554 chorus
988 5503 1101 5568 ipse
1143 5514 1354 5552 servum
1397 5514 1456 5552 se
1503 5499 1739 5566 Domini,
1786 5508 1840 5554 et

262 5595 430 5648 lilium
464 5590 718 5645 Ecclesia:
747 5590 1026 5643 catholica:
1059 5591 1334 5658 prolitetur
1360 5606 1372 5642 :
1402 5604 1465 5643 ne
1490 5599 1682 5658 praeter
1712 5589 1837 5645 lide-

258 5687 492 5741 lissimos
539 5685 682 5737 viros
733 5683 842 5737 Dco
897 5683 1123 5752 placitos
1186 5683 1558 5739 lttcrcticorum
1623 5699 1836 5753 quoque

257 5777 517 5848 quispiam
545 5784 753 5844 putaret
781 5789 899 5829 esse
931 5775 1261 5845 martyrium.

2010 1917 2162 1972 Vcrs.
2200 1917 2254 1973 2.
2298 1918 2412 1988 Ego
2448 1919 2556 1972 dixi
2593 1919 2646 1972 in
2685 1935 2892 1973 excissa
2927 1919 3080 1991 [mss.
3121 1919 3223 1985 A.,
3252 1919 3336 1985 8.,
3380 1915 3512 1990 meo]

1935 2012 2117 2066 mentis
2139 2026 2269 2065 metu
2297 2027 2316 2066 :
2362 2012 2542 2064 Omnis
2571 2010 2722 2064 homo
2757 2013 2992 2065 mendax.
3036 2010 3112 2066 Ne
3165 2011 3306 2066 illam
3355 2027 3508 2065 vera-

1936 2102 2206 2157 cissimam
2253 2101 2647 2157 confessionem
2697 2117 2878 2171 quam,
2931 2103 3157 2160 Domino
3205 2110 3510 2171 pra-stante,

1936 2201 2272 2261 Susceperat,
2299 2193 2490 2262 aliquis
2519 2202 2728 2263 putaret
2759 2193 3064 2248 mortalium
3107 2193 3307 2248 viribus
3340 2194 3512 2262 appli-

1936 2281 2188 2350 candam,
2220 2283 2346 2351 quid
2377 2285 2650 2352 proprium
2685 2283 2990 2339 humanitas
3016 2284 3224 2351 habeat,
3253 2285 3367 2353 ipse
3400 2301 3518 2352 [ιιι.-

1938 2371 2144 2439 litetur,
2178 2389 2374 2426 onmem
2401 2372 2654 2427 hominem
2676 2373 2883 2428 scilicet
2910 2388 3031 2428 csse
3065 2375 3372 2427 mendacem.
3404 2372 3510 2427 Sed

1938 2465 2060 2520 vide
2085 2465 2225 2529 quod
2259 2465 2392 2519 hanc
2414 2464 2896 2520 considerationem
2924 2481 3029 2520 non
3060 2464 3210 2518 facile
3239 2464 3407 2533 posuit
3432 2464 3511 2518 iu-

1938 2558 2142 2622 venire,
2175 2556 2276 2611 nisi
2322 2556 2387 2610 ad
2431 2571 2721 2624 supernam
2764 2556 3266 2626 contemplationem
3297 2571 3390 2635 per
3417 2571 3512 2608 cx-

1937 2661 2146 2702 cessum
2181 2651 2375 2703 mcnt's
2401 2658 2614 2703 evectus
2639 2667 2652 2702 :
2683 2648 2896 2718 quando
2921 2649 3096 2703 anima
3118 2663 3372 2714 corporea
3395 2661 3511 2701 sor.

1937 2740 2005 2794 de
2035 2747 2277 2810 purgata,
2310 2753 2496 2794 causas
2523 2754 2700 2793 rerum
2731 2738 3028 2794 manifestis
3057 2737 3512 2806 speculationibus

1937 2831 2195 2888 intuetur.
2240 2829 2424 2899 Magna
2463 2830 2726 2899 siquidem
2757 2829 3036 2899 prudentia
3063 2828 3286 2900 geritur,
3325 2837 3382 2884 ut
3409 2829 3513 2885 sibi

1937 2923 2128 2994 aliquis
2167 2922 2475 2992 imprudens
2504 2937 2627 2978 esse
2653 2923 2916 2980 videatur.
2960 2923 3091 2978 Nam
3120 2924 3254 2978 sicut
3277 2923 3424 2979 leves
3448 2939 3514 2978 ac

1939 3014 2069 3070 fatui
2106 3031 2165 3072 se
2191 3030 2314 3072 esse
2339 3015 2715 3070 vcracissimos
2745 3017 3092 3081 mentiuntur,
3125 3016 3196 3072 ita
3229 3015 3510 3076 illuminati

1939 3107 2203 3166 mendaces
2233 3121 2292 3162 se
2319 3121 2439 3170 esse
2481 3116 2826 3176 cognoscunt.
2874 3107 3207 3177 Quapropter
3252 3105 3367 3162 hinc
3413 3121 3511 3159 nos

1862 3196 1906 3258 C
1940 3199 2118 3268 regula
2150 3207 2294 3253 certa
2323 3198 2672 3269 COﬂSll'lllg-tl,
2703 3207 2759 3254 ut
2781 3198 2990 3268 quando
3017 3199 3194 3253 carnis
3227 3197 3512 3268 fragilitate

1937 3292 2202 3343 mendaces
2233 3304 2438 3353 sumus,
2492 3302 2730 3344 nostrum
2779 3305 2837 3344 cs
2869 3307 2898 3342 e
2942 3290 3242 3352 fateamur;
3297 3289 3512 3358 quando

1936 3395 2171 3445 veraces,
2205 3379 2400 3435 divinis
2432 3381 2744 3434 muneribus
2774 3379 3122 3448 applicemus.
3167 3377 3292 3432 “.120
3327 3387 3510 3432 autem

1933 3473 2199 3528 sententia
2255 3472 2485 3542 pertinet
2515 3471 2579 3525 ad
2612 3472 2834 3542 figurant
2879 3469 3224 3540 parocmiam,
3255 3468 3510 3538 quoniam

1937 3569 2037 3622 huc
2069 3569 2407 3636 prm'erbium
2434 3567 2648 3622 humani
2676 3567 2941 3620 sermonis
2973 3565 3396 3632 frequentatione
3429 3577 3514 3616 ce-

1935 3659 2190 3714 lebratur.
2233 3660 2363 3714 Tale
2385 3668 2470 3714 est
2493 3659 2615 3713 illud
2636 3658 2776 3728 quod
2812 3660 2862 3712 in
2895 3658 3114 3711 Actibus
3142 3658 3505 3726 apostolorum

1937 3754 2100 3810 Saulo
2139 3753 2338 3808 dictum
2379 3763 2462 3808 est
2496 3772 2506 3805 :
2556 3751 2754 3806 Durum
2794 3760 2867 3805 est
2909 3750 2997 3803 tibi
3040 3760 3216 3804 contra
3243 3749 3510 3803 stimulum

1935 3845 2145 3899 calcitro
2175 3859 2202 3896 e
2231 3844 2366 3908 (Act.
2410 3857 2484 3906 ιι,
2516 3841 2606 3909 5);
2650 3855 2833 3896 revera
2874 3840 3086 3900 durum,
3117 3838 3363 3908 ιιιιοιιί.»ιιι
3395 3839 3509 3892 δαῖε

1936 3937 2139 3990 nisibus
2192 3933 2510 4004 percutitur,
2571 3931 2663 4000 qui
2722 3932 2771 3984 in
2830 3940 3043 3983 acutum
3091 3931 3264 3983 cafccs
3302 3928 3509 3982 elisisse

1937 4035 2286 4084 monstratur.
2307 4024 2605 4081 Notandum
2628 4035 2753 4077 vero
2771 4020 2910 4092 quod
2928 4035 3156 4074 emissus
3180 4020 3357 4072 mentis
3382 4017 3506 4073 etin

1938 4120 2078 4173 malo
2107 4128 2352 4187 ponatur,
2377 4117 2613 4171 sicutcst
2643 4115 2692 4168 in
2724 4113 3160 4180 Paralipomenon
3185 4127 3201 4168 :
3235 4109 3300 4163 Et
3325 4111 3508 4165 dedisti

1938 4227 2022 4264 eos
2053 4211 2102 4262 in
2131 4209 2342 4276 exstasi,
2377 4207 2427 4262 id
2458 4215 2537 4260 est
2571 4209 2620 4259 in
2653 4219 2871 4260 excessu
2905 4205 3118 4269 mentis,
3147 4213 3193 4258 et
3215 4204 3267 4257 ia
3289 4219 3516 4256 comma.

1939 4303 2072 4357 tione
2099 4311 2145 4355 et
2173 4301 2224 4354 in
2254 4300 2460 4354 interitu
2486 4295 2569 4368 (Il
2604 4296 2729 4350 Par.
2762 4312 2914 4362 χχιιι,
2944 4295 3021 4366 8).

2014 4391 2169 4448 Vers.
2199 4394 2253 4449 5.
2297 4390 2434 4458 Quid
2466 4389 2740 4443 retribuam
2775 4387 2995 4445 Domino
3025 4403 3118 4457 pro
3148 4387 3378 4441 omnibus
3403 4401 3516 4456 artas

1941 4487 2175 4542 retribuit
2210 4486 2378 4539 mihi?
2418 4484 2559 4539 Bene
2587 4483 2848 4536 dubitavit
2876 4481 2998 4550 quid
3031 4481 3308 4534 retribuere
3350 4479 3518 4546 possit

1864 4564 1915 4623 Ι)
1941 4581 2261 4644 humanitas,
2293 4593 2411 4646 qua:
2443 4576 2563 4629 boni
2597 4573 2871 4644 proprium
2901 4572 3032 4626 nihil
3078 4571 3328 4624 habebat.
3383 4567 3517 4622 Nam

1937 4686 2058 4724 cum
2091 4668 2306 4732 dicitur,
2345 4667 2514 4734 quid?
2563 4663 2829 4718 hznsitatio
2876 4677 3066 4730 magna
3116 4661 3257 4730 (ιώ,
3302 4659 3509 4729 nostra]

1941 4767 2286 4814 monstratur.
2328 4756 2461 4822 Quid
2491 4755 2634 4810 enim
2685 4753 2754 4807 illi
2783 4751 2850 4806 ab
2880 4752 3094 4806 homine
3124 4758 3298 4820 potest
3339 4749 3514 4812 reddi,

1941 4854 2067 4909 dum
2115 4866 2329 4920 semper
2369 4849 2485 4917 ejus
2532 4862 2627 4900 nos
2679 4853 2893 4900 constet
2945 4859 3166 4899 munere
3208 4842 3514 4897 contineri?

1947 4945 2134 4999 Merito
2161 4957 2289 5012 ergo
2318 4942 2610 5002 dubitabat,
2644 4939 2728 4993 cui
2782 4939 2995 5005 dignum
3039 4936 3107 4989 de
3136 4949 3232 4987 suo
3264 4934 3394 4989 nihil
3427 4949 3515 4989 oc—

1943 5045 2203 5091 currerat.
2250 5036 2440 5090 \‘erum
2474 5051 2538 5088 ne
2566 5033 2783 5087 omnino
2805 5031 3117 5086 redderetur
3143 5029 3360 5093 sterilis,
3393 5043 3514 5082 con-

1945 5131 2072 5181 lisus
2098 5127 2164 5181 de
2191 5125 2552 5179 misericordia
2592 5121 2822 5186 Domini,
2853 5121 2977 5189 quid
3015 5119 3280 5187 retribuat,
3329 5119 3515 5173 subse-

1941 5228 2170 5289 quenter
2196 5217 2433 5287 exponit.
2477 5214 2581 5270 Sed
2633 5213 2771 5269 istud
2799 5220 2883 5268 est
2927 5227 3250 5281 magnopere
3301 5218 3515 5282 perqui-

1942 5310 2165 5366 rendum
2197 5309 2337 5379 quod
2365 5309 2579 5372 dicitur,
2622 5307 2784 5361 Domn
2835 5305 2989 5361 nobis
3039 5304 3353 5360 retrtbuisse
3396 5321 3513 5374 qua:

1945 5404 2206 5468 contulit;
2257 5403 2406 5472 quasi
2459 5401 2581 5454 boni
2610 5399 2807 5468 aliquid
2840 5401 2887 5453 ei
2921 5399 3068 5466 prius
3103 5397 3431 5460 dederimus.
3461 5408 3518 5452 et

1945 5501 2021 5553 sit:
2051 5498 2118 5552 ab
2149 5499 2264 5565 ipso
2294 5498 2481 5551 collata
2514 5497 2868 5564 suscepimus,
2917 5477 3036 5550 cum
3080 5495 3367 5563 Apostolus
3405 5495 3515 5548 Cl't-

1945 5602 2046 5645 met
2076 5606 2092 5645 :
2127 5591 2263 5655 Quid
2289 5589 2421 5644 enim
2464 5588 2613 5642 habes
2642 5589 2779 5658 quod
2817 5604 2918 5642 non
2947 5588 3185 5658 arcepisti
3209 5589 3232 5640 ?
3259 5585 3320 5641 Si
3347 5592 3517 5640 auten

1942 5685 2211 5750 occepisti,
2263 5684 2385 5752 quid
2419 5683 2657 5752 gloriaris
2695 5683 2840 5752 quasi
2876 5700 2976 5737 non
3029 5684 3281 5751 acceperis
3312 5679 3364 5750 (1
3391 5680 3509 5735 Cor.

1943 5789 2017 5839 tv,
2051 5776 2154 5843 7)?
2203 5774 2455 5829 Dominus
2502 5774 2643 5829 cnim
2695 5773 2928 5827 retribuit
2976 5774 3127 5828 nobis
3174 5773 3368 5826 bonum
3420 5785 3525 5838 pm
