4032 6340
509 343 612 399 8.5

1726 346 1798 400 ll.
1844 344 2120 403 AURELII
2162 342 2565 399 CASSlODORI

3680 334 3793 396 ἐν.

508 460 672 522 male,
722 467 780 512 ιιι
807 459 945 529 quo]
977 460 1281 530 praedicavit
1315 460 1497 526 verba,
1549 468 1881 516 monstraret
1908 476 2092 515 exem-
2123 464 2171 523 Α
2198 460 2350 513 stium
2382 458 2592 522 laudis;
2620 458 2759 529 quod
2792 458 3115 514 sacriﬁcium
3142 459 3303 513 nimis
3328 459 3559 514 Domino
3582 459 3797 516 videtur

513 551 621 618 ple.
664 552 761 609 Ille
788 553 931 608 enim
968 553 1136 622 alapis
1161 568 1351 617 crcsus,
1403 555 1495 609 ille
1523 554 1688 622 judici
1718 552 1965 615 traditus,
2000 554 2092 609 il'e

508 643 735 714 ﬂagellis
781 645 1060 699 immeritis
1105 645 1444 709 verberatus,
1490 645 1643 699 nobis
1680 645 2092 701 resurrectionis

510 750 663 804 spem
692 736 892 799 tribuit,
924 745 977 790 et
1007 736 1265 790 cartorum
1300 751 1458 804 regna
1490 737 1754 804 promisit.

584 826 739 882 Vers.
772 829 828 882 4.
869 826 1090 881 Calicem
1118 829 1358 881 salutaris
1382 828 1654 897 accipiam,
1687 839 1733 880 et
1764 845 1946 882 nomen
1991 828 2093 883 Do-

514 919 643 971 ani
674 919 937 973 invocabo.
983 920 1147 988 Digna
1180 920 1393 989 quidem
1443 920 1764 987 promissio;
1816 923 1909 974 sed
1951 920 1997 974 si
2041 921 2093 975 in

513 1012 758 1067 humanis
809 1014 1010 1066 viribus
1066 1025 1325 1082 ponatur,
1376 1013 1677 1081 periculma
1725 1013 2092 1083 prtusumpzio.

510 1102 642 1168 Quis
666 1102 809 1157 enim
842 1113 1015 1172 potest
1040 1104 1435 1159 eonfessoribus
1468 1112 1857 1159 torntenlorttrn
1892 1106 2097 1173 patien-

512 1195 640 1248 tiatn
681 1195 830 1261 dare,
868 1196 965 1251 nisi
1000 1197 1091 1251 ille
1119 1198 1206 1273 qui
1244 1212 1339 1265 pro
1367 1196 1521 1251 nobis
1564 1197 1812 1266 dignatus
1844 1206 1927 1250 est
1968 1197 2096 1250 cali-

512 1299 630 1338 cem
681 1285 946 1354 passionis
994 1288 1280 1356 accipere?
1330 1285 1462 1341 Nam
1511 1297 1571 1342 ut
1619 1287 1721 1344 hoc
1767 1289 2097 1355 impossibile

516 1377 764 1431 humana:
807 1378 986 1433 virtuti
1025 1380 1273 1434 absolute
1321 1391 1669 1445 monstraret,
1726 1392 1942 1435 secutus
1990 1391 2093 1445 est,

513 1477 560 1520 et
586 1484 769 1522 nomen
799 1467 1007 1523 Domini
1036 1471 1298 1525 invocabo.
1342 1472 1508 1540 Cujus
1540 1471 1710 1527 frctus
1752 1473 1950 1527 auxilio
1982 1486 2097 1526 creo

511 1558 672 1614 debat
718 1576 776 1615 se
822 1562 1117 1630 complere,
1171 1564 1257 1616 cui
1306 1578 1554 1617 carneam
1592 1556 1946 1633 'lragilitatem
1991 1578 2097 1618 non

512 1651 733 1718 putabat
765 1665 920 1720 posse
950 1652 1217 1707 sulticere.
1266 1653 1632 1709 l‘ulcberrime
1662 1670 1788 1709 vero
1818 1669 1881 1708 ae
1911 1655 2092 1710 brevi-

514 1754 596 1799 ter
615 1743 832 1800 deﬁnita
861 1755 944 1800 est
971 1759 1263 1817 martyrum
1294 1762 1465 1811 mors,
1487 1747 1622 1800 calix
1635 1749 1915 1804 salutaris:
1942 1749 2097 1811 calix,

509 1836 633 1902 quia
664 1836 765 1892 sub
792 1853 1045 1893 mensura
1089 1840 1325 1904 bibitur;
1357 1841 1621 1905 salutaris,
1668 1856 1717 1908 ιι·
1744 1841 1792 1894 ia
1843 1844 1893 1895 in
1936 1852 2099 1897 a‘ter-

513 1941 638 1983 nam
688 1930 946 1995 salutem,
995 1930 1223 1986 Domino
1272 1938 1581 2001 prtestante,
1638 1932 1971 2001 propinatur.
2028 1933 2102 1989 De

512 2020 618 2074 isto
656 2020 823 2076 calice
860 2021 993 2077 dixit
1032 2030 1087 2077 et
1126 2022 1379 2077 Dominus
1423 2026 1473 2077 in
1511 2024 1837 2092 Evangelia:
1875 2022 2101 2079 Potestis

510 2113 678 2168 bbere
698 2115 913 2171 calicem
949 2131 1098 2186 quem
1132 2132 1227 2187 ego
1273 2115 1524 2170 bibiturus
1572 2133 1685 2169 sum
1731 2115 1953 2186 (Matth.
2002 2133 2095 2183 xx,

508 2206 651 2273 ‘22)?

582 2300 735 2356 Vers.
768 2302 825 2358 5.
868 2299 1103 2356 Pretiosa
1139 2302 1193 2357 in
1218 2312 1489 2373 conspectu
1541 2301 1748 2357 Domini
1793 2318 1932 2357 mors
1971 2318 2095 2356 sane

507 2404 702 2447 clarum
729 2396 863 2465 ejus.
907 2395 1051 2450 Bene
1074 2396 1285 2462 dicitur,
1314 2398 1559 2465 pretiosa,
1584 2411 1702 2465 qua:
1732 2396 1939 2451 Domini
1968 2410 2099 2451 san-

507 2488 669 2556 guine
697 2489 933 2543 noscitur
973 2499 1278 2559 comparata
1310 2507 1325 2555 ;
1360 2490 1501 2543 illius
1524 2490 1666 2544 enim
1698 2491 1947 2558 passione
1972 2490 2093 2558 glo-

507 2580 716 2634 riﬁcata
745 2590 849 2647 εει,
882 2591 937 2635 ιιι
966 2581 1019 2635 in
1053 2589 1323 2653 conspectu
1351 2582 1467 2651 ejus
1498 2590 1642 2636 esset
1687 2583 1903 2637 eximia.
1946 2583 2095 2637 llanc

507 2672 651 2726 enim
702 2672 1078 2741 cognoscimus
1129 2672 1414 2728 Dominum
1472 2673 1686 2729 famulis
1741 2677 1851 2730 suis
1903 2691 2092 2747 magna

505 2764 691 2833 gratia:
718 2766 965 2821 ubertate
991 2764 1261 2834 conferre,
1284 2782 1443 2837 quam
1482 2770 1597 2837 ipse
1617 2779 1699 2823 est
1733 2770 1982 2839 dignatus
2009 2786 2091 2824 as-

506 2855 827 2911 su;i:ere..0
864 2844 1018 2912 mors
1063 2858 1261 2926 vitalis,
1313 2873 1347 2914 ο
1389 2860 1635 2916 interius
1684 2862 2025 2927 ambiendus,
2060 2876 2092 2915 ο

508 2953 768 3008 transitus
799 2952 1091 3022 gloria-ns,
1132 2955 1219 3023 qui
1274 2956 1510 3010 membra
1541 2956 1742 3010 Christi
1794 2956 2092 3011 imitat:.res

503 3046 591 3100 sui
619 3046 810 3115 capitis
841 3046 969 3101 lacis
990 3088 1005 3112 ,
1038 3056 1090 3102 et
1122 3056 1178 3101 ut
1205 3048 1277 3101 sit
1305 3049 1548 3114 pretiosa,
1574 3064 1680 3103 ιιι-ιι
1712 3049 1913 3104 divitiis
1944 3050 2093 3105 obla-
2123 3104 2164 3122 η

506 3140 576 3195 tis
601 3139 852 3206 efﬁcitur,
883 3141 978 3197 sed
1006 3142 1266 3197 elrttsinne
1295 3144 1570 3213 Sanguinis
1596 3154 1936 3214 Cotnparatur
1964 3146 1979 3202 ἓ

583 3233 733 3290 Vers.
770 3234 823 3291 6.
869 3236 912 3289 0
943 3234 1180 3300 Domine,
1204 3236 1325 3305 quia
1356 3252 1648 3307 egotserrus
1685 3249 1838 3303 tuus;
1869 3257 1958 3311 ego
1986 3258 2092 3294 rer-

502 3341 596 3379 vns
626 3336 742 3379 tuus
770 3336 818 3380 et
850 3326 990 3393 ﬁlius
1036 3326 1238 3380 ant-illm
1264 3329 1402 3381 tute!
1444 3326 1695 3401 Dirup’sti
1721 3333 1926 3384 vinru'a
1954 3348 2087 3385 mea.

504 3416 667 3471 Venit
694 3419 757 3470 ad
787 3418 1100 3482 insitionem
1126 3418 1434 3485 secundam,
1470 3421 1557 3475 ubi
1583 3438 1707 3476 mnn
1746 3439 1803 3478 re
1830 3424 2088 3494 singulari

502 3521 758 3579 suscepto
785 3510 1044 3563 exclamat
1072 3510 1289 3565 dicens:
1321 3512 1481 3584 392
1518 3513 1562 3566 0
1594 3514 1827 3579 Domine,
1859 3531 1950 3587 ego
1979 3532 2087 3569 ser-

499 3618 591 3657 vus
628 3612 745 3656 tuus
768 3603 788 3655 .'
827 3602 1136 3657 Admintnr
1179 3604 1320 3658 enim
1368 3620 1428 3661 se
1457 3606 1579 3660 talia
1613 3608 1869 3661 beneﬁcia
1901 3623 2086 3663 susce-

501 3698 668 3763 p'sse,
701 3695 877 3765 qualia
906 3696 1019 3764 ipse
1050 3712 1144 3763 pro
1176 3697 1545 3769 redemptione
1572 3700 1753 3754 mundi
1784 3710 1867 3757 est
1897 3700 2084 3769 digna-

501 3799 589 3840 tus
621 3800 913 3842 assumi-re.
955 3787 1419 3853 Quemadmodum
1461 3791 1603 3845 enim
1647 3808 1752 3846 non
1801 3794 2087 3848 miraretur

500 3894 694 3947 servus,
735 3888 790 3934 et
833 3881 1143 3937 conditione
1190 3882 1347 3951 primi
1401 3885 1634 3939 hominis
1683 3886 1986 3954 implicatus
2015 3888 2080 3940 ad

500 3971 588 4023 illa
612 3972 796 4027 venire
822 3988 939 4042 qua:
970 3983 1113 4029 tanta
1146 3974 1402 4045 majestas
1431 3979 1645 4047 dignata
1680 3986 1763 4033 est
1814 3978 2085 4049 c‘eglsse?

506 4064 681 4120 Pavor
708 4079 790 4122 est
838 4068 1016 4123 dicere
1041 4084 1158 4137 qua:
1208 4068 1467 4125 beneﬁcia
1513 4072 1791 4139 suscipiat,
1838 4073 1924 4140 qui
1978 4072 2087 4125 suis

504 4158 712 4213 actibus
777 4168 1015 4219 meretur
1068 4161 1350 4217 oll‘ensam.
1417 4162 1547 4217 Nam
1602 4173 1661 4216 ut
1714 4163 2088 4218 admirationis

501 4251 657 4306 istius
683 4251 984 4307 declararet
1012 4263 1375 4324 augmentum,
1402 4254 1614 4322 repetit,
1643 4270 1735 4325 ego
1754 4270 1926 4308 servus
1948 4264 2081 4309 tuus.

504 4342 740 4411 Adjccit,
791 4352 838 4398 et
886 4344 1026 4412 filius
1053 4342 1255 4397 ancilla:
1288 4353 1409 4412 lua‘,
1459 4353 1516 4399 ut
1550 4345 1903 4401 humilitatem
1932 4359 2081 4398 suam

512 4430 793 4502 triplicatis
822 4435 1246 4490 cenlcssionibus
1270 4436 1548 4492 indicaret.
1588 4434 1757 4489 Filius
1788 4449 1966 4491 autem
1991 4453 2085 4488 an-

496 4523 633 4578 cilla:
660 4523 780 4579 ideo
810 4523 1017 4579 videtur
1043 4525 1329 4595 adjectum,
1362 4536 1419 4581 ut
1443 4527 1733 4580 Ecclesium
1758 4528 2080 4581 catholicam

500 4616 824 4671 omnimodis
873 4617 1157 4685 indicaret,
1212 4635 1331 4689 qum
1381 4619 1571 4673 ancilla
1624 4629 1706 4674 est
1733 4621 1859 4675 dum
1894 4623 2052 4685 servit

506 4724 701 4779 sponsa
733 4712 857 4766 dum
892 4710 1157 4783 jungitur.
1194 4715 1258 4768 Et
1291 4715 1411 4769 ideo
1441 4725 1812 4781 competenter
1848 4715 2084 4768 adverti-

502 4819 620 4858 tnns
668 4821 770 4860 non
804 4820 925 4860 esse
958 4808 1295 4878 martyrium,
1327 4808 1428 4863 nisi
1460 4809 1599 4878 quod
1628 4823 1813 4863 servus
1853 4808 2082 4874 Dunini,

497 4906 552 4951 et
579 4899 859 4953 catholica:
891 4900 1029 4953 ﬁlius
1071 4908 1307 4956 meretur
1344 4902 1621 4957 Ecclesiae.
1665 4903 1938 4972 Sequitur,
1990 4902 2084 4955 Di-

496 4987 684 5058 rnpisti
723 4991 924 5045 vincula
952 5009 1083 5046 utea.
1130 4992 1393 5048 Virtutem
1425 4994 1509 5049 bic
1539 4996 1778 5065 martyrii
1820 4996 2081 5050 sentimus

499 5082 718 5149 exponi,
745 5085 897 5152 cujus
924 5087 1121 5155 impetu
1158 5085 1465 5157 triumphali
1510 5088 1875 5154 dirumpuntur
1904 5087 2082 5141 omnia

498 5172 705 5226 uincula
752 5184 1112 5243 peccatorum.
1156 5176 1308 5232 Nulla
1340 5180 1480 5233 enim
1535 5179 1585 5234 in
1631 5178 1843 5233 homine
1878 5180 2086 5233 macula

501 5278 785 5320 remanere
815 5274 1005 5333 potest,
1039 5284 1196 5335 qnam
1230 5271 1345 5336 pius
1369 5272 1587 5341 sanguis
1615 5272 1865 5326 abluerit.
1886 5272 2084 5326 Nutan-

500 5357 628 5410 dum
660 5363 837 5411 autem
866 5357 1006 5427 quod
1050 5375 1093 5410 vi
1118 5376 1233 5415 rsus
1267 5363 1351 5417 hic
1392 5374 1591 5417 tantam
1625 5364 1871 5419 virtutem
1902 5364 2082 5418 credi—

499 5459 586 5502 tus
612 5457 695 5503 est
723 5449 941 5516 habere,
973 5460 1081 5505 uta
1117 5455 1389 5509 nonnullis
1419 5455 1692 5511 diceretur
1718 5472 1876 5527 posse
1907 5456 2081 5510 horni-

502 5545 665 5599 nibus
695 5555 911 5614 peccata
942 5545 1159 5612 dimitti,
1189 5549 1233 5601 si
1267 5564 1387 5604 cum
1417 5551 1466 5603 in
1497 5550 1600 5606 ﬁne
1631 5552 1751 5605 vit-.c
1781 5566 1890 5606 suae
1932 5550 2086 5605 tertia

451 5666 459 5674 -
498 5636 838 5691 confessione
866 5639 1223 5705 congcm’net.

578 5729 729 5783 Veis.
750 5731 802 5783 7.
822 5727 932 5783 Tibi
952 5730 1256 5798 sacriﬁcabo
1271 5731 1490 5783 hostium
1511 5732 1696 5785 laudis.
1720 5732 1852 5799 Quia
1875 5731 2084 5801 dirupta

508 5824 716 5875 inerant
746 5821 955 5877 vincula
1004 5829 1363 5889 peccatorum,
1397 5822 1688 5889 sacriﬁcare
1731 5839 1789 5879 se
1837 5824 1963 5879 dicit
1996 5828 2085 5879 Ito-

2201 560 2503 619 acceptum.
2544 551 2663 621 Ipse
2688 552 2830 605 enim
2858 551 2911 605 in
2950 552 3241 621 Evangelia
3266 551 3424 607 docet
3450 569 3462 605 :
3502 551 3682 605 Decem
3707 569 3788 608 sa-

2199 641 2305 694 nati
2348 651 2485 705 snnt,
2535 651 2582 695 et
2624 657 2729 694 non
2767 653 2837 695 est
2863 643 3098 695 inventus
3123 643 3212 712 qui
3239 643 3381 697 daret
3410 644 3635 713 gloriam
3666 644 3789 708 Deo,

2202 734 2301 785 nisi
2350 732 2434 785 hic
2468 732 2831 787 Samaritanus
2862 732 3015 799 (Luc.
3046 750 3176 800 xvn,
3216 736 3328 803 18).
3372 736 3487 789 Non
3519 736 3663 791 enim
3694 738 3794 791 iste

2201 822 2273 877 de
2304 823 2406 875 illis
2437 824 2531 877 luit
2561 825 2650 893 qui
2677 823 2995 878 beneﬁcium
3032 827 3239 879 Domini
3268 826 3473 896 ingrata
3507 826 3790 882 taciturni-

2201 922 2308 968 tate
2361 925 2709 981 presserunt;
2764 916 2858 969 sed
2915 917 3017 971 iste
3058 919 3260 985 accepti
3312 920 3435 971 lmni
3486 919 3786 990 gratiarum

2201 1006 2465 1059 actionem
2499 1022 2556 1061 se
2592 1008 2878 1062 restituere
2913 1008 3021 1063 Deo
3049 1012 3452 1077 compromittit.

2278 1097 2429 1152 Vers.
2458 1098 2510 1153 8.
2564 1097 2692 1151 Vota
2724 1116 2835 1153 mea
2868 1098 3089 1154 Domino
3109 1103 3320 1155 reddam
3352 1103 3404 1155 in
3431 1103 3582 1155 atriis
3610 1102 3793 1159 domus

2206 1186 2437 1243 Domini.
2490 1191 2777 1258 Postquam
2829 1192 3035 1245 dixerat
3091 1193 3394 1247 oblaturum
3455 1209 3517 1249 se
3568 1194 3796 1249 hostiam

2208 1281 2418 1346 laudis,
2468 1296 2535 1336 ne
2588 1283 2901 1337 crederetur
2938 1286 3245 1354 ubicunque
3296 1301 3419 1341 esse
3457 1286 3793 1355 solvendam,

2206 1375 2353 1439 dicit,
2379 1375 2433 1427 in
2461 1376 2610 1429 atriis
2641 1376 2821 1427 domus
2866 1376 3094 1443 Domini,
3147 1378 3197 1431 id
3227 1391 3308 1433 est
3340 1379 3394 1433 in
3439 1379 3673 1434 Ecclesia
3704 1394 3793 1432 ca-

2207 1469 2403 1523 tholica
2435 1479 2547 1525 toto
2570 1470 2703 1526 orbe
2728 1471 2943 1535 diﬁ‘usa,
2975 1486 3077 1539 qua
3111 1471 3459 1525 continentur
3487 1486 3670 1524 omnes
3696 1485 3792 1525 ve-

2208 1561 2408 1615 rissimi
2438 1561 2755 1627 Christiani,
2786 1580 2889 1617 non
2916 1562 3153 1616 ha‘retici
3184 1566 3271 1631 qui
3302 1572 3429 1616 sunt
3455 1577 3592 1616 vana
3625 1561 3798 1631 pravi-

2208 1663 2318 1708 tate
2345 1654 2587 1710 discreti.
2619 1655 2749 1709 Nam
2778 1657 2919 1726 quod
2956 1656 3106 1722 dicit,
3147 1653 3278 1707 Vota
3307 1670 3419 1707 mea
3445 1654 3672 1707 Domino
3696 1653 3800 1706 red.

2207 1745 2347 1810 dam,
2380 1744 2618 1813 seipsum
2658 1745 2856 1799 oll‘erre
2903 1745 3152 1798 videlicet
3198 1745 3503 1812 pollicetur.
3548 1744 3798 1799 Omnium

2207 1836 2350 1889 enim
2370 1836 2602 1890 ﬁdelium
2635 1849 2813 1889 votum
2843 1846 2924 1890 est
2952 1837 3167 1890 Christo
3194 1849 3254 1889 se
3278 1836 3495 1898 oll'erre,
3525 1844 3582 1889 et
3608 1836 3665 1888 in
3683 1833 3796 1904 ejus

2207 1927 2446 1983 Ecclesia
2495 1935 2641 1982 recta
2688 1927 3008 1983 credulitate
3049 1928 3367 1982 consistere.
3409 1926 3517 1981 Sed
3550 1937 3609 1980 ut
3633 1942 3793 1995 agno-

2203 2032 2386 2073 scores
2413 2032 2533 2089 qua:
2573 2018 2720 2074 csSet
2764 2019 2866 2072 ista
2912 2017 3095 2072 domus
3125 2016 3354 2082 Domini,
3410 2016 3537 2072 vide
3562 2015 3689 2087 quid
3715 2030 3798 2073 so-

2204 2112 2410 2181 quitur.

2274 2202 2430 2259 Vcrs.
2462 2201 2516 2257 9.
2562 2200 2628 2257 In
2649 2213 2922 2273 conspectu
2958 2203 3124 2258 omnis
3157 2202 3336 2274 populi
3368 2205 3505 2271 eius,
3542 2202 3594 2256 in
3633 2204 3794 2257 medio

2201 2295 2296 2362 tui,
2328 2295 2636 2351 Jerusalem.
2683 2295 2817 2351 Ecce
2847 2296 3097 2350 instruxit
3134 2309 3293 2366 quam
3325 2296 3550 2350 demum
3582 2295 3791 2349 Domini

2202 2386 2398 2442 dixerit
2414 2390 2693 2458 superiore
2716 2389 3001 2453 ι’ριδῐειιΙο,
3022 2386 3083 2441 In
3106 2398 3380 2455 conspectu
3402 2387 3614 2441 scilcet
3634 2387 3794 2440 omnis

2204 2479 2384 2551 populi
2414 2481 2544 2551 ejus.
2592 2479 2817 2549 Dignum
2845 2482 2984 2534 enim
3017 2493 3095 2533 est
3127 2491 3183 2532 ut
3217 2479 3429 2547 publice
3464 2478 3660 2532 debeat
3687 2478 3795 2532 lau-

2195 2571 2336 2636 dari,
2372 2571 2461 2639 qui
2490 2572 2595 2639 pati
2623 2587 2715 2639 pro
2742 2572 2978 2625 omnium
3004 2572 3174 2625 Salute
3203 2572 3457 2640 dignatus
3481 2578 3589 2626 est.
3622 2570 3792 2625 Domi-

2200 2678 2299 2721 ttus
2338 2665 2479 2719 enim
2527 2663 2918 2733 perfectissime
2958 2666 3128 2728 novit,
3161 2665 3373 2720 etiamsi
3408 2663 3461 2717 in
3491 2663 3677 2718 cordis
3702 2678 3788 2718 se-

2199 2766 2344 2810 creto
2377 2757 2489 2809 ﬁat.
2521 2755 2625 2810 Sed
2658 2756 2759 2812 hoc
2785 2760 2851 2809 ad
2881 2758 3289 2811 :cdiﬁeatiouem
3321 2756 3504 2824 populi
3536 2756 3784 2823 pertinet.

2200 2856 2256 2899 ut
2301 2848 2437 2900 bona
2472 2848 2743 2903 confessio
2781 2848 3153 2916 generalitatis
3201 2847 3423 2902 auribus
3472 2847 3789 2913 imbibatur,

2199 2938 2339 2991 sicut
2369 2939 2420 2991 in
2456 2938 2745 3007 Evangelio
2774 2936 2902 2991 dicit
2927 2953 2942 2992 :
2979 2936 3080 3002 Qui
3108 2953 3186 2990 me
3216 2938 3476 3007 confessus
3494 2937 3653 3005 fuerit
3683 2950 3787 2987 co-

2197 3047 2308 3083 ram
2340 3029 2650 3095 ltominibus,
2693 3030 2973 3098 conﬁtebor
3012 3041 3055 3084 et
3103 3046 3196 3101 ego
3226 3031 3374 3083 illum
3420 3045 3588 3084 eorum
3620 3026 3783 3081 Patre

2201 3138 2311 3175 meo
2341 3122 2428 3189 qui
2451 3132 2525 3175 est
2547 3122 2599 3175 in
2624 3122 2762 3174 caelis
2790 3119 3007 3191 (Matt/1.
3042 3137 3094 3188 x,
3120 3120 3233 3189 52).
3263 3120 3498 3185 Addidit,
3533 3121 3585 3172 in
3616 3120 3787 3175 medie

2199 3216 2291 3279 tui,
2321 3212 2630 3280 Jerusalem,
2667 3215 2751 3268 ub'
2786 3230 2886 3285 pax
2920 3214 3129 3268 Domini
3156 3213 3514 3283 conquiescit,
3541 3214 3790 3267 etuuitas

2192 3308 2361 3361 sancti
2396 3306 2576 3376 populi
2610 3306 2821 3360 Domini
2852 3306 3303 3375 contemplatione
3332 3306 3566 3362 ltetatur.

2731 3420 3003 3474 Conclusio
3032 3421 3240 3491 psalmi.

2267 3535 2513 3590 Psalmus
2542 3534 2629 3589 hic
2660 3534 2943 3605 magniﬁco
2972 3547 3265 3606 martyrum
3299 3535 3508 3591 honore
3542 3546 3790 3591 sacratus

2194 3634 2297 3692 est,
2327 3626 2419 3697 qui
2444 3626 2596 3679 nobis
2627 3635 2681 3680 et
2708 3627 2774 3678 ad
2805 3625 3113 3694 exemplum
3146 3624 3321 3688 datus,
3370 3636 3424 3680 et
3456 3627 3522 3679 ad
3562 3626 3793 3695 patrocio

2191 3717 2276 3769 nia
2309 3714 2577 3784 largienda
2608 3714 2837 3768 tributus
2874 3725 2978 3769 est.
3029 3716 3358 3769 Veneremur
3399 3716 3591 3769 talium
3626 3716 3787 3772 dolo-

2192 3824 2301 3872 re:,
2360 3806 2663 3875 hujuswodi
2712 3822 2897 3874 pmnas
2925 3796 3105 3860 studio
3135 3806 3290 3861 nobis
3321 3808 3605 3861 eharitatis
3630 3816 3788 3878 opte-

2191 3914 2341 3963 mus;
2373 3910 2428 3952 ut
2449 3896 2492 3952 si
2526 3914 2629 3951 non
2658 3912 2927 3952 tueremur
2952 3896 3041 3950 tali
3068 3898 3532 3953 consummatione
3556 3911 3781 3951 corona-

2196 3991 2263 4053 ri,
2294 3992 2481 4045 saltem
2511 3991 2563 4044 in
2593 3989 2787 4043 studiis
2816 3990 3079 4060 possimus
3101 3989 3364 4045 similibus
3389 3989 3639 4044 inveniri.
3669 3991 3782 4045 Cur

2194 4088 2335 4141 enim
2378 4086 2510 4140 tales
2550 4085 2767 4139 dolores
2815 4084 3153 4138 Christianus
3198 4084 3330 4139 velit
3375 4083 3638 4152 ell‘ugere,
3688 4098 3787 4155 per

2199 4195 2335 4250 quos
2362 4194 2420 4233 se
2448 4178 2596 4233 novit
2622 4177 2689 4231 ad
2719 4178 2977 4232 emtorem
3010 4177 3197 4246 gaudia
3222 4177 3502 4247 pervenire
3522 4178 3549 4233 ἲ

2452 4319 2809 4376 EXi‘USlTiO
2852 4319 2917 4373 IN
2961 4318 3285 4376 Ρδιωιιιιι
3341 4318 3535 4377 CXVI.

2865 4431 3113 4486 Alleluia.

2261 4568 2471 4624 Duobus
2502 4568 2716 4638 quidem
2765 4568 3030 4634 versibus,
3074 4570 3166 4623 sed
3200 4569 3472 4638 plemrius
3503 4569 3648 4625 tituli
3678 4568 3782 4624 ho-

2066 4665 2080 4689 ’
2119 4656 2167 4715 D
2195 4677 2293 4716 nor
2320 4662 2640 4729 apponitur,
2692 4670 2749 4715 ut
2788 4661 3145 4731 intell‘gamus
3175 4663 3419 4732 quamvis
3450 4679 3622 4733 pauca
3657 4679 3782 4719 ver-

2197 4756 2261 4807 ba
2288 4754 2339 4808 in
2364 4754 2571 4807 Domini
2602 4754 2845 4808 laudibus
2878 4768 3092 4823 semper
3124 4770 3242 4810 esse
3273 4757 3608 4825 plenissima,
3649 4758 3785 4824 Quis

2194 4844 2334 4898 enim
2364 4842 2571 4897 dubitet
2611 4843 2860 4912 exiguum
2894 4860 2997 4897 non
3030 4845 3226 4898 debere
3256 4845 3387 4908 diei,
3420 4846 3565 4901 unde
3610 4854 3790 4915 potest

2194 4934 2587 5006 magniﬁcentia
2616 4950 2846 5003 superna
2877 4935 3080 4989 laudari
3109 4939 3131 4986 'l
3160 4936 3256 4989 Cui
3298 4952 3534 5006 congrue
3560 4938 3790 5008 appetii-

2195 5038 2279 5081 tur
2321 5026 2536 5082 schema
2582 5028 2723 5096 quod
2765 5027 2952 5083 Ct'tece
2996 5028 3173 5081 dictur
3216 5028 3480 5099 hyrmos:
3528 5032 3786 5101 quoniam

2192 5118 2389 5173 seziem
2438 5118 2698 5171 orationis
2748 5132 2919 5186 usque
2966 5118 3032 5171 ad
3080 5117 3327 5173 ultimum
3372 5134 3639 5185 servans,
3690 5130 3787 5175 nec

2194 5225 2477 5281 perSOuatn
2520 5211 2762 5264 noscitur
2814 5222 2989 5265 mutas
3019 5226 3072 5273 θ,
3129 5227 3227 5266 nec
3256 5227 3513 5278 causam;
3557 5213 3655 5268 sed
3682 5228 3786 5268 nuo

2191 5317 2355 5357 sensu
2390 5316 2558 5372 usque
2586 5301 2653 5355 ad
2687 5303 2970 5356 terminum
3001 5303 3139 5372 quod
3172 5306 3336 5372 caspit
3365 5307 3711 5375 exsequitur.

2697 5438 2826 5493 Cant
2850 5442 3022 5494 nentia
3050 5442 3260 5515 psalmi.
3504 5456 3531 5474 '

2261 5551 2409 5606 Licet
2441 5551 2525 5604 bic
2560 5552 2794 5618 psalinus
2833 5568 2928 5621 pro
2970 5555 3231 5621 paucitate
3278 5568 3533 5609 versuum
3564 5553 3784 5629 divisio-

2199 5658 2319 5696 nem
2362 5658 2467 5694 non
2504 5643 2744 5710 recipiat,
2774 5657 2961 5700 omnes
2995 5652 3169 5699 tamen
3198 5646 3520 5715 compendio
3549 5660 3662 5699 sua:
3711 5645 3785 5699 lo-

2195 5733 2422 5787 cntinnis
2451 5743 2756 5801 exsuperat.
2794 5735 2885 5787 Est
2918 5738 3057 5791 οιιῗιιι
3091 5736 3294 5805 primus
3326 5737 3540 5807 quidem
3573 5749 3781 5791 atomus

2195 5825 2549 5895 palmorum,
2579 5827 2754 5895 puncti
2789 5828 3077 5897 p'a‘f'crcus
3105 5830 3440 5899 digni'atem.
3475 5831 3612 5885 unde
3637 5830 3777 5884 huc)
