4090 6346
462 259 533 269 ιο.-

338 335 444 393 8:25

1249 320 1606 388 EXI’OSthO
1650 334 1713 387 lN
1750 332 2210 389 PSALTElilbat.
2256 347 2445 387 ιὀιιιιι.
2489 334 2699 387 C.\\ll.

3502 332 3609 390 826

339 454 530 516 uritur,
562 457 616 505 ct
640 447 868 504 diversa:
896 447 1224 504 schematum
1255 449 1463 519 Species
1488 446 1798 502 doctissima
1832 462 1923 499 va-
1952 448 2003 508 Α
2031 446 2287 514 Spiritum
2319 456 2561 502 sanctum
2591 457 2643 501 et
2686 447 2991 513 Dominum,
3017 455 3069 503 et
3097 448 3277 516 priore
3306 447 3426 503 loco
3448 448 3611 504 luisse

340 546 529 601 rietate
559 542 877 597 formantur.
954 558 955 561 ‘

881 635 1147 704 Expositio
1175 636 1379 704 psalmi.

414 731 567 788 Vers.
601 730 649 783 1.
694 728 923 783 Laudate
972 728 1266 795 Dominum,
1302 744 1473 783 omnes
1499 735 1691 797 gentes,
1724 737 1771 780 at
1816 727 1922 779 col-

335 820 547 875 laudata
590 838 725 885 euut,
755 838 928 874 omnes
976 821 1173 888 pepuli.
1217 820 1283 873 Et.
1333 821 1492 871 istum
1536 834 1745 886 quoque
1777 817 1922 887 psal-

339 929 486 966 mum
534 911 597 965 ad
646 927 933 981 personam
969 922 1260 981 martyrum
1294 910 1550 965 debemus
1578 921 1781 977 aptare.
1833 909 1921 960 Di-

337 1015 464 1059 Cunt
492 1006 632 1058 enim
676 1005 844 1058 sancti
882 1003 998 1066 viri,
1052 1001 1204 1071 quasi
1251 1002 1359 1068 fam
1405 1002 1637 1070 gloriOsa
1670 1002 1919 1068 passione

337 1094 622 1165 perfuncti,
653 1103 709 1148 ut
736 1112 905 1147 omnes
935 1103 1104 1164 gentes
1131 1091 1197 1145 atl
1245 1093 1430 1145 laudes
1454 1090 1665 1144 Domini
1691 1090 1920 1143 debeant

335 1184 578 1251 excitari,
615 1186 702 1254 qui
733 1185 853 1237 talia
887 1187 1087 1252 prJ'Slil
1114 1192 1132 1236 t
1177 1184 1345 1236 servis
1374 1184 1504 1243 suis,
1535 1191 1589 1233 ut
1633 1181 1797 1247 ipsius
1828 1194 1920 1248 po-

337 1279 444 1330 tius
474 1277 840 1330 imbuercntur
866 1275 1143 1344 exemplis.
1190 1275 1289 1328 Ubi
1335 1286 1454 1327 sunt
1490 1274 1795 1337 Donatistae,
1826 1273 1915 1341 qui

337 1376 543 1420 tantum
569 1380 680 1417 sua:
708 1363 1105 1433 congregationi
1139 1364 1293 1421 [idem
1323 1366 1613 1432 pra-stilari)
1647 1371 1791 1415 ment
1816 1380 1917 1414 un-

338 1465 425 1509 tur
447 1454 470 1508 ἲ
496 1455 695 1508 Clamat
724 1454 839 1505 cho-
860 1469 918 1505 us
944 1453 1032 1507 ille
1061 1455 1387 1517 sanctorum,
1420 1469 1591 1505 omnes
1618 1464 1787 1522 gentes
1814 1450 1918 1504 Duo

335 1547 535 1599 minam
568 1545 767 1598 debere
796 1543 1047 1609 laudare;
1080 1554 1238 1614 atque
1265 1546 1462 1596 tttinam
1510 1541 1591 1596 vel
1636 1542 1912 1595 nobiscum

334 1639 610 1698 facerent,
660 1638 799 1707 quod
851 1653 909 1692 se
955 1652 1113 1705 agere
1160 1637 1501 1705 singulariter
1539 1636 1909 1689 mentiuntur!

336 1732 608 1802 Sequitur,
636 1740 681 1785 et
710 1729 999 1784 collaudata
1027 1746 1159 1799 eum,
1198 1746 1369 1781 omnes
1401 1729 1600 1798 populi.
1631 1728 1913 1782 Collauda-

336 1824 411 1878 tin
439 1833 518 1878 est
550 1836 858 1877 cunctorum
894 1824 1125 1876 fidelium
1181 1826 1229 1874 in
1277 1839 1437 1877 unum
1492 1824 1701 1875 redacta
1736 1821 1916 1873 lauda-

338 1914 411 1967 tio
437 1931 450 1978 ;
482 1914 593 1967 hare
622 1913 763 1967 enim
794 1913 1041 1967 Ecclesiae
1068 1913 1348 1967 catholica:
1391 1926 1512 1981 apta
1544 1916 1907 1982 cognoscitur,

334 2021 456 2074 qua:
489 2004 553 2058 de
585 2004 814 2057 diversis
857 2004 1036 2056 mundi
1079 2004 1313 2072 partibus
1356 2014 1689 2075 aggregatur.
1727 2004 1914 2058 Omnes

337 2097 484 2151 enim
516 2106 687 2165 gentes
705 2094 754 2148 in
779 2097 889 2149 suis
914 2095 1120 2164 populis
1140 2096 1460 2163 generalit-r
1484 2106 1912 2158 cotttmonentur,

335 2203 401 2242 Ite
431 2187 549 2257 quis
577 2203 635 2241 se
665 2188 715 2240 in
744 2186 942 2256 judicio
972 2186 1180 2239 Domini
1212 2188 1351 2239 dicat
1380 2202 1501 2240 esse
1534 2187 1883 2255 pneteritum.

410 2278 559 2334 Vers.
590 2262 645 2332 Ξ.
681 2277 929 2343 Ουοηὶιιιι
966 2278 1266 2344 ron/innata
1294 2290 1364 2331 tst
1399 2295 1552 2345 super
1593 2296 1679 2332 nos
1721 2281 1919 2333 misert-

334 2374 509 2426 cordia
537 2373 671 2442 ejus,
695 2380 743 2424 et
767 2373 947 2425 veritas
969 2370 1170 2423 Domini
1199 2382 1363 2425 manet
1386 2372 1435 2423 in
1460 2382 1723 2426 aversum.
1751 2374 1921 2427 Causa

334 2463 575 2519 redditur
604 2479 769 2532 quare
819 2463 921 2518 del)
956 2475 1005 2516 at
1053 2463 1306 2517 Dominus
1354 2472 1463 2516 toto
1508 2465 1636 2517 orbe
1671 2465 1918 2521 laudari:

334 2558 585 2625 quoniam
620 2556 1000 2623 plOllllSSlOilCS
1052 2572 1195 2617 suas,
1237 2571 1365 2623 quas
1409 2572 1501 2621 per
1540 2566 1755 2611 sanctos
1794 2573 1918 2625 pro-

336 2651 523 2716 phetas
553 2646 823 2710 ellecerat,
850 2646 1111 2698 adventus
1145 2646 1223 2697 sui
1270 2646 1574 2700 visitatiune
1611 2650 1915 2715 complevit.

333 2739 650 2805 Conﬁrmata
674 2748 746 2790 est
773 2738 913 2789 cnim
939 2738 988 2788 in
1021 2737 1211 2804 populo
1238 2735 1539 2794 Clll'lslllllll)
1573 2740 1919 2794 misericordia

334 2834 465 2902 ejus,
497 2839 550 2885 et
578 2845 680 2883 ι.οη
724 2830 1145 2884 commovebitur
1184 2831 1233 2881 in
1274 2843 1547 2893 tetanum,
1580 2833 1788 2901 quando
1830 2835 1918 2889 ilie

335 2921 425 2991 qui
458 2922 719 2990 prrestitit,
753 2922 865 2985 ipse
901 2938 996 2975 nos
1027 2923 1106 2991 (ut
1135 2925 1351 2977 creature
1382 2925 1410 2977 tl
1435 2940 1593 2994 gnum
1625 2926 1727 2997 est)
1758 2927 1917 2979 etiam

334 3025 429 3066 Sua
462 3013 804 3067 miseratione
834 3016 1086 3070 custodit.
1120 3015 1373 3080 Addidit,
1420 3028 1466 3069 et
1499 3020 1681 3072 veritas
1716 3019 1920 3072 Domini

336 3114 506 3157 manet
537 3104 587 3157 in
620 3114 881 3158 a‘tcrnum.
916 3105 1008 3160 llic
1034 3108 1219 3159 veritas
1271 3107 1475 3160 Domini
1516 3109 1678 3162 Filius
1714 3110 1919 3176 signiti-

337 3205 505 3260 catur,
536 3196 694 3267 393
725 3195 859 3251 sicut
891 3198 1002 3267 ipse
1031 3198 1159 3250 dicit
1186 3216 1196 3250 :
1232 3197 1340 3269 Ego
1364 3217 1477 3252 sum
1506 3207 1582 3251 via
1604 3241 1618 3264 ,
1666 3202 1846 3254 veritas
1874 3213 1921 3255 et

338 3291 438 3345 rita
471 3289 648 3364 (Joan.
685 3306 790 3356 stv,
837 3290 913 3359 6).
952 3290 1101 3356 Nam,
1141 3294 1277 3346 situt
1309 3303 1455 3359 iuzat
1492 3295 1921 3349 dementissimus
1949 3315 1992 3373 ρ

336 3386 567 3439 Arianus
594 3384 759 3454 (quod
792 3384 898 3438 dici
942 3386 1089 3439 uetas
1131 3392 1261 3452 est),
1309 3396 1423 3440 erat
1464 3397 1671 3456 tempus
1708 3389 1920 3459 quando

337 3490 373 3529 ιι
397 3494 445 3528 ιιι
476 3484 589 3530 erat
619 3476 781 3531 illius
809 3495 820 3529 :
854 3476 1023 3531 fuerat
1071 3479 1253 3546 utique
1300 3490 1507 3547 tempus
1537 3482 1748 3550 quando
1778 3493 1920 3537 es~et

338 3566 497 3620 l‘ater
527 3568 643 3620 sine
670 3572 861 3620 veritat
882 3586 914 3632 -,
946 3567 1063 3621 sine
1094 3568 1201 3633 via,
1235 3571 1351 3623 sine
1382 3571 1507 3623 vita.
1536 3572 1642 3626 Sed
1669 3573 1917 3641 queniam

333 3659 452 3713 sine
484 3657 566 3712 his
595 3658 754 3712 rebus
788 3657 942 3711 l'ater
983 3674 1249 3725 nunrluam
1298 3661 1459 3715 fuisse
1487 3663 1783 3717 credendus
1812 3675 1915 3733 est,

334 3751 490 3805 saluti
523 3759 717 3803 nostra:
752 3759 805 3803 et
837 3751 933 3818 ipsi
984 3753 1235 3804 convenit
1264 3753 1473 3806 veritati
1506 3764 1834 3809 cowteruum
1865 3764 1920 3810 et
1980 3807 1984 3811 .

332 3840 844 3894 consubStautialem
888 3841 1031 3895 Ruri
1073 3857 1167 3911 per
1208 3845 1383 3897 omnia
1428 3844 1614 3898 Filium
1653 3847 1915 3901 conliteri.

335 3927 541 3986 Deinde
570 3932 825 4001 scriptum
858 3942 940 3986 est
965 3950 976 3987 :
1006 3932 1190 3985 Omnia
1228 3952 1319 4005 pur
1343 3936 1505 4005 ipsum
1537 3941 1675 4005 facta
1701 3948 1838 4004 sunt,
1872 3949 1917 3991 et

298 4042 301 4043 '
331 4023 444 4077 sine
470 4024 578 4093 ipso
606 4023 796 4089 factum
822 4032 892 4074 est
924 4041 954 4075 η
979 4022 1051 4075 ltil
1083 4024 1258 4093 (Joan.
1292 4040 1328 4090 ι,
1364 4026 1439 4094 5).
1473 4027 1599 4079 Nam
1629 4028 1671 4081 si
1704 4038 1914 4098 tempus

333 4123 418 4170 est
450 4115 638 4169 factum
672 4131 763 4184 per
786 4116 1002 4181 Filium,
1031 4117 1300 4185 qtlnntodo
1328 4117 1556 4171 esiStere
1585 4121 1756 4185 potuit
1783 4129 1916 4174 tem-

332 4223 457 4277 pus,
483 4208 693 4276 quando
722 4223 825 4261 nou
857 4219 971 4263 erat
998 4222 1184 4263 auctor
1222 4208 1381 4280 ejus?
1416 4210 1505 4266 Sic
1533 4228 1744 4267 errores
1788 4230 1913 4283 pra-

332 4315 432 4353 vos
460 4300 699 4369 sequitur
736 4314 949 4369 semper
985 4301 1307 4355 absurditas.
1361 4301 1659 4372 Sulijiciunt
1704 4320 1914 4374 quoque

335 4391 545 4445 tertiam
572 4389 856 4445 falsitatem
884 4408 896 4444 :
935 4388 1092 4445 Pater
1120 4407 1335 4460 semper
1359 4394 1597 4446 anterius
1623 4392 1755 4448 Filio
1782 4412 1916 4464 pra:-

332 4483 564 4538 dicatur.
612 4482 676 4536 Et
706 4483 792 4536 ubi
823 4491 905 4536 est
951 4482 1113 4537 illul?
1143 4482 1206 4537 In
1242 4486 1494 4555 principio
1523 4496 1630 4539 crat
1679 4486 1912 4555 Verbum,

2022 539 2396 603 nominatum;
2439 541 2512 594 ait
2553 541 2694 595 enim
2730 540 2928 595 Paulus
2967 543 3030 596 ad
3063 542 3609 599 Thessalonicenses:

2024 625 2273 682 Dominus
2312 642 2483 684 autent
2522 632 2714 700 dirigat
2745 634 2901 686 corda
2931 642 3097 686 vestra
3134 635 3185 685 in
3228 634 3476 689 charitate
3513 632 3613 690 Dei

2026 730 2070 773 et
2100 722 2343 792 patientia
2370 720 2559 776 Christi
2583 721 2673 791 (II
2702 724 2833 777 Tim.
2867 740 2947 790 Ill,
2980 724 3058 795 5).
3086 725 3279 780 Orator
3318 727 3459 783 enim
3490 726 3614 795 Spi-

2026 816 2161 867 ritus
2188 827 2403 869 sanctus
2430 824 2485 869 ut
2508 817 2667 870 corda
2707 832 2797 873 cre
2821 819 3040 871 lentium
3087 818 3283 888 dirigat
3310 829 3361 872 et
3392 821 3443 873 in
3485 819 3616 874 cha-

2026 908 2184 961 ritate
2222 908 2310 961 Dei
2344 918 2397 963 et
2424 909 2473 961 in
2505 910 2756 977 patientia
2780 910 2999 965 Christi.
3028 910 3364 979 Quapmpter
3387 925 3526 966 unus
3545 925 3614 967 ex

2024 996 2283 1053 Tt'inilate
2314 1012 2437 1055 ante
2461 1002 2541 1055 vel
2573 1010 2752 1070 postea
2788 1002 3115 1067 nominatus,
3143 1002 3385 1056 audienti
3407 1001 3610 1057 nullum

2026 1091 2388 1160 prwjudicium
2423 1095 2619 1161 poterit
2664 1093 2941 1158 exhibere,
2982 1098 3106 1163 quia
3141 1094 3371 1149 humana
3407 1095 3609 1151 locutio

2025 1183 2181 1235 aliter
2208 1199 2265 1237 se
2293 1201 2396 1238 non
2442 1187 2580 1239 valet
2612 1188 2886 1254 expedire.
2921 1186 2977 1240 In
3014 1188 3124 1241 Deo
3171 1190 3313 1242 enim
3358 1188 3499 1243 nulla
3530 1197 3616 1245 est

2026 1272 2349 1343 disparilitas
2379 1275 2458 1328 vel
2500 1276 2786 1330 diversitas
2822 1278 3171 1332 mstimamla:
3204 1278 3326 1347 quit
3359 1278 3449 1333 ubi
3476 1293 3614 1334 unus

2031 1365 2168 1418 Deus
2203 1374 2347 1419 recte
2374 1365 2630 1431 creditur,
2664 1366 2735 1421 ibi
2771 1369 2944 1421 mini-r
2968 1377 3022 1422 et
3068 1368 3239 1438 major
3282 1384 3388 1424 non
3439 1380 3615 1439 potest

2029 1456 2273 1511 inveniri.
2309 1456 2489 1511 Nescit
2521 1460 2663 1511 enim
2702 1476 2981 1514 numerum
3024 1462 3220 1524 unitas,
3263 1478 3361 1517 nec
3388 1464 3612 1531 gradum

2018 1546 2249 1599 admittit
2288 1547 2583 1615 mqua'itas,
2608 1549 2746 1603 sicut
2768 1551 3025 1617 scriptum
3052 1559 3139 1606 est
3162 1568 3175 1604 :
3223 1551 3342 1607 Non
3369 1556 3614 1611 ascendas

2018 1654 2108 1708 per
2138 1638 2330 1710 gradus
2361 1641 2429 1692 atl
2458 1642 2623 1694 altare
2644 1657 2810 1693 meum
2837 1640 3033 1711 (Exod.
3071 1658 3166 1709 xx,
3196 1642 3315 1711 26).

2557 1753 2830 1809 Conclusio
2870 1756 3076 1823 psalmi.

1950 1859 1994 1918 Β
2093 1865 2296 1923 Parvus
2324 1866 2539 1935 quidem
2576 1867 2816 1936 psalmus
2851 1867 3155 1933 plenissima
3200 1867 3459 1922 brevitate
3485 1881 3617 1922 con-

2021 1960 2204 2014 clusus
2228 1972 2330 2015 est.
2370 1961 2505 2027 Quid
2537 1962 2679 2015 enim
2727 1962 2957 2030 amplius
2996 1962 3168 2032 potuit
3199 1960 3325 2027 dici,
3359 1975 3517 2029 quam
3554 1971 3613 2016 ut

2019 2054 2243 2108 Creator
2269 2054 2462 2109 debeat
2490 2063 2601 2107 toto
2634 2056 2763 2109 urbe
2804 2054 2888 2107 tau
2910 2054 3045 2107 lari?
3080 2054 3327 2108 Fecunda
3357 2053 3613 2119 brevitas,

2022 2150 2309 2202 constricta
2337 2149 2512 2217 copia,
2543 2156 2748 2201 az‘ctum
2792 2147 3128 2207 latissimum.
3157 2153 3213 2201 et
3237 2147 3353 2199 sine
3391 2143 3497 2200 line
3520 2159 3618 2199 an-

2022 2247 2253 2308 gustum.
2305 2238 2349 2292 0
2399 2238 2570 2292 dulcis
2620 2247 2672 2290 et
2716 2237 3031 2291 admiranda
3085 2236 3407 2291 diversitas!
3454 2235 3616 2292 modo

2024 2334 2205 2400 paucis
2252 2333 2535 2385 sententiis
2576 2331 2829 2384 salutaria
2879 2331 3060 2384 dicere
3085 2371 3099 2391 ,
3143 2329 3303 2383 modo
3335 2329 3597 2397 magnalia

2026 2422 2215 2475 diffusa
2253 2423 2496 2475 oratioae
2537 2436 2773 2483 narrare,
2818 2428 2873 2473 ut
2923 2420 3139 2473 taediosa
3179 2420 3472 2473 mortalitas
3512 2431 3614 2473 nec

2030 2516 2081 2568 iu
2123 2514 2234 2579 ipsa
2264 2528 2392 2567 cura
2420 2512 2709 2566 sustineret
2731 2512 3021 2579 fastidium,
3048 2511 3131 2566 eui
3158 2520 3603 2579 pnestatamtnna

2024 2607 2255 2660 varietas
2287 2604 2427 2676 (mss.
2461 2604 2547 2669 A.,
2581 2602 2670 2670 13.,
2706 2601 2800 2670 F.,
2834 2601 3051 2672 veritas]
3084 2592 3394 2671 appetitum.
3435 2599 3614 2667 Qua-ri

2029 2698 2245 2751 forsitan
2278 2704 2452 2765 potest
2475 2711 2571 2749 cur
2601 2695 2734 2749 duos
2782 2704 2983 2749 tantum
3016 2708 3199 2748 versus
3244 2694 3476 2761 psalmus
3505 2692 3610 2746 iste

2025 2789 2318 2851 contineat,
2347 2802 2465 2841 cum
2496 2803 2525 2839 e
2547 2788 2757 2840 diverso
2783 2786 3109 2840 centesimus
3131 2785 3372 2840 decimus
3393 2794 3616 2838 octavus

2026 2893 2238 2934 Centum
2262 2878 2594 2948 septuaginta
2625 2892 2721 2931 sex
2751 2878 2993 2931 versibus
3016 2876 3303 2944 productus
3323 2889 3442 2930 esse
3465 2889 3619 2928 mon-

2030 2979 2249 3034 stretur,
2281 2970 2476 3039 aliique
2511 2970 2815 3035 complures
2858 2968 3058 3037 dispari
3093 2966 3252 3022 modo
3293 2982 3389 3037 pro
3429 2980 3610 3022 rerum

2023 3065 2277 3136 qualitate
2322 3062 2531 3117 formati
2569 3074 2714 3118 sunt.
2753 3061 2857 3117 Sed
2904 3061 3035 3115 illud
3085 3060 3331 3116 fortassis
3376 3059 3651 3115 indicare-

2026 3174 2110 3212 res
2159 3158 2256 3211 ista
2292 3156 2677 3224 cognoscitur:
2723 3155 2970 3225 quoniam
3021 3156 3161 3209 sicut
3206 3154 3507 3218 harmonia,
3558 3152 3613 3208 id

2023 3259 2125 3314 est,
2158 3247 2374 3302 musica:
2407 3247 2615 3300 virtutis
2645 3248 2864 3316 pulchra
2908 3246 3203 3300 modulatio
3230 3287 3244 3309 ,
3283 3259 3349 3298 ex
3389 3243 3493 3297 divi
3514 3243 3618 3298 rsis

2026 3341 2171 3393 sonis
2197 3352 2354 3408 atque
2383 3339 2687 3393 accentibus
2717 3354 2873 3393 uuam
2917 3338 3207 3407 perlectam
3248 3336 3450 3391 faciunt
3473 3349 3605 3390 can-

2029 3431 2265 3495 ti‘enam,
2293 3431 2369 3483 sic
2397 3439 2450 3483 et
2486 3432 2568 3483 isti
2610 3430 2800 3500 psalmi
2848 3431 3005 3483 modo
3050 3430 3258 3495 breves,
3296 3428 3454 3483 modo
3495 3442 3620 3483 me-

2027 3523 2261 3588 diocres,
2294 3522 2452 3575 modo
2482 3523 2795 3592 longissimi,
2839 3522 2894 3577 in
2938 3538 3100 3577 unum
3134 3532 3452 3578 concentum
3492 3535 3616 3576 sua.

2029 3614 2193 3668 vitate
2239 3614 2546 3669 dulcissima
2595 3616 2931 3688 rediguntur.
2982 3618 3105 3672 Sive
3157 3616 3345 3688 (quod
3391 3615 3615 3670 credere

2023 3706 2237 3774 dignum
2279 3704 2401 3777 est)
2448 3708 2679 3761 futurum
2732 3724 2953 3779 regnum
3002 3709 3213 3764 Domini
3258 3708 3614 3778 signiﬁcatur,

2024 3797 2110 3850 ubi
2155 3797 2367 3851 diversa
2408 3798 2594 3852 merita
2624 3810 2929 3852 sanctorum
2971 3813 3068 3866 pro
3107 3808 3320 3852 actuum
3362 3798 3617 3867 qualitate

2024 3886 2322 3955 fulgebunt,
2356 3904 2476 3941 cum
2509 3900 2684 3943 tamen
2713 3892 2960 3945 omnibus
2983 3906 3086 3944 una
3112 3888 3383 3945 beatitudo
3409 3899 3619 3947 ettsua-

2024 3978 2158 4032 vitas
2188 3987 2389 4031 interna
2420 3990 2730 4046 praestetur.

2290 4088 2651 4146 EXPOSITIO
2683 4093 2745 4146 IN
2776 4094 3100 4151 PSALMUM
3133 4095 3345 4152 CXVII.

2698 4206 2942 4261 Alleluia.

2093 4313 2339 4384 Legimus
2370 4315 2421 4369 in
2449 4317 2765 4390 Apocalypsi
2797 4320 3019 4376 Joannis
3046 4322 3272 4390 apostoli
3302 4322 3456 4395 (Cap.
3492 4338 3604 4387 χιι.

2024 4405 2074 4470 1,
2107 4411 2186 4472 4),
2221 4407 2447 4462 Alleluia
2482 4410 2531 4463 iu
2564 4412 2702 4464 ctelo
2733 4421 2950 4467 cantare
2989 4414 3389 4470 multitudinem
3420 4414 3609 4483 copioo

2023 4514 2135 4552 sam
2162 4515 2175 4563 ;
2209 4498 2351 4566 quod
2381 4502 2542 4555 etiam
2564 4513 2791 4571 quatuor
2811 4505 3063 4561 animalia
3089 4515 3143 4560 et
3168 4506 3353 4576 viginti
3384 4516 3613 4574 quatuor

332 4572 640 4673 never-bum
668 4584 772 4627 erat
800 4575 939 4673 apud
984 4573 1141 4629 Deum
1177 4575 1420 4645 (Ibidem,
1576 4578 1735 4634 Vides
1782 4582 1913 4635 nihil
1947 4618 1989 4673 υ
2020 4590 2261 4644 seniores
2290 4590 2576 4646 adorantes
2611 4594 2887 4650 Dominum
2927 4595 3134 4662 dicunt,
3165 4572 3306 4665 quod
3351 4572 3493 4649 totus
3519 4594 3612 4650 illo

332 4667 406 4722 ibi
460 4666 621 4723 fuisse
662 4669 1043 4737 praepositum;
1073 4685 1191 4722 nam
1232 4681 1285 4724 et
1315 4672 1494 4725 multis
1531 4671 1661 4724 locis
1709 4676 1913 4741 primus

333 4759 502 4819 Filius
535 4762 853 4830 nominatur,
890 4774 943 4815 ut
975 4773 1056 4818 est
1088 4762 1212 4817 illud
1256 4765 1492 4831 ApoStoli
1516 4764 1580 4821 ad
1615 4764 1869 4833 Ephesios
1896 4784 1908 4821 :

332 4858 416 4912 An
448 4859 648 4912 nescitis
677 4859 793 4928 quin
825 4860 986 4912 omnis
1016 4861 1294 4927 fornicator
1316 4871 1360 4914 et
1384 4862 1673 4916 immundus
1697 4880 1798 4918 non
1819 4864 1912 4918 Ita-

332 4950 414 5004 bet
446 4952 782 5005 [taretlitatem
813 4953 864 5004 in
893 4969 1048 5024 regno
1075 4951 1263 5007 Christi
1297 4960 1344 5007 el
1371 4953 1467 5006 Dei
1500 4952 1713 5024 (Ep/tes.
1742 4970 1792 5018 ν,
1818 4956 1912 5023 5)?

333 5041 402 5097 Et
431 5043 494 5095 ad
532 5041 744 5096 Galatas
772 5060 784 5095 :
830 5043 1028 5097 Paulus
1063 5044 1327 5114 apostolus
1359 5062 1457 5098 non
1489 5046 1550 5099 ab
1579 5047 1868 5100 hominibus
1892 5086 1908 5111 ,

331 5151 494 5204 neque
522 5152 614 5205 per
640 5135 912 5199 hominem,
945 5139 1034 5189 sed
1060 5154 1149 5209 per
1176 5135 1352 5191 Iesum
1380 5138 1635 5195 Christum
1662 5152 1709 5194 et
1747 5139 1911 5197 Dsum

332 5223 545 5281 Patrem
587 5226 785 5300 (Colat.
821 5245 855 5290 t,
891 5228 966 5300 l).
1012 5230 1077 5284 Et
1110 5230 1173 5284 ad
1214 5231 1758 5291 Thcssaloniceuses;
1800 5235 1921 5304 Ipse

330 5328 505 5371 autem
540 5320 785 5374 Dmninus
817 5320 968 5375 Jesus
996 5320 1247 5386 Christus,
1280 5334 1325 5377 et
1358 5324 1494 5379 Deus
1530 5326 1689 5380 Pater
1714 5340 1917 5394 noster,

330 5410 423 5482 qui
452 5410 629 5473 dilexit
668 5429 758 5465 nos
788 5416 803 5482 (
829 5409 891 5464 II
925 5412 1099 5467 Tltess.
1133 5430 1192 5479 tt,
1234 5414 1365 5485 15).
1407 5417 1470 5471 Et
1508 5418 1573 5471 ad
1611 5419 1920 5476 Corinthios

332 5500 567 5554 secunda
596 5519 608 5553 :
653 5500 832 5556 Gratia
876 5503 1079 5558 Domini
1118 5509 1277 5560 nosiri
1316 5506 1439 5561 Jesu
1470 5509 1685 5571 Christi.
1717 5521 1763 5565 et
1792 5513 1921 5566 clm-

331 5591 463 5644 ritus
497 5592 589 5646 Dei
620 5591 707 5662 (11
737 5595 852 5648 Cor.
888 5613 999 5661 xm,
1037 5600 1146 5669 15).
1180 5600 1244 5653 Ει
1275 5610 1328 5654 ut
1363 5602 1516 5656 istam
1555 5594 1912 5672 aequalitatem

331 5684 404 5737 de
434 5696 536 5737 leta
567 5688 893 5759 intelligeres
922 5693 1199 5759 'I‘rinitate,
1229 5695 1452 5759 addidit,
1491 5705 1538 5750 et
1574 5700 1919 5753 communica-

335 5777 407 5832 tio
437 5779 598 5833 sancti
631 5779 774 5851 Spiri
799 5800 855 5838 us
894 5801 1007 5839 cum
1036 5789 1267 5843 omnibus
1304 5789 1458 5844 vob's.
1503 5790 1721 5862 Legitur
1756 5792 1918 5848 etiam

2015 4682 2251 4757 cmlesds
2289 4686 2558 4740 exercitus
2590 4688 2640 4740 in
2674 4703 2806 4743 voce
2835 4689 2975 4743 tuba:
3015 4688 3354 4757 grandisome
3396 4690 3609 4759 hymni-

2012 4772 2126 4827 dica
2152 4773 2504 4859 exsultatione
2527 4779 2887 4835 concelebrat.
2914 4781 3252 4850 Quapropter
3272 4782 3337 4836 ad
3364 4782 3464 4837 hoc
3490 4784 3607 4838 latt-

2014 4863 2100 4917 dis
2129 4862 2361 4917 alliciunt
2391 4876 2444 4919 et
2465 4882 2561 4920 nos
2581 4868 2829 4925 alacriter
2853 4872 3188 4927 accedamus.
3214 4873 3363 4941 Quod
3392 4876 3435 4928 si
3471 4890 3605 4941 puro

2014 4958 2175 5012 corde
2206 4957 2471 5024 cauimus,
2502 4964 2702 5014 sanctis
2733 4963 3016 5017 virtutibus
3050 4964 3137 5032 pia
3167 4965 3453 5020 devtitione
3498 4969 3609 5020 mi-

2015 5067 2264 5118 scemur;
2297 5054 2456 5122 litque
2488 5055 2660 5110 honor
2691 5067 2742 5112 et
2763 5059 2932 5126 gratia
2958 5068 3312 5128 terrenarum,
3337 5080 3453 5133 qua:
3480 5065 3609 5120 bea-

2019 5142 2189 5197 titudo
2221 5144 2475 5212 probatur
2504 5162 2627 5201 esse
2656 5149 2978 5205 cwlestium.
3004 5152 3266 5219 Quocirca
3305 5156 3609 5211 intueamur

2022 5233 2165 5287 hunc
2211 5234 2471 5301 psalmum
2512 5240 2755 5305 speciosa
2796 5240 2970 5297 fronte
2995 5244 3320 5300 relucentem
3350 5264 3363 5313 ;
3396 5248 3447 5301 in
3478 5249 3610 5317 ipsis

2018 5324 2210 5393 quippe
2238 5325 2513 5393 principiis
2544 5339 2775 5397 quatuor
2806 5346 3000 5387 versus
3030 5336 3145 5404 pari
3181 5338 3286 5391 line
3319 5341 3605 5408 conclusit,

2017 5424 2077 5467 ttt
2117 5416 2422 5483 evangelica
2457 5433 2680 5475 numero
2729 5429 2898 5477 totum
2940 5427 3194 5483 mundum
3238 5430 3326 5485 uni
3377 5432 3606 5488 Domino

2016 5509 2200 5565 laudes
2228 5509 2422 5568 debere
2448 5513 2692 5583 reddere,
2719 5518 3096 5576 adhortatione
3115 5524 3436 5593 quadrifaria
3461 5540 3609 5582 com-

2020 5608 2282 5657 moueret.
2318 5601 2423 5656 llos
2446 5604 2792 5665 intercalares
2815 5627 2919 5665 non
2949 5630 3234 5682 possumus
3254 5618 3457 5681 dicere,
3481 5618 3607 5687 quia

2024 5695 2201 5749 nullos
2241 5693 2376 5749 alios
2417 5698 2624 5765 miscet,
2672 5704 2765 5759 sed
2814 5707 3041 5764 unilines
3082 5725 3176 5764 eos
3216 5723 3340 5780 apto
3387 5710 3609 5767 forsitan

2025 5790 2243 5845 nomine
2278 5792 2595 5865 Vucitamus,
2629 5801 2717 5868 qui
2749 5801 2907 5857 simili
2942 5805 3225 5861 verborum
3258 5804 3611 5863 consonantia
