4032 6340
494 350 595 407 8‘27
1712 339 1783 395 Μ.
1810 336 2092 395 Αυιιειιι

2202 334 2531 393 tssmoom
2830 304 2835 307 ’
3659 329 3771 387 sas

495 465 867 524 terminantur.
915 462 1024 519 Hoc
1062 470 1115 517 et
1151 461 1203 515 in
1241 457 1536 515 centesimo
1574 455 1849 525 trigesimo
1885 455 2071 525 quinto
2101 460 2148 517 Α
2177 453 2391 522 minam,
2424 462 2482 507 ut
2507 451 2628 507 illos
2654 451 2959 506 ostenderet
2988 466 3127 521 quos
3162 450 3213 505 in
3235 450 3533 506 centesimo
3553 448 3770 505 decimo

496 559 705 629 psalmo
736 572 829 625 per
851 569 1038 609 omnes
1059 567 1242 629 versus
1267 551 1512 605 absofnte
1540 548 1771 601 facturus
1792 556 1905 612 est;
1929 544 2071 615 quod

498 753 800 796 monemus.

1077 825 1271 880 Divisio
1299 826 1504 897 psalmi.

571 918 769 979 Fidelis
798 922 1024 994 populus
1055 928 1392 989 peccatorum
1434 917 1660 972 nexibus
1690 913 1986 977 absolutus;
2018 912 2072 967 in

498 1015 665 1084 prima
693 1017 931 1069 sectione
955 1012 1277 1081 generaliter
1316 1010 1591 1072 hortatur,
1623 1017 1683 1063 ut
1713 1007 2076 1077 unusquisque

500 1106 724 1161 Domino
751 1108 944 1162 debeat
972 1104 1212 1160 conﬁteri
1240 1122 1253 1157 :
1283 1104 1533 1174 quoniam
1565 1101 1618 1156 in
1648 1097 2076 1155 tribulationibus

498 1199 795 1264 exauditus,
828 1197 1102 1268 professus
1132 1206 1215 1251 est
1254 1196 1522 1249 hominem
1554 1193 1856 1248 nullatenus
1886 1189 2075 1243 formi-

498 1288 754 1346 dandum.
784 1289 1028 1345 Secunda
1060 1290 1110 1342 in
1140 1289 1258 1342 solo
1280 1286 1407 1341 dicit
1432 1284 1656 1339 Domino
1676 1281 2077 1350 conﬁdendum,

502 1394 595 1450 per
622 1395 779 1449 quem
811 1382 1048 1451 gentium
1082 1379 1391 1433 in'micitias
1432 1377 1686 1447 probatur
1723 1374 1957 1429 evasisse
1980 1411 1995 1435 ,
2028 1382 2082 1425 et

499 1470 565 1522 ad
595 1469 948 1524 veracis-simae
974 1471 1095 1524 vitze
1136 1469 1444 1537 pervenisse
1484 1467 1742 1522 remedia.
1778 1464 1958 1518 Tertia
1998 1477 2083 1516 se-

500 1562 675 1615 ctione
710 1560 1026 1629 aperiendas
1057 1560 1155 1612 sibi
1197 1569 1376 1628 portas
1414 1558 1545 1612 dicit
1572 1571 1691 1611 esse
1715 1555 1958 1625 justitize,
1992 1552 2080 1606 ubi

501 1651 630 1706 dicit
655 1652 815 1707 etiam
846 1653 914 1706 de
939 1651 1176 1719 angulari
1206 1650 1403 1720 lapide,
1433 1650 1485 1703 id
1509 1657 1589 1703 est
1614 1647 1682 1703 de
1711 1646 1937 1701 Domino
1964 1645 2085 1700 Sal-

503 1752 707 1798 vatore.
742 1743 938 1809 Quarta
971 1743 1192 1813 reliquis
1219 1741 1538 1796 Christianis
1564 1738 1948 1808 frequentanda
1979 1735 2085 1790 Do-

492 1834 631 1889 mini
662 1834 796 1889 atria
830 1832 1132 1903 persuadet,
1164 1834 1231 1889 de
1259 1833 1492 1890 adventu
1522 1842 1723 1887 sancta:
1761 1830 2083 1885 incarnatio-

502 1926 590 1981 nis
616 1922 767 1979 suavi
792 1923 1146 1981 delectatione
1175 1924 1535 1992 congaudens.

1056 2014 1319 2086 EIPOLiliO
1347 2015 1553 2086 psahui.

575 2106 729 2162 Vera.
763 2108 813 2163 l.
842 2106 1166 2173 Conﬁtemini
1205 2104 1425 2159 Domino
1465 2104 1709 2172 quoniam
1741 2104 1932 2166 bonus,
1962 2116 2093 2167 quo-

503 2200 645 2259 niam
674 2201 725 2253 in
751 2200 997 2255 sarculum
1035 2196 1383 2255 misericordia
1419 2196 1552 2267 ejus.
1585 2194 1818 2261 Populus
1850 2191 1939 2247 ille
1969 2192 2094 2245 bea-

507 2301 682 2349 torum
707 2291 797 2362 qui
823 2306 853 2345 a
894 2290 1104 2361 propria
1144 2287 1319 2343 luerat
1353 2286 1506 2343 clade
1547 2286 1820 2348 liberatus,
1850 2283 2087 2352 reliquos

503 2389 809 2439 commonet
848 2377 1032 2433 ﬁdeles
1059 2385 1118 2433 ut
1156 2374 1363 2430 Domini
1391 2374 1634 2429 laudibus
1660 2381 1969 2428 constanter
1998 2372 2089 2425 ia-

506 2473 746 2543 vigilent.
772 2472 875 2526 Ista
904 2471 1046 2526 enim
1076 2467 1343 2524 confessio
1370 2468 1437 2523 ad
1466 2466 1675 2521 laudem
1719 2466 1950 2535 pertinet
1992 2464 2088 2518 ab-

507 2566 718 2620 solute:
754 2565 868 2620 sive
895 2565 1019 2631 quia
1058 2563 1131 2618 illi
1170 2570 1254 2617 est
1294 2560 1520 2616 Alleluia
1564 2558 1928 2629 praepositum.
1974 2557 2088 2613 sivo

507 2657 632 2725 quia
662 2670 691 2710 a
719 2655 942 2711 diversis
970 2654 1231 2724 angustiis
1258 2662 1501 2722 ereptum
1539 2667 1599 2707 se
1630 2650 1839 2706 Domini
1866 2651 2089 2705 misera-

509 2746 652 2805 tione
676 2746 903 2805 laetatur.
934 2745 1129 2801 Laudis
1150 2758 1360 2814 quoque
1385 2757 1546 2796 can-a
1572 2741 1729 2810 subth
1756 2739 1937 2809 igitur,
1970 2754 2095 2811 quo-

2179 544 2335 598 tertio
2366 544 2570 610 psalmo
2591 543 2836 598 dixerat:
2870 542 3102 596 Pusillus
3122 558 3253 597 cum
3282 541 3563 613 majoribus
3586 540 3765 611 (Psal.

424 670 425 673 η
496 624 942 721 quemadmodum
970 658 1029 697 se
1059 624 1269 702 habeat.
1303 655 1402 695 suo
1439 640 1556 693 loco
1595 636 1894 692 evidentius
1924 650 2076 690 com-
2176 648 2326 699 csnt,
2359 634 2481 704 l3),
2510 634 2599 701 qui
2636 634 2689 687 in
2718 644 2883 687 ‘unam
2921 633 3238 687 societatem
3284 633 3504 687 Christo
3536 631 3769 687 Domino

2185 740 2316 795 pura
2349 733 2527 779 mente
2555 724 2731 779 devoti
2759 734 2904 779 sunt.
2934 722 3030 781 Sic
3050 724 3333 779 diversitas
3360 724 3462 778 ista
3489 724 3769 778 nominum

2182 815 2583 886 generalitatem
2610 819 2989 885 complectitur
3015 816 3261 872 absolute
3286 815 3547 870 ﬁdelium.

2253 907 2407 962 Vera.
2439 909 2493 964 5.
2524 905 2589 961 In
2615 907 2944 961 tribulatione
2968 908 3195 961 invocavi
3219 906 3519 971 Dominam,
3540 914 3590 959 et
3612 920 3777 959 em-

2182 1001 2303 1054 divit
2335 1017 2412 1055 me
2439 1003 2492 1054 in
2520 1002 2808 1055 la:itudine.
2842 1002 3159 1071 Exemplum
3200 1001 3473 1070 proprium
3514 1005 3767 1069 ponitur,

2183 1103 2241 1146 ut
2268 1092 2593 1146 audientium
2624 1094 2833 1147 animus
2858 1094 3124 1148 excitetur
3150 1111 3164 1147 :
3193 1094 3317 1163 qu’a
3358 1106 3610 1161 magnum
3641 1106 3766 1148 cre-

2184 1185 2424 1240 ἀυιςιειιὶδ
2463 1185 2866 1241 incitamentum
2904 1196 3016 1255 est,
3058 1189 3231 1258 ipsum
3284 1188 3488 1259 gratias
3526 1198 3773 1255 agente!!!

2188 1276 2371 1331 audire
2395 1277 2483 1346 qui
2535 1276 2772 1346 pertulit.
2804 1278 2909 1334 Sed
2948 1280 3226 1334 considera
3271 1278 3411 1348 quo-1
3456 1278 3775 1340 addidit,in

2186 1367 2497 1424 latitudine:
2526 1370 2778 1439 quoniam
2818 1385 2915 1426 nos
2942 1370 3015 1427 de
3042 1373 3226 1427 sazculi
3261 1371 3479 1443 quidem
3516 1371 3771 1442 angustiis

2189 1460 2398 1528 liberat,
2430 1464 2523 1517 sed
2554 1464 2607 1516 in
2633 1479 2818 1534 magna
2852 1466 3192 1531 praamiorum
3230 1481 3451 1519 suorum
3497 1466 3767 1519 latitudine

2190 1552 2473 1615 miseratus
2506 1566 2774 1625 acceptat.
2826 1557 2997 1627 Eripit
3041 1558 3109 1614 de
3156 1560 3545 1627 temporalibus
3594 1559 3773 1625 malis,

2191 1646 2284 1699 sed
2320 1646 2474 1701 bonis
2498 1663 2595 1702 nos
2619 1658 2812 1716 potens
2841 1656 2921 1703 est
2950 1649 3170 1718 implere
3208 1652 3501 1720 perpetuis.
3538 1650 3779 1706 Szeviant

2192 1750 2320 1803 ergo
2350 1738 2735 1804 quantumlibet
2770 1739 3055 1792 transitura
3094 1739 3429 1806 discrimina,
3470 1747 3779 1795 tumescant

2190 1827 2541 1883 adversitates
2571 1831 2824 1897 cadncre;
2857 1830 3116 1886 latissime
3152 1833 3395 1888 redditur
3424 1836 3571 1901 quod
3602 1834 3655 1888 in
3684 1834 3780 1894 hac

2191 1916 2370 1971 tnnndi
2406 1918 2667 1975 brevitate
2693 1919 2864 1975 ﬁdelis
2894 1923 3118 1991 populus
3148 1924 3475 1993 ingravatur.

2263 2007 2416 2063 Vers.
2452 2009 2506 2063 6.
2539 2010 2782 2067 Dominus
2812 2014 2936 2067 mihi
2965 2016 3171 2085 adiutor
3194 2027 3289 2085 est,
3315 2035 3415 2071 non
3443 2019 3633 2073 timebo
3659 2019 3780 2091 quid

2195 2097 2354 2169 faciat
2383 2102 2510 2155 nti/ti
2538 2102 2708 2157 homo.

2269 2192 2421 2249 Vers.
2453 2194 2507 2251 7.
2540 2194 2785 2250 Dominus
2827 2198 2953 2251 mihi
2980 2199 3187 2271 adjutor
3211 2241 3227 2267 ,
3265 2210 3312 2255 et
3339 2217 3432 2272 ego
3480 2202 3663 2257 videbo
3685 2202 3783 2255 ini-

2192 2288 2349 2342 mices
2380 2305 2537 2344 meos.
2569 2289 2820 2357 Quamvis
2849 2306 3035 2347 versus
3066 2294 3153 2348 isti
3187 2309 3320 2363 pene
3344 2295 3635 2351 vidi-antur
3667 2311 3781 2350 esse

2193 2379 2520 2446 consimiles,
2534 2380 2756 2451 singulis
2775 2390 2952 2437 tamen
2968 2383 3145 2436 verbis
3160 2383 3381 2437 omnino
3393 2384 3616 2439 discreti
3628 2392 3769 2438 sunt.

2196 2466 2327 2523 Nam
2366 2483 2485 2524 cum
2515 2485 2574 2525 se
2595 2470 2725 2526 dicit
2758 2472 2961 2528 auxilio
3002 2472 3213 2528 Domini
3257 2475 3531 2529 hominem
3574 2492 3679 2529 non
3716 2477 3780 2529 ti-

2197 2575 2365 2629 mere,
2394 2563 2635 2616 carnales
2659 2561 2901 2632 designat
2931 2563 3197 2632 inimicos,
3231 2565 3322 2635 qui
3352 2566 3636 2623 visualiter
3660 2568 3782 2622 rcli-

2193 2654 2464 2726 giosorum
2504 2655 2833 2725 propositum
2880 2666 3289 2727 persequuntur.
3324 2657 3460 2712 Cum
3502 2674 3633 2713 vero
3670 2660 3775 2729 ait,

2199 2747 2376 2800 videbo
2402 2747 2635 2800 inimicos
2660 2763 2818 2814 meos,
2849 2747 3153 2817 spirituales
3181 2748 3447 2817 nequitias
3486 2751 3597 2803 volt
3627 2750 3781 2804 intel-

511 2838 649 2892 niam
689 2837 848 2893 bonus
873 2879 887 2905 ,
935 2836 1075 2904 quod
1123 2851 1318 2895 nomen
1362 2835 1468 2889 Deo
1507 2834 1723 2904 proprie
1763 2843 1968 2889 certum
2014 2839 2098 2887 est
2197 2835 2309 2905 ligi,
2343 2849 2475 2905 quas
2500 2835 2553 2889 in
2586 2835 2679 2891 illo
2700 2836 2901 2906 judicio
2924 2837 3054 2892 dicit
3079 2852 3200 2893 esse
3236 2839 3515 2907 videndae,
3550 2840 3636 2894 ubi
3658 2841 3771 2909 jam

508 2931 800 2991 convenire
826 2946 840 2996 ;
869 2944 991 2985 nam
1019 2944 1140 2983 cum
1161 2928 1230 2983 ab
1259 2926 1548 2989 incredulis
1572 2924 1774 2981 Jl-dxis
1799 2922 2094 2979 secundum

510 3026 689 3080 carnis
731 3033 1006 3094 aspectum
1037 3022 1279 3085 Christus
1312 3020 1561 3092 Magister
1601 3020 1760 3083 bonus
1782 3050 1783 3053 η
1805 3019 2099 3087 diceretur,

2208 2929 2452 2986 diabolus
2481 2944 2601 2984 cum
2629 2931 2837 2986 caeteris
2866 2931 3124 2986 ministris
3150 2931 3262 2986 suis
3292 2932 3585 2987 destructus
3614 2943 3781 3001 atque

2206 3020 2490 3075 damnatus
2520 3021 2762 3075 humanis
2784 3022 3158 3091 conspectibus
3182 3024 3478 3091 apparebit.
3502 3022 3629 3077 Nam
3650 3039 3777 3078 cum

506 3119 787 3195 respondit
816 3120 966 3189 ipse:
999 3118 1137 3187 Quid
1164 3133 1243 3173 me
1268 3116 1589 3187 interrogatis
1619 3114 1683 3168 de
1714 3115 1843 3171 bono
1876 3112 2095 3183 (Matth.
2123 3136 2175 3204 ο
2207 3111 2367 3165 modo
2395 3110 2620 3165 maxima
2649 3125 2774 3180 pars
2810 3111 3082 3166 hominum
3115 3112 3360 3167 inimicos
3386 3127 3513 3166 suos
3540 3113 3787 3168 carnales

509 3225 663 3279 xxtx,
696 3210 784 3278 17,
813 3221 858 3271 et
890 3207 1056 3265 Marc.
1087 3225 1141 3273 x,
1169 3208 1281 3279 18),
1304 3207 1394 3278 qui
1422 3222 1506 3262 me
1528 3205 1788 3263 ctelorum
1813 3204 2093 3261 Dominum

510 3317 633 3359 esse
661 3317 766 3356 non
806 3300 1071 3359 creditis?
1117 3300 1413 3371 Adjiciens,
1449 3298 1611 3354 Nemo
1640 3299 1802 3353 bonus
1828 3299 1926 3353 nisi
1954 3299 2097 3352 solus

511 3393 672 3449 Deus.
703 3392 809 3448 Sed
855 3407 977 3448 cum
1019 3392 1250 3460 legatur,
1295 3392 1468 3447 Bonus
1511 3392 1662 3444 homo
1703 3394 1765 3445 de
1807 3391 1940 3443 bona
1982 3390 2096 3444 tneo

510 3500 663 3543 sauro
688 3499 781 3539 suo
810 3486 1003 3555 profert
1038 3482 1171 3537 bona
1202 3481 1432 3553 (Matth.
1466 3498 1571 3547 xu,
1602 3479 1726 3553 53),
1758 3480 1921 3552 39.5
1949 3480 2098 3552 quasi

512 3576 721 3635 videtur
748 3590 868 3630 esse
895 3573 1245 3632 contrarium.
1290 3573 1400 3632 Sed
1429 3574 1699 3630 hominem
1735 3575 1932 3628 bonum
1961 3573 2095 3629 dici-

514 3683 633 3726 mus
656 3684 751 3741 pcr
783 3668 989 3723 Domini
1014 3667 1241 3739 gratiam
1269 3667 1465 3724 factum
1489 3684 1504 3734 ;
1538 3682 1661 3723 nam
1686 3667 1772 3721 ille
1800 3667 1948 3722 solus
1975 3682 2097 3734 pro-v

515 3759 630 3830 prie
660 3775 752 3830 per
775 3774 834 3815 se
866 3759 1062 3816 dicitur
1084 3758 1278 3825 bonus,
1313 3758 1404 3829 qui
1432 3773 1526 3814 eos
1551 3758 1675 3813 lacit
1702 3758 1928 3827 implere
1953 3757 2095 3827 quod

513 3852 639 3915 boni
669 3862 815 3919 sunt.
847 3852 1101 3924 Sequitur
1127 3854 1371 3923 quoniam
1399 3853 1453 3907 in
1479 3854 1724 3915 saeculum
1751 3853 2100 3911 misericordia

514 3950 645 4020 ejus.
679 3947 847 4019 Ipsius
871 3964 1083 4020 quoque
1111 3949 1236 4004 boni
1267 3964 1425 4019 quem
1454 3934 1681 4016 dixerat,
1722 3948 1990 4017 expositio
2018 3947 2101 4003 di-

517 4040 817 4095 lucidatnr:
846 4040 970 4111 quia
1000 4055 1107 4095 non
1133 4039 1306 4094 solum
1340 4048 1557 4109 praestat
1584 4038 1887 4107 immeritis,
1917 4037 2010 4092 sed
2044 4039 2097 4092 in

516 4145 777 4186 mternum
824 4130 1204 4186 misericordire
1239 4146 1353 4196 sua:
1380 4133 1518 4186 dona
1552 4130 1817 4186 concedit.
1855 4129 1921 4184 In
1949 4145 2101 4185 siccu-

518 4223 624 4278 lum
669 4225 852 4288 en’m,
910 4225 1314 4292 perpetuitatem
1372 4223 1636 4294 signiﬁcat
1682 4222 1951 4289 futuram,
2007 4221 2097 4277 ubi

520 4327 681 4367 unum
708 4323 791 4369 est
817 4314 1094 4378 szeculum,
1123 4324 1179 4369 et
1208 4328 1309 4367 una
1338 4313 1476 4378 dies,
1506 4328 1605 4369 nec
1632 4313 1952 4384 permutatio
1992 4312 2100 4367 ulla

518 4402 780 4460 succedit.

2200 3201 2441 3270 aspiciat,
2475 3201 2601 3255 illud
2637 3203 2803 3272 magis
2829 3213 3049 3269 optasse
3074 3203 3376 3259 credendus
3407 3212 3510 3267 est,
3534 3204 3677 3273 quod
3704 3205 3786 3259 hic

2203 3292 2385 3348 videre
2422 3307 2530 3347 non
2559 3302 2787 3363 poterat.
2820 3293 2943 3350 Sive
2972 3302 3092 3350 orat
3118 3304 3174 3347 ut
3218 3294 3473 3351 latentem
3513 3294 3787 3349 inimicum

2204 3385 2380 3440 valeat
2406 3386 2621 3451 intueri,
2652 3394 2914 3456 quatenus
2940 3387 3147 3444 cautior
3168 3387 3386 3443 eﬁ‘ectns
3416 3391 3484 3441 ab
3508 3390 3629 3458 ejus
3657 3389 3783 3443 insi-

2206 3476 2309 3531 diis
2331 3478 2584 3533 reddatur
2612 3479 2841 3535 alienus.
2874 3479 2936 3534 Et
2965 3489 3091 3536 nota
3119 3481 3256 3550 quod
3287 3482 3339 3535 in
3366 3481 3646 3551 principiis
3673 3496 3787 3534 am-

2209 3571 2397 3627 borum
2428 3586 2678 3627 versuum
2705 3572 2892 3627 eadem
2922 3573 3088 3629 verba
3117 3574 3427 3646 geminavit.
3459 3574 3592 3641 ρυω
3622 3575 3785 3645 ﬁgura

2203 3665 2399 3721 dicitur
2427 3665 2721 3735 anaphora,
2744 3680 2863 3736 quae
2893 3664 3054 3725 etiam
3079 3666 3135 3722 in
3158 3665 3516 3737 sequentibus
3547 3666 3789 3721 versibus

2205 3756 2493 3811 invenitur.

2273 3848 2428 3904 Vers.
2458 3849 2511 3901 8.
2538 3846 2738 3902 Bonum
2767 3857 2840 3904 est
2865 3850 3120 3920 conﬁdere
3147 3851 3200 3904 in
3228 3849 3451 3906 Domino
3482 3867 3632 3920 quam
3660 3866 3783 3903 con-

2199 3939 2357 4010 ﬁdere
2383 3941 2435 3995 in
2471 3938 2694 3996 nomine.
2736 3940 2971 4011 Populus
3009 3943 3100 4000 ille
3133 3944 3408 4000 beatorum
3446 3944 3615 4000 divino
3656 3959 3779 3997 mu-

2202 4052 2332 4093 nere
2364 4036 2641 4104 liberatus,
2669 4037 2900 4095 ﬁdeliter
2922 4055 2986 4094 ac
3015 4042 3100 4113 pie
3127 4041 3360 4107 docens,
3402 4040 3548 4098 venit
3585 4041 3652 4096 ad
3689 4057 3781 4096 se-

2200 4129 2428 4186 cundam
2461 4130 2775 4195 sectionem,
2816 4131 3041 4186 dicens:
3075 4132 3131 4188 ln
3164 4132 3273 4188 Deo
3303 4132 3440 4200 solo,
3473 4150 3579 4189 non
3613 4135 3668 4187 in
3696 4133 3784 4186 Ito-

2204 4221 2337 4274 mine
2390 4221 2752 4290 conﬁdendum
2781 4237 2800 4287 ;
2859 4222 2912 4277 in
2972 4222 3063 4278 illo
3111 4224 3314 4279 scilicet
3364 4226 3457 4295 qui
3516 4224 3787 4281 veraciter

2201 4310 2486 4380 promittit,
2533 4326 2639 4366 non
2681 4311 2733 4366 in
2777 4311 2878 4367 isto
2926 4312 3016 4383 qui
3061 4314 3229 4369 lallaci
3261 4318 3689 4388 praesumptione
3728 4331 3787 4373 se

2200 4401 2418 4472 decipit.
2450 4402 2641 4470 Quanti
2671 4402 2813 4458 enim
2841 4404 2987 4459 stulti
3021 4402 3241 4460 dicunt:
3274 4406 3434 4462 Facio
3467 4405 3610 4477 quod
3648 4407 3785 4473 volo,

592 4493 745 4551 Vers.
772 4494 828 4549 Β.
852 4492 1003 4549 Dicat
1034 4511 1171 4549 nunc
1193 4492 1360 4550 Israel
1382 4496 1623 4566 quorum
1650 4493 1832 4561 bonus,
1854 4493 2094 4565 quoniam
2124 4478 2176 4540 Ῑ)
2201 4507 2300 4548 nec
2326 4493 2601 4547 dominum
2636 4509 2768 4549 mete
2804 4494 3089 4551 voluntatis
3117 4498 3322 4564 habeo,
3370 4508 3622 4568 putantes
3669 4501 3787 4567 quia

516 4583 573 4640 in
600 4585 845 4638 secutum
868 4585 1215 4640 misericordia
1242 4587 1374 4657 ejus.

594 4671 744 4727 Vers.
773 4674 827 4730 ὅ.
862 4672 1011 4727 Dicat
1038 4690 1172 4729 nunc
1207 4675 1389 4728 domus
1433 4672 1605 4729 Aaron
1635 4673 1875 4744 quoniam
1911 4675 2092 4741 bonus,

519 4764 760 4835 quoniam
789 4765 844 4818 in
869 4766 1113 4819 saeculum
1135 4766 1481 4821 misericordia
1507 4770 1640 4838 ejus.

597 4854 748 4911 Vera.
774 4854 829 4911 4.
865 4856 1046 4911 Dicant
1076 4873 1212 4910 nunc
1247 4873 1419 4912 omnes
1455 4860 1546 4928 qui
1594 4858 1767 4913 timent
1818 4856 2099 4913 Dominum

519 4948 763 5016 quoniam
780 4950 960 5016 bonus,
983 4952 1219 5018 quoniam
1245 4952 1300 5006 in
1322 4953 1567 5007 steculum
1590 4953 1940 5008 misericordia
1961 4959 2094 5025 eius.

522 5037 655 5093 Cum
683 5041 736 5094 in
760 5040 842 5097 bis
872 5045 1115 5100 versibus
1147 5044 1390 5113 legantur
1412 5045 1617 5100 similes
1639 5044 1795 5111 ﬁnes,
1820 5051 2095 5117 prtemisst

519 5144 618 5189 eos
644 5134 908 5200 expositio
941 5145 1307 5205 competenter
1344 5137 1702 5208 amplectitur.
1732 5138 1875 5199 .Illud
1919 5148 2097 5195 tamen

520 5223 682 5281 altius
728 5229 1169 5295 perscrutandum
1197 5240 1300 5297 est,
1328 5247 1427 5287 cur
1456 5233 1509 5287 in
1541 5232 1822 5301 principiis
1851 5247 2101 5288 versuum

525 5325 728 5372 tantum
759 5318 973 5373 nomina
995 5320 1237 5378 variavit.
1262 5324 1352 5377 Ait
1370 5324 1515 5379 enim
1542 5339 1558 5377 :
1588 5323 1739 5378 Dicat
1760 5339 1892 5377 nunc
1915 5323 2101 5390 Israel,

522 5409 663 5480 quod
710 5416 875 5466 totum
934 5412 1185 5480 populum
1242 5414 1618 5484 complectitur
1661 5415 1957 5470 beatorum.
2002 5414 2103 5471 Se-

522 5496 700 5554 eundo
727 5513 886 5557 versu
915 5500 1149 5569 ponitur,
1174 5502 1325 5557 Dicat
1351 5521 1487 5559 nunc
1515 5506 1697 5560 domus
1729 5505 1920 5569 Aaron,
1947 5504 2105 5574 signi-

522 5587 689 5648 ﬁcans
715 5590 1043 5656 sacerdotes,
1070 5607 1203 5660 quos
1235 5605 1449 5665 propter
1487 5595 1705 5650 honoris
1732 5595 1813 5650 sui
1848 5610 2104 5651 reveren-

524 5682 653 5737 tiam
673 5682 1007 5752 singulariter
1026 5685 1313 5740 aastimavit
1335 5700 1453 5741 esse
1474 5686 1867 5741 memorandus.
1889 5686 2103 5742 Tertius

512 5786 739 5844 quoque
765 5786 951 5831 versus
976 5773 1087 5828 ait:
1123 5773 1305 5829 Dicant
1335 5791 1469 5847 nunc
1490 5791 1661 5831 omnes
1688 5778 1773 5842 qui
1800 5780 1975 5831 timent
2002 5775 2106 5830 Do.

2203 4601 2298 4654 per
2322 4585 2601 4641 arbitrium
2644 4586 2870 4642 liberum
2904 4588 3106 4644 utilitas
3140 4590 3211 4645 sit
3236 4589 3558 4661 explicanda
3590 4602 3788 4645 mortao

2204 4678 2333 4733 linm
2361 4695 2375 4745 ;
2406 4693 2543 4748 quos
2572 4680 2746 4749 arguit
2769 4679 2999 4737 Jacobus
3029 4682 3302 4751 apostolus
3330 4683 3519 4738 dicens
3544 4700 3561 4739 :
3595 4682 3785 4737 Nonne

2201 4786 2264 4826 ea:
2291 4772 2708 4843 concupiscentiis
2735 4774 2909 4827 vestris
2939 4775 3144 4829 dicitis:
3178 4773 3304 4829 Cras
3334 4777 3520 4831 ibimus
3548 4778 3601 4832 in
3635 4777 3782 4831 illam

2201 4864 2470 4931 civitatem,
2500 4873 2547 4918 et
2576 4864 2927 4927 mercabimur,
2966 4876 3013 4919 et
3050 4867 3250 4921 lucrum
3299 4869 3593 4938 faciemus;
3637 4885 3786 4939 quam

2203 4966 2256 5009 ut
2286 4956 2467 5009 dicatis
2492 4970 2512 5010 :
2544 4956 2606 5011 Si
2634 4956 2849 5011 voluerit
2897 4955 3167 5026 Dominus,
3205 4971 3251 5015 et
3288 4962 3333 5016 si
3360 4962 3665 5031 vixerimus,
3713 4967 3786 5031 {a-

2202 5047 2390 5101 cientus
2416 5046 2513 5102 hoc
2536 5058 2623 5103 ant
2652 5048 2786 5102 illud
2810 5048 2950 5120 (Jac.
2983 5066 3054 5119 tv,
3089 5052 3178 5119 15,
3210 5053 3319 5123 l5),
3348 5064 3401 5109 et
3434 5038 3664 5125 reliqua.
3700 5056 3787 5109 Est

2201 5141 2415 5211 quidem
2449 5141 2505 5196 in
2531 5144 2664 5196 mala
2710 5153 2858 5212 parte
2896 5146 3242 5201 exsecrabilis
3283 5146 3500 5202 libertas
3539 5148 3782 5213 arbitrii;

2207 5242 2263 5288 ut
2295 5235 2669 5303 praevaricator
2687 5235 2997 5291 Creatorem
3023 5237 3257 5305 deserat,
3286 5250 3342 5294 et
3360 5239 3425 5293 ad
3455 5240 3579 5295 vitia
3604 5255 3664 5295 se
3692 5256 3781 5295 ne-

2208 5323 2363 5380 fanda
2394 5336 2687 5381 convertat.
2719 5325 2773 5380 In
2806 5327 2941 5382 bona
2989 5343 3116 5383 vero
3152 5341 3304 5399 parte
3340 5330 3621 5386 arbitrium
3648 5332 3783 5386 lihe-

2210 5431 2326 5472 rum
2358 5416 2526 5471 Adam
2575 5427 2827 5487 peccante
2866 5420 3210 5489 perdidimus,
3256 5421 3324 5477 ad
3367 5422 3509 5493 quod
3552 5423 3651 5477 nisi
3695 5438 3785 5493 per

2210 5507 2409 5564 Christi
2440 5510 2664 5580 gratiam
2700 5512 2879 5567 redire
2909 5528 3013 5567 non
3053 5528 3360 5583 possumus,
3391 5515 3607 5572 dicente
3645 5521 3783 5587 Apoo

2210 5600 2389 5654 stole:
2423 5600 2560 5657 Deus
2595 5615 2667 5657 est
2696 5604 2829 5657 enim
2858 5604 2947 5673 qui
2980 5615 3223 5673 operatur
3248 5607 3299 5659 in
3341 5606 3476 5660 vobis
3506 5618 3554 5661 et
3579 5604 3703 5661 velle
3739 5616 3783 5659 et

2213 5692 2455 5761 perﬁcere
2479 5710 2571 5763 pro
2596 5695 2726 5747 bona
2749 5696 3006 5751 uoluntate
3033 5696 3260 5768 (Philip.
3292 5714 3346 5764 ll,
3380 5700 3491 5768 l5).
3526 5697 3678 5754 Unde
3702 5714 3781 5750 as-

2213 5779 2365 5835 sidua
2395 5783 2637 5838 oratione
2676 5785 2998 5853 precandum
3038 5800 3067 5841 c
3103 5795 3137 5850 ι,
3176 5803 3243 5844 ne
3267 5782 3362 5844 nes
3393 5791 3637 5843 voluntas
3664 5804 3779 5859 per-
