4032 6340
222 365 326 423 8'29

1139 363 1497 420 EXPOSITIO
1536 362 1599 418 ΙΝ
1643 361 2097 419 ΙῈᾹΙΑΤΕΙΚΙΠΜ.
2145 365 2336 421 PS.\L.
2379 364 2535 419 CVII.

3381 366 3486 423 830

219 499 374 539 versa
411 483 606 551 rapiat,
636 481 731 538 sed
778 479 1056 549 itta‘piratio
1090 479 1270 535 divina
1319 477 1626 548 possideat:
1671 491 1805 547 quo-
1833 478 1886 539 Α
1911 485 2051 530 runt.
2085 477 2149 531 Et
2183 477 2272 532 isti
2303 493 2515 547 quoque
2544 491 2734 532 versus
2759 475 3064 547 appellandi
3091 487 3216 534 sunt
3238 479 3486 549 unillnes,

219 579 363 632 niam
393 577 646 646 quidquid
681 591 746 630 es
786 573 1186 641 nobismetipsis
1224 573 1482 639 sapimus,
1529 569 1804 626 mortifera

214 679 406 726 contra
443 682 541 723 nos
578 668 800 721 audacia
823 669 1187 721 concitamus.
1221 663 1350 719 Jure
1388 677 1516 732 ergo
1541 660 1708 717 vetuit
1749 661 1805 714 in

214 763 422 816 homine
445 760 829 827 conﬁdendum,
869 757 959 826 qui
989 771 1084 824 per
1123 771 1183 810 se
1213 769 1313 809 nec
1351 753 1527 816 alteri,
1566 766 1665 806 nec
1699 749 1804 806 sibi

216 853 476 922 praevalet
493 850 626 907 dare
647 849 964 913 remedium,
981 848 1118 902 sicut
1138 857 1191 902 et
1211 846 1475 901 Jeremias
1493 843 1660 898 dicit:
1694 841 1807 896 Hs-

214 947 430 1002 lsdictus
451 945 528 999 vir
541 944 631 1014 qui
651 942 864 1010 conﬁdit
883 941 936 994 in
962 939 1186 1002 homine,
1211 948 1258 992 et
1275 937 1417 1008 ponit
1437 952 1578 1005 spem
1595 951 1800 989 carnem

214 1037 410 1091 brachii
434 1035 536 1100 sui,
564 1042 610 1086 et
631 1050 663 1086 a
688 1031 906 1085 Domino
929 1029 1114 1083 recedit
1144 1045 1232 1083 cor
1257 1029 1374 1098 ejus
1399 1026 1533 1097 (Jer.
1559 1042 1692 1090 xvn,
1717 1026 1796 1095 5).

213 1129 552 1196 Quapropter
576 1124 824 1180 desinant
861 1130 1278 1191 prwsutnptores
1320 1120 1440 1174 illas
1476 1117 1578 1172 sibi
1619 1126 1798 1187 partes

214 1231 510 1284 assumere,
545 1215 682 1270 unde
718 1228 812 1269 eos
847 1211 1047 1284 justius
1087 1213 1256 1279 possit
1295 1209 1562 1264 sententia
1609 1208 1794 1262 divina

214 1311 490 1362 damnare.
524 1306 659 1361 llinc
697 1305 860 1360 etiam
895 1302 1050 1358 Pater
1090 1303 1419 1372 Augustinus
1465 1308 1650 1355 contra
1697 1299 1797 1355 Pe-

214 1400 433 1469 lagium,
477 1398 787 1454 leestium
831 1408 878 1449 et
920 1395 1189 1449 lulianum
1236 1393 1525 1447 ltaareticos
1565 1392 1799 1460 copiosis

211 1489 365 1544 libris
413 1488 726 1544 mirabiliter
772 1486 1084 1555 disputavit,
1131 1492 1185 1540 et
1234 1481 1491 1542 venenosi
1532 1481 1798 1552 dogmatis

211 1597 366 1636 arma
391 1579 671 1647 confregit.

287 1671 442 1729 γει-5,
475 1670 525 1724 9.
554 1670 748 1724 Bonum
789 1679 858 1724 rst
885 1683 1091 1736 sperare
1119 1667 1173 1720 in
1213 1665 1456 1730 Domino,
1493 1681 1644 1732 quam
1680 1680 1795 1734 spe-

208 1777 330 1815 rare
358 1761 410 1812 in
436 1760 766 1830 principibus.
805 1759 918 1812 Duo
950 1759 1108 1812 \crba
1145 1766 1343 1814 mutata
1376 1758 1600 1810 omnino
1634 1756 1792 1808 aliam

209 1860 386 1912 iecere
420 1857 758 1911 sententiam.
799 1854 1057 1922 Superius
1084 1853 1228 1907 enim
1262 1852 1519 1920 conﬁdere
1547 1865 1606 1904 se
1643 1848 1792 1911 dicit,

211 1948 299 2008 hic
327 1964 571 2018 sperare;
607 1949 674 2003 ibi
703 1948 753 1999 in
779 1946 999 2010 homine,
1029 1945 1115 1999 hic
1143 1945 1197 1996 in
1222 1941 1535 2012 principibus
1559 1958 1575 1996 .'
1608 1949 1664 1993 ιιι
1689 1939 1796 1994 illic

208 2047 278 2105 de
306 2047 631 2112 carnalibus,
666 2045 752 2100 hic
781 2045 847 2100 de
883 2043 1253 2113 spiritualibus
1295 2041 1497 2096 dixisse
1532 2039 1792 2094 videatur.

209 2140 468 2208 l’rint-eps
503 2140 644 2192 enim
687 2148 738 2193 et
773 2137 1025 2191 diabolus
1076 2135 1412 2203 appellatur,
1453 2140 1511 2186 ut
1545 2143 1628 2188 est
1670 2130 1795 2186 illud

208 2228 487 2298 Evangelii
515 2246 528 2280 :
572 2227 702 2281 Ecce
729 2229 858 2280 venit
888 2227 1126 2296 princeps
1148 2225 1304 2295 hujus
1334 2224 1531 2287 mundi,
1563 2234 1611 2276 et
1639 2224 1692 2275 in
1721 2238 1798 2278 tua

209 2339 318 2374 non
345 2322 562 2374 inueniet
589 2323 859 2394 quidquam
887 2319 1067 2390 (Joan.
1113 2333 1222 2383 xtv,
1257 2317 1374 2385 50).
1411 2316 1502 2370 Sic
1537 2325 1591 2369 et
1621 2316 1794 2371 bonus

207 2411 436 2480 angelus
478 2410 646 2464 dictus
682 2418 766 2464 est
794 2411 1071 2476 princeps,
1118 2407 1257 2462 sicut
1303 2407 1356 2461 ιιι
1405 2406 1623 2464 Daniele
1663 2407 1796 2475 legi-

210 2513 335 2560 tur:
381 2502 600 2558 Michael
640 2504 871 2574 princeps
908 2511 1068 2557 vester
1110 2500 1262 2572 [ed.,
1307 2499 1558 2570 magnus]
1609 2497 1790 2569 (Dan.

211 2611 310 2660 ιιι,
341 2595 414 2664 Ι).
456 2594 793 2662 Quapropter
826 2608 923 2651 nec
946 2595 997 2647 in
1031 2593 1204 2657 bonis,
1234 2607 1332 2645 ncc
1364 2594 1415 2644 ιιι
1453 2593 1606 2646 malis
1636 2605 1794 2658 ange-

214 2691 300 2756 lis,
329 2689 421 2746 sed
461 2691 509 2742 in
539 2690 656 2744 solo
690 2689 912 2742 Domino
941 2702 1089 2754 spem
1125 2686 1357 2741 hominis
1385 2685 1514 2741 dicit
1545 2699 1663 2740 esse
1703 2700 1736 2751 p
1759 2704 1795 2730 t-

213 2782 462 2836 uendam.
497 2781 627 2835 Nam
653 2783 754 2841 etsi
789 2781 958 2834 bonos
992 2795 1087 2848 pro
1119 2779 1359 2847 impensa
1401 2777 1558 2832 nobis
1604 2777 1800 2844 pietate

211 2874 504 2943 diligimus,
529 2874 782 2930 beneficia
811 2874 862 2928 in
889 2873 1018 2942 ipsis
1041 2871 1269 2939 Domini,
1289 2885 1393 2926 non
1424 2869 1653 2941 prepriat
1679 2883 1800 2937 pos-

212 2964 482 3020 sibilitatis
507 2965 627 3036 jura
654 2965 951 3020 laudamus.

287 3057 443 3112 Vers.
479 3060 562 3114 10.
609 3057 798 3112 Omnes
839 3068 1010 3129 gentes
1052 3057 1492 3112 circumdederunt
1521 3072 1623 3124 me,
1660 3065 1706 3111 et
1746 3057 1798 3110 in

211 3149 422 3205 neruine
452 3147 653 3201 Domini
692 3149 829 3203 ultus
868 3165 980 3202 sum
1006 3164 1110 3201 eos.
1156 3148 1268 3202 lloc
1301 3147 1528 3217 populus
1569 3149 1656 3203 ille
1687 3161 1798 3200 me-
1824 3143 1874 3212 C

209 3243 320 3298 rito
347 3241 575 3309 dicebat,
615 3241 700 3310 qni
743 3256 890 3310 spem
933 3256 1083 3295 suam
1113 3242 1167 3301 in
1217 3241 1425 3298 Domini
1469 3242 1801 3310 protectione

215 3340 488 3401 posuerat,
520 3332 830 3399 signiﬁcans
858 3331 1072 3388 labores
1103 3332 1378 3397 Eccle~ite,
1409 3347 1544 3401 quos
1569 3335 1796 3401 primqu

209 3425 266 3482 in
297 3423 484 3495 Capite
511 3440 629 3492 suo,
665 3425 717 3480 id
761 3436 845 3481 est
875 3425 929 3478 in
959 3425 1186 3479 Domino
1215 3423 1434 3482 Christo
1463 3428 1754 3494 pertulerat
1779 3466 1796 3492 ,

212 3528 268 3572 et
296 3527 415 3586 post
454 3519 508 3572 in
547 3518 660 3572 suis
699 3518 1041 3589 passionibus
1081 3519 1399 3574 sustinebat.
1447 3518 1624 3578 Primo
1655 3521 1797 3578 enim

213 3613 428 3681 quando
458 3611 642 3682 tetigio
682 3613 912 3668 innotuit
945 3611 1268 3678 Christiana,
1301 3629 1474 3666 omnes
1505 3622 1710 3682 gentes,
1746 3615 1798 3668 in

215 3703 333 3772 ejus
363 3703 736 3771 perSt-cutiotte
764 3713 1043 3772 surgentes
1071 3745 1086 3769 ,
1125 3704 1354 3758 diversis
1392 3703 1640 3758 cladibus
1673 3703 1800 3762 alie-

215 3804 405 3848 cerunt
448 3795 787 3850 ﬁdelissimos
814 3796 992 3850 viros:
1033 3796 1124 3865 qui
1174 3805 1351 3850 tamen
1383 3795 1434 3849 itt
1465 3796 1576 3851 suis
1619 3809 1802 3864 pere-es

213 3887 487 3941 cutoribos
532 3886 787 3956 (juvaute
842 3887 1098 3957 Domino)
1151 3889 1525 3953 vindicarunt,
1586 3888 1800 3958 quando

216 3995 313 4036 eos
341 3981 688 4036 conversione
727 3980 957 4035 mirabili
996 3981 1367 4047 subdiderunt,
1419 3991 1475 4034 ut
1501 3980 1569 4036 de
1597 3997 1657 4035 se
1691 3996 1802 4048 poto

218 4076 458 4129 nitentia:
488 4089 672 4144 pinnas
700 4075 1000 4145 exigerent,
1034 4090 1164 4143 quas
1196 4075 1401 4143 pridem
1425 4074 1802 4128 innocentibus

217 4166 546 4234 ingerebant.
580 4165 711 4220 Nam
740 4166 884 4235 quod
911 4166 1068 4232 dixit,
1094 4176 1289 4235 gentes,
1317 4174 1372 4221 et
1409 4165 1682 4234 subjungit
1707 4180 1800 4236 ge-

217 4272 322 4314 nus
349 4259 721 4324 masculinum,
753 4259 890 4312 ultus
919 4275 1029 4314 sum
1060 4273 1146 4312 eos
1167 4299 1183 4321 ,
1219 4261 1333 4312 sive
1370 4258 1436 4310 ad
1468 4257 1800 4312 intellectum

218 4351 470 4421 pertinet,
500 4350 620 4420 qttia
654 4352 704 4408 itt
731 4352 976 4420 gentibus
1019 4352 1196 4420 pepuli
1236 4351 1648 4422 significantur;
1691 4352 1804 4406 sive

219 4442 437 4500 schema
460 4452 541 4495 est
561 4442 821 4511 t-xallage,
845 4443 1006 4515 395
1032 4443 1081 4497 id
1103 4453 1186 4498 est
1207 4443 1529 4505 immutatio,
1547 4443 1800 4512 quoniam

217 4551 388 4604 genus
417 4535 504 4592 ltic
532 4535 764 4590 nominis
790 4536 1110 4591 immolavit.

295 4627 448 4680 Vers.
484 4629 568 4690 ll,
611 4628 993 4683 Circumdantes
1040 4629 1475 4683 circumdederunt
1519 4644 1622 4694 me,
1665 4637 1709 4682 et
1753 4629 1805 4682 in

219 4718 426 4770 nomine
472 4716 676 4770 Domini
715 4717 854 4772 ultus
899 4736 1008 4772 sum
1057 4736 1163 4778 eos.
1216 4720 1625 4775 Perscrutandzc
1677 4728 1808 4774 sunt

221 4807 464 4864 ltiitttttitl'.
510 4809 793 4862 verborum
818 4849 832 4873 ,
865 4810 1114 4880 quoniam
1156 4811 1396 4867 discussa
1434 4812 1617 4884 (sicut
1661 4827 1807 4882 saepe

220 4899 492 4968 diximus)
524 4915 626 4956 non
659 4899 876 4954 minima
908 4900 1059 4954 nubis
1105 4910 1438 4957 sacramenta
1484 4904 1807 4973 parturiunt.

224 4989 407 5043 l'rimo
457 4990 652 5058 posuit,
697 5001 904 5062 gentes,
954 4994 1093 5061 quod
1134 4995 1199 5047 ad
1243 4994 1542 5049 Ecclesium
1590 5005 1808 5064 pr0pter

224 5096 523 5156 martyrum
553 5085 778 5156 populos
810 5085 1128 5156 pertinebat,
1160 5088 1248 5156 qui
1282 5086 1560 5140 studentes
1585 5086 1808 5140 culturis

221 5181 558 5245 dmmonum,
593 5181 790 5249 passim
823 5182 1127 5238 lacerabant
1158 5183 1377 5250 populos
1417 5181 1618 5234 ﬁdeles.
1654 5180 1807 5233 Modo

219 5282 404 5326 autem
462 5274 561 5328 sub
615 5275 724 5345 ipsa
779 5275 1098 5343 repetitione
1138 5275 1418 5330 verborum
1471 5274 1641 5332 noluit
1684 5290 1809 5345 gen-

226 5374 303 5417 tes
350 5379 588 5431 ponere,
643 5375 700 5419 ut
747 5367 914 5434 magis
954 5365 1254 5434 passionem
1299 5365 1504 5418 Domini
1541 5365 1809 5420 subtiliter

227 5456 525 5527 indicaret,
570 5474 725 5528 quam
768 5475 794 5511 a
826 5459 956 5513 solis
1003 5459 1202 5513 Judaeis
1249 5459 1552 5526 specialiter
1592 5467 1810 5512 constat

230 5547 526 5616 impletum.
558 5550 611 5604 In
642 5551 834 5620 quibus
858 5560 1032 5604 tamen
1055 5561 1135 5605 est
1167 5551 1219 5603 in
1247 5550 1448 5604 nomine
1469 5547 1674 5602 Domini
1697 5550 1813 5604 vin-

229 5639 302 5692 tli:
323 5649 490 5707 slum,
522 5643 734 5713 quando
763 5645 910 5696 tnulti
944 5659 1008 5698 ex
1040 5644 1120 5697 bis
1161 5643 1480 5712 pmttiteutes
1523 5644 1662 5696 mala
1690 5657 1809 5711 qttse

233 5735 496 5801 itccrunt,
530 5739 841 5792 vocabulum
875 5737 1301 5792 Christianorqu
1342 5751 1555 5792 sumere
1597 5750 1808 5791 tnorttc-

1905 568 2044 623 sicut
2073 578 2128 622 et
2157 569 2232 623 illi
2261 569 2350 638 qui
2381 571 2430 623 in
2461 569 2638 639 capite
2686 568 2875 638 psalmi
2919 581 3044 625 sunt
3077 571 3255 640 positi.
3288 573 3351 626 Et
3389 588 3488 629 no-

1909 660 2128 714 tandum
2161 668 2244 715 est
2269 662 2390 730 quia
2420 662 2559 716 sicut
2586 661 2760 728 Caput
2783 663 3097 734 plerumque
3125 665 3199 720 de
3231 666 3488 723 membris

1909 750 2178 820 loquitur,
2223 751 2293 806 ita
2343 767 2483 806 nunc
2521 752 2758 806 membra
2806 752 2874 808 de
2924 767 3024 808 suo
3069 754 3258 824 Capite
3307 756 3490 825 prolo-

1906 851 2159 911 quuntur.

1981 956 2133 1012 νει-ε,
2170 956 2252 1010 12.
2284 957 2733 1012 Circumdederunt
2776 976 2855 1013 me
2890 960 3019 1015 sicut
3057 977 3179 1033 apes
3208 964 3401 1032 favum,
3443 972 3492 1018 et

1902 1060 2202 1102 exarserunt
2228 1051 2358 1102 sicut
2387 1049 2520 1120 ignis
2551 1051 2604 1102 in
2644 1051 2804 1121 spinis
2829 1069 2846 1115 ;
2875 1064 2921 1106 et
2952 1053 3003 1106 in
3039 1055 3241 1107 nomine
3282 1053 3488 1107 Domini

1902 1142 2157 1195 vindicavi
2197 1142 2248 1194 in
2294 1143 2387 1196 eis.
2411 1142 2598 1197 Adhuc
2626 1156 2678 1196 et
2717 1142 2802 1197 isti
2836 1158 3019 1197 versus
3045 1143 3113 1200 de
3136 1144 3361 1199 Domino
3411 1145 3488 1199 lo-

1901 1242 2158 1302 quuntur.
2195 1232 2311 1301 Ipse
2341 1235 2483 1289 enim
2512 1249 2541 1287 a
2569 1233 2916 1288 saevientibus
2953 1235 3150 1294 Judazis
3188 1235 3487 1290 circumda—

1903 1334 2009 1390 tus,
2045 1326 2309 1395 passionis
2338 1341 2450 1379 suae
2480 1341 2573 1394 per
2603 1338 2769 1381 totum
2799 1327 3054 1381 mundum
3098 1327 3251 1380 mella
3293 1327 3479 1396 profu~

1903 1419 2002 1474 dit.
2036 1422 2168 1489 Apes
2198 1425 2341 1473 enim
2367 1419 2547 1472 favum
2571 1421 2928 1483 circumdant,
2948 1420 3158 1488 quando
3181 1435 3274 1488 per
3295 1419 3484 1473 domos

1902 1527 2088 1566 cereas
2118 1513 2352 1580 liquores
2391 1511 2731 1567 dulcissimos
2772 1515 3067 1566 recondunt
3095 1528 3110 1576 ;
3142 1523 3195 1567 et
3223 1527 3342 1565 cum
3383 1513 3482 1567 sibi

1903 1613 2090 1672 putant
2110 1603 2357 1656 victualia
2390 1618 2675 1671 reponere,
2703 1599 2903 1654 faciunt
2929 1602 3067 1655 unde
3092 1602 3331 1655 homines
3362 1617 3486 1671 pos-

1901 1694 2008 1746 sint
2039 1709 2131 1747 sua
2163 1693 2432 1748 desideria
2459 1694 2676 1747 satiare.
2707 1693 2858 1758 Quod
2898 1691 3113 1747 Judatos
3143 1692 3480 1746 manifestum

1860 1810 1880 1865 ς
1908 1793 1990 1838 est
2018 1785 2292 1853 implesse,
2324 1784 2541 1853 quando
2583 1798 2696 1837 rem
2733 1795 2925 1837 cuncto
2954 1784 3069 1836 Orbi
3120 1783 3480 1837 dulcissimam

1907 1876 2104 1928 amaris
2146 1876 2428 1929 conatibus
2458 1876 2773 1929 effecerunt.
2815 1879 2947 1942 Apes
2975 1877 3116 1929 enim
3149 1874 3298 1942 quasi
3333 1890 3360 1927 a
3393 1890 3486 1943 pe-

1896 1965 2052 2020 dibus
2071 1966 2229 2020 dictat
2251 1975 2396 2030 sunt,
2417 1968 2559 2035 quod
2584 1970 2701 2021 sine
2724 1968 2947 2036 pedibus
2974 1977 3282 2022 nascantur.
3308 1965 3486 2036 Spina?

1901 2057 2080 2111 saeculi
2113 2066 2327 2126 peccata
2359 2056 2663 2126 designant,
2696 2057 2887 2127 quibus
2917 2057 3225 2112 Judzeorum
3257 2057 3484 2126 populus

1903 2146 2158 2200 ferociter
2197 2145 2443 2200 incitatus
2469 2184 2484 2208 ,
2513 2145 2564 2198 in
2605 2145 2815 2199 delictis
2859 2147 2969 2200 suis
3001 2147 3144 2201 velut
3177 2146 3316 2215 ignis
3351 2160 3485 2199 con-

1897 2249 2127 2301 crepans
2169 2237 2436 2290 atstuavit.
2471 2235 2575 2290 Sed
2613 2237 2666 2288 in
2695 2238 2763 2290 eis
2805 2252 3017 2306 quoque
3059 2237 3267 2290 Domini
3306 2237 3476 2306 gratia

1901 2327 2210 2385 vindicatum
2249 2338 2343 2394 est,
2389 2329 2603 2393 quando
2633 2328 2700 2384 de
2732 2329 2822 2383 illo
2863 2329 3022 2384 melle
3060 2329 3196 2399 quod
3232 2328 3487 2385 condide~

1903 2429 2022 2473 rant
2053 2421 2246 2485 nescii,
2292 2423 2532 2474 conversi
2575 2421 2639 2475 ad
2667 2423 2947 2505 Dominum
2990 2422 3305 2478 suavissime
3343 2430 3474 2476 sunt

1906 2515 2115 2584 repleti.

1975 2627 2128 2686 Vcrs.
2176 2630 2258 2685 15.
2301 2628 2565 2698 Impulsus
2605 2641 2831 2684 versatus
2868 2648 2980 2686 sum
3029 2643 3081 2688 ut
3123 2634 3380 2701 caderem,
3431 2644 3478 2690 ct

1909 2719 2155 2774 Dominus
2184 2723 2402 2788 suscepit
2433 2737 2530 2775 me.
2574 2721 2684 2775 lloc
2717 2721 2827 2792 jam
2868 2723 2935 2778 de
2976 2740 3035 2778 se
3081 2741 3242 2780 omne
3284 2741 3481 2793 cerpus

1906 2811 2147 2866 ﬁdelium
2178 2813 2456 2866 verissima
2489 2827 2618 2866 voce
2649 2823 2894 2868 testatur.
2930 2812 3192 2886 Impulsu:
3223 2817 3363 2870 enim
3391 2817 3479 2872 ilfe

1903 2905 2068 2971 cadit,
2109 2903 2196 2959 cui
2228 2903 2438 2960 Domini
2479 2904 2734 2958 fortitudo
2775 2905 3126 2962 subtrahitur.
3169 2907 3233 2961 Et
3283 2906 3486 2975 inspice

1905 2995 2012 3049 vim
2043 2996 2326 3050 verborum
2353 3011 2366 3058 ;
2397 2993 2692 3062 Impulsum
2722 3011 2780 3050 se
2813 2996 2941 3050 dicit
2965 3007 3017 3050 et
3036 3009 3286 3051 versatum
3316 3008 3367 3050 ut
3399 3014 3485 3051 ca-

1904 3087 2078 3152 deret;
2099 3086 2191 3141 sed
2215 3087 2423 3140 Domini
2449 3087 2790 3156 susceptione
2813 3087 3049 3142 firmatus
3073 3097 3174 3143 est.
3201 3087 3310 3143 Soli
3340 3089 3480 3142 enim

1905 3178 2090 3234 versati
2120 3195 2224 3233 non
2257 3178 2477 3243 cadunt,
2524 3179 2613 3248 qui
2644 3178 2838 3234 Cliti-ti
2885 3179 3170 3234 virtutibus
3203 3181 3485 3234 continen-

1904 3276 1992 3326 tur
2018 3310 2035 3336 ,
2077 3280 2134 3324 ut
2173 3270 2482 3340 ftequenter
2520 3269 2633 3325 ﬁeri
2681 3271 2816 3325 solet
2861 3272 3075 3343 quando
3125 3272 3258 3326 bene
3307 3272 3487 3326 meriti

1905 3365 2192 3420 traduntur
2219 3367 2283 3420 ad
2316 3381 2518 3436 poenas.
2554 3365 2675 3420 Ideo
2702 3367 2842 3421 enim
2879 3367 3015 3422 tradi
3041 3366 3290 3421 videntur
3316 3379 3368 3420 ut
3397 3381 3486 3421 ca-

1902 3456 2064 3522 dant,
2113 3457 2164 3512 id
2202 3467 2286 3512 est
2336 3469 2392 3512 ut
2427 3473 2455 3510 a
2491 3468 2631 3513 recta
2673 3458 2991 3513 credulitate
3031 3467 3340 3512 mutentur:
3387 3458 3482 3511 sed

1905 3547 2110 3601 Domini
2141 3547 2360 3603 dextera
2400 3547 2699 3604 COuIirmati
2734 3563 2839 3602 non
2881 3547 3096 3612 cadunt,
3131 3549 3380 3618 quoniam
3431 3550 3482 3603 in

1907 3641 2026 3694 lldei
2057 3641 2338 3697 sanctitate
2367 3643 2688 3697 consiStuut.
2719 3640 2966 3710 Alioquin
2998 3640 3240 3695 infideles
3263 3642 3482 3707 cadunt,

1903 3733 2063 3785 etiam
2095 3747 2216 3788 cum
2250 3743 2394 3787 stare
2425 3733 2476 3788 itt
2511 3732 2820 3803 pertinaciae
2846 3747 2958 3787 sua:
2980 3733 3340 3787 obstinatione
3363 3749 3484 3789 cer~

1911 3832 2130 3878 nuntur.

1978 3963 2127 4019 Vcrs.
2164 3964 2248 4019 14.
2280 3963 2553 4020 Fortitudo
2595 3981 2707 4021 mea
2732 3974 2780 4019 et
2807 3965 3038 4020 laudatio
3076 3964 3242 4036 [mss.
3277 3964 3364 4029 A.,
3399 3963 3484 4031 Β..

1903 4054 2040 4125 laus]
2073 4071 2182 4108 mea
2207 4055 2472 4118 Dominus,
2504 4066 2549 4108 et
2575 4056 2744 4124 [actus
2769 4068 2842 4108 est
2869 4054 2994 4110 mihi
3024 4057 3075 4109 in
3104 4057 3340 4108 salutem.
3372 4055 3487 4111 Non

1908 4156 2087 4221 potest
2114 4147 2376 4218 impulsus
2405 4149 2619 4215 cadere,
2653 4149 2737 4202 cui
2767 4147 3022 4202 auxilium
3066 4147 3274 4202 Domini
3318 4149 3490 4220 [οντε-

1904 4242 2030 4297 tudo
2061 4241 2271 4298 videtur
2302 4250 2576 4310 pra-astare.
2619 4239 2725 4295 Sed
2763 4255 2830 4295 ne
2873 4249 3146 4309 putaretur
3183 4241 3294 4295 sola
3338 4241 3486 4311 peri-

1905 4334 2024 4391 cula
2054 4333 2350 4401 declinare,
2382 4349 2543 4402 quem
2579 4333 2785 4388 Domini
2812 4333 2953 4388 dona
2981 4334 3288 4398 servabant,
3335 4335 3487 4404 adje-

1905 4427 1998 4490 cit,
2032 4426 2196 4497 factus
2225 4435 2298 4479 est
2329 4424 2452 4478 mihi
2481 4427 2533 4478 in
2558 4425 2770 4479 salutem
2794 4441 2813 4480 :
2842 4426 2966 4496 quia
2996 4442 3090 4496 per
3131 4429 3303 4496 ipsum
3334 4436 3490 4482 ater-

1833 4493 2041 4572 Dnam
2069 4517 2230 4571 vitam
2278 4517 2602 4587 suscipiunt,
2654 4533 2751 4586 per
2798 4493 2957 4588 quem
2997 4493 3055 4573 et
3101 4493 3281 4572 saeculi
3327 4517 3486 4586 hujus

1909 4609 2089 4664 ruinas
2115 4609 2344 4664 evadere
2374 4620 2770 4680 promerentur.
2805 4610 2920 4680 Ipse
2959 4611 3103 4667 enim
3148 4621 3230 4666 εει
3256 4624 3306 4665 et
3344 4610 3496 4681 forti-

1909 4703 2030 4754 tudo
2057 4711 2103 4756 et
2134 4701 2364 4756 laudatio
2388 4711 2588 4755 aeterna
2623 4702 2917 4757 beatorum.

1983 4814 2135 4870 Vers.
2170 4816 2256 4868 t5.
2296 4814 2410 4867 Vox
2437 4812 2632 4867 lwtitiw
2653 4824 2702 4868 et
2730 4815 2908 4868 salutis
2940 4813 2992 4866 in
3033 4812 3129 4866 tab.
3148 4813 3374 4866 rnarutis
3393 4814 3490 4882 ju~

1909 4918 2146 4971 storum;
2193 4909 2401 4963 dextera
2444 4905 2654 4961 Domini
2700 4908 2817 4976 fecit
2857 4907 3109 4960 uirtutem.
3151 4905 3358 4959 Chorus
3408 4906 3494 4958 illo

1917 5002 2151 5056 ﬁdelium
2183 5001 2335 5056 laetus
2364 5001 2617 5065 exsultat,
2655 5001 2906 5069 quoniam
2947 4999 3071 5054 dum
3115 5009 3490 5069 persecutores

1915 5107 2102 5146 eorum
2144 5101 2388 5162 putarent
2425 5107 2520 5147 eos
2568 5107 2798 5148 maerore
2828 5091 3016 5148 conﬁci
3055 5102 3111 5146 et
3154 5093 3496 5146 tribulatione

1916 5184 2183 5251 consumi,
2212 5183 2285 5236 illi
2315 5183 2487 5238 divina
2512 5182 2966 5250 contemplatione
2992 5183 3282 5252 gaudentes
3306 5185 3372 5238 de
3401 5197 3492 5236 sua

1918 5288 2074 5340 pretia
2103 5273 2436 5335 Ia-tabantur,
2471 5289 2627 5342 quam
2659 5273 2903 5327 sciebant
2925 5274 3025 5328 sibi
3051 5274 3116 5330 ad
3141 5285 3339 5330 aeterna
3370 5290 3499 5344 gau-

1914 5366 2000 5418 tlia
2033 5366 2380 5433 profuuraut.
2407 5364 2504 5419 llc
2542 5365 2684 5418 enim
2726 5364 3058 5422 tabernacula
3088 5367 3354 5437 justorunt
3399 5369 3496 5419 liu-

1917 5461 2056 5512 maui
2098 5461 2328 5528 pectoris
2375 5469 2580 5514 secreta
2628 5459 2931 5528 designant,
2984 5462 3069 5516 ubi
3121 5477 3340 5530 semper
3385 5462 3493 5517 lacti

1915 5559 2060 5616 sunt,
2090 5553 2329 5621 quamvis
2355 5552 2652 5608 forinsecus
2677 5551 2998 5621 afﬂigantur.
3032 5554 3097 5610 Et
3118 5566 3176 5610 ut
3205 5571 3498 5626 cognosce-

1920 5658 2006 5697 res
2037 5645 2176 5697 unde
2207 5643 2346 5698 istud
2386 5644 2636 5712 gaudium
2680 5647 2856 5711 venit,
2887 5646 3116 5715 adjecit,
3148 5648 3358 5702 dextera
3395 5648 3498 5700 Do-

1921 5738 2045 5790 mini
2073 5739 2188 5808 fecit
2234 5739 2489 5804 virtutem,
2523 5738 2571 5794 id
2601 5744 2685 5795 est
2725 5739 2986 5806 Christus,
3024 5756 3117 5810 per
3145 5756 3301 5812 quem
3336 5740 3494 5794 Pater
