4032 6340
515 319 612 375 851

1697 323 1704 330 ’
1745 315 1817 368 Μ.
1864 313 2138 370 AL‘lll-LLll
2181 313 2583 370 CASSIODORI

3705 315 3814 372 832

511 435 768 504 virtutem
789 439 1041 502 operatus
1059 437 1142 486 est
1164 445 1222 488 tu.
1243 429 1574 485 esa.tatioue
1597 437 1926 495 sanctorum;
1954 429 2102 500 quod
2132 435 2184 489 Δ
2211 429 2490 498 appellari,
2532 430 2671 484 sicut
2721 430 2834 498 ipse
2885 430 2936 482 in
2987 419 3282 501 Evangelia
3321 417 3491 486 dicit:
3543 427 3658 500 Ego
3699 435 3814 486 πέει

508 523 891 592 ,ἱιιΐετὶιιε-ἰρεθ
918 522 1156 576 dicturus
1187 532 1292 576 est.
1353 551 1361 560 μ

509 661 512 666 .
590 613 746 671 Vera.
784 615 871 672 16.
917 613 1138 668 Dextera
1181 612 1398 667 Domini
1441 611 1684 666 mltauit
1705 614 1828 666 ‘me.
1875 610 2105 668 Dextera

523 706 731 762 Domini
741 703 974 770 .exaltat,
997 719 1118 758 cum
1148 705 1378 760 terrenis
1409 703 1714 759 hominibus
1733 704 1992 758 ctelorum
2021 719 2107 759 re-

2205 522 2394 575 ostium
2423 523 2592 575 ovium
2643 519 2823 591 (Joan.
2857 537 2910 588 x,
2942 521 3019 591 7),
3048 531 3151 576 etc.
3188 521 3463 590 Sequitur,
3486 521 3624 590 justi
3646 523 3818 575 intra-

2186 612 2334 666 ‘buut
2361 629 2451 682 per
2481 629 2618 668 eam.
2655 613 2721 666 Et
2747 611 2849 666 hoc
2877 621 3089 682 queque
3129 613 3401 667 subtiliter
3441 611 3813 678 inquinatus,

2207 715 2304 756 cur
2343 704 2590 770 superius
2631 703 2847 766 dixerit,
2885 712 3064 770 portas
3100 703 3343 774 justitite,
3387 711 3444 757 et
3473 701 3565 755 hic
3603 707 3813 772 posui,

517 812 616 866 gna
655 796 921 851 concedit.
954 795 1092 861 Quid
1139 795 1281 850 enim
1329 796 1601 862 potentius
1643 809 1801 865 quam
1845 795 2107 856 mortales
2203 793 2338 864 justi
2364 795 2628 846 intrabunt
2653 809 2744 864 per
2773 794 2929 847 eam?
2971 792 3281 862 signiﬁcans
3309 794 3392 862 (ut
3420 792 3553 847 mihi
3579 792 3818 858 Videtur)

519 885 741 940 induere
779 885 1231 946 immortalitatem
1255 927 1274 950 ,
1315 885 1696 954 corruptibiles
1749 885 2108 952 incorruptio-

521 993 668 1040 nem,
699 979 1072 1046 peccatoribus
1101 978 1509 1046 beatitudinem,
1534 977 1603 1033 de
1633 977 1788 1033 hoste
1813 977 2109 1034 fortissimo

519 1067 743 1124 inﬁrmis
773 1067 901 1123 dare
927 1069 1204 1124 victoriam
1231 1069 1253 1121 ?

595 1161 745 1214 Vers.
781 1161 867 1215 l7.
895 1159 1018 1215 Non
1041 1163 1255 1227 moriar,
1281 1161 1371 1216 sed
1397 1162 1562 1216 vivam
1585 1179 1602 1227 ;
1631 1170 1676 1215 et
1705 1161 1929 1216 narrabo
1953 1177 2112 1228 opera

522 1249 750 1304 Domini.
781 1249 971 1305 Cou'ra
996 1251 1080 1306 illa
1109 1253 1222 1307 haec
1248 1253 1516 1318 dicuntur,
1541 1269 1660 1323 qua:
1689 1253 1975 1308 adversum
2013 1253 2114 1308 Ec-

519 1343 736 1396 clesiam
768 1341 967 1398 Christi
997 1356 1400 1414 persecutorum
1425 1346 1568 1416 loqui
1595 1349 1732 1401 solet
1763 1348 1951 1402 insana
1981 1363 2108 1412 pro-

517 1439 714 1495 cacitas
740 1480 756 1506 ,
792 1423 918 1511 quat:
949 1455 1071 1496 cum
1113 1456 1172 1496 se
1210 1442 1392 1498 delere
1441 1456 1636 1496 nomen
1685 1443 1909 1496 aestimat
1952 1441 2110 1497 Chri-

520 1533 782 1599 stianum,-
821 1544 1079 1602 prmstare
1125 1535 1303 1603 potius
1342 1535 1554 1591 videtur
1598 1546 1962 1607 augmentum.
2012 1536 2113 1592 Cui

521 1632 716 1688 merito
747 1632 943 1688 dicitur
967 1648 999 1687 a
1030 1632 1207 1688 ﬁdeli:
1243 1633 1364 1688 Non
1387 1636 1602 1700 moriar,
1629 1645 1686 1690 ut
1717 1644 1771 1689 tu
1805 1645 1990 1704 putas;
2024 1636 2113 1689 sed

525 1726 688 1778 uiuam
711 1723 822 1778 vita
847 1738 1008 1794 quam
1040 1726 1256 1791 nescis;
1285 1725 1352 1779 ad
1397 1742 1556 1795 quam
1595 1736 1774 1781 mente
1814 1725 2112 1790 praetumidi

525 1815 807 1886 pervenire
854 1830 958 1869 non
989 1824 1234 1886 possunt.
1279 1815 1634 1870 Nat't‘alttrum
1662 1831 1722 1872 se
1759 1817 1918 1872 etiam
1959 1833 2116 1884 opera

527 1905 740 1984 Domini
767 1905 1070 1976 pollicetur,
1102 1918 1158 1962 ut
1187 1924 1402 1978 semper
1443 1917 1701 1977 augeatur
1741 1909 1980 1964 Ecclesia
2025 1910 2116 1965 tali

527 2001 907 2074 praedicatione
935 2003 1166 2074 vulgata.
1198 2004 1334 2070 Quid
1369 2013 1546 2074 potest
1583 2004 1895 2060 crudelibus
1936 2019 2118 2074 perse-

434 2123 441 2128 ι
524 2094 642 2158 qui,
685 2108 820 2162 quos
867 2094 1052 2149 vident
1097 2109 1313 2165 semper
1365 2096 1834 2166 persecutionibus
1885 2097 2116 2167 augeri?

527 2186 738 2251 Quanto
785 2185 978 2240 melius
1025 2193 1079 2242 et
1125 2186 1224 2256 ipsi
1275 2186 1538 2254 viverent,
1587 2187 1631 2243 si
1681 2189 1931 2243 conversi
1978 2188 2116 2244 laeta

529 2279 745 2347 propria
773 2277 1115 2347 deplorarem
1141 2280 1156 2334 Ξ

549 2417 552 2444 ς
603 2369 752 2425 Vers.
789 2370 1168 2440 l8.,Castig_aus
1197 2373 1468 2444 castigavit
1489 2391 1567 2430 me
1593 2373 1865 2442 Dominus,
1891 2383 1941 2429 et
1969 2375 2124 2431 morti

526 2478 630 2516 non
663 2463 874 2516 tradidit
903 2481 999 2518 me.
1033 2464 1106 2518 Ne
1137 2464 1235 2518 sibi
1269 2465 1470 2534 aliquid
1500 2475 1902 2534 persecuturum
1931 2480 2124 2535 super-

527 2553 614 2608 bia
641 2553 954 2622 vindicaret,
996 2563 1259 2611 tormenta
1305 2555 1538 2626 ipsorum
1579 2557 1946 2626 saevitiamque
1987 2556 2127 2612 fero-

527 2644 802 2700 cissimam
853 2647 1255 2718 castigationem
1301 2649 1511 2703 Domini
1554 2665 1674 2706 esse
1714 2650 2018 2719 caulirmat,
2070 2661 2127 2704 ut.

530 2745 639 2814 tota
674 2737 758 2792 illa
789 2738 965 2808 iniqua
997 2744 1230 2804 potentia
1258 2741 1322 2794 ad
1353 2743 1740 2798 correcrionem
1783 2743 2017 2798 ﬁdelium
2045 2743 2129 2796 vi-

526 2827 715 2884 deatur
751 2845 872 2886 esse
901 2845 1178 2887 concessa.
1212 2832 1348 2899 Quid
1392 2848 1450 2887 se
1482 2833 1547 2888 de
1597 2844 1858 2901 poestate
1897 2835 2130 2902 jactzint,

527 2921 721 2990 quibus
750 2923 880 2977 nihil
913 2939 1010 2994 pro
1039 2940 1134 2978 sua
1175 2926 1405 2982 utilitate
1434 2927 1788 2982 conceditur?
1817 2927 1976 2982 (Στιιώ
2000 2928 2122 2982 liras

528 3014 744 3069 illorum
779 3029 960 3071 nostra
989 3019 1252 3076 correctio
1290 3029 1392 3085 est,
1441 3018 1639 3074 luroris
1680 3021 1892 3075 ilannna
1937 3021 2132 3092 proba-

2209 882 2318 952 jam
2359 899 2464 939 non
2507 884 2814 951 Scripturas
2856 882 3088 945 divinas,
3125 898 3218 953 per
3261 897 3396 952 quas
3438 892 3726 937 transeunt
3763 895 3820 939 et

2201 974 2395 1044 .injusti
2415 993 2441 1042 ~;
2476 974 2572 1030 sed
2605 974 2748 1029 illam
2779 973 3076 1029 Jerusalem
3107 991 3230 1044 quae
3273 984 3481 1044 portam
3512 973 3682 1030 habet
3711 975 3817 1029 Do-

2155 1125 2158 1128 ,
2215 1069 2417 1122 tuinum
2465 1067 2821 1132 Salvatorem,
2857 1082 2952 1135 per
2979 1082 3140 1136 quem
3173 1067 3297 1129 fusti
3323 1077 3534 1121 tantum
3569 1067 3818 1124 homins

2215 1159 2530 1213 introibunt.
2566 1159 2719 1224 Quod
2759 1160 2896 1212 bene
2934 1169 3224 1228 utrumque
3255 1157 3582 1226 complexus
3617 1166 3724 1221 est,
3757 1170 3814 1214 ut

2213 1264 2273 1311 et
2315 1255 2478 1323 istud,
2523 1264 2578 1311 et
2615 1255 2744 1310 illud
2776 1255 3012 1310 futurum
3057 1255 3312 1310 saeculum
3335 1255 3650 1326 ignilicare
3673 1257 3820 1312 vide.

2215 1358 2386 1402 re‘ur.

2207 1465 2210 1468 ~
2286 1438 2440 1494 νει-ε.
2463 1439 2554 1493 21.
2579 1437 2868 1506 Conﬁteber
2888 1437 3000 1502 tibi,
3029 1436 3264 1504 Domine,
3289 1437 3532 1508 quoniam
3555 1439 3818 1493 επιειῑηὶ

2177 1553 2181 1558 ·
2215 1535 2315 1598 τὴν,
2347 1541 2393 1585 et
2419 1536 2586 1602 frtclus
2616 1548 2668 1586 es
2694 1531 2819 1585 mihi
2846 1533 2898 1586 in
2927 1532 3170 1586 salutem.
3210 1530 3369 1586 Istam
3414 1530 3810 1585 conlessiouean

2219 1640 2324 1679 non
2353 1623 2535 1678 alllieti
2568 1623 2750 1693 populi
2790 1624 3067 1678 debemus.
3094 1622 3401 1689 advertere,
3435 1622 3532 1676 sed
3567 1623 3814 1678 laztantis.

2217 1716 2431 1772 Gratias
2459 1717 2602 1772 enim
2629 1717 2766 1784 agit,
2799 1717 2920 1785 quia
2954 1716 3029 1770 illi
3064 1715 3318 1770 Dominus
3346 1713 3816 1778 salutarisillnxit,

2218 1817 2271 1862 et
2293 1808 2618 1876 Redemptor
2636 1807 2877 1876 gentium
2899 1807 3070 1861 oeulis
3093 1805 3340 1860 humanis
3361 1805 3639 1875 apparuit.
3666 1804 3816 1860 Unde

2223 1915 2408 1958 revera
2445 1898 2792 1969 intelligimus
2819 1909 2873 1954 et
2900 1913 2929 1951 a
2973 1899 3240 1967 prioribus
3259 1898 3583 1969 iustissimis
3613 1898 3819 1953 Domini

2223 1994 2509 2050 adventum
2533 1991 2698 2045 fuisse
2716 1990 2920 2062 iugiter
2940 1992 3255 2058 expetitum,
3275 1991 3416 2045 sicut
3439 1990 3558 2059 ipse
3581 1990 3637 2043 in
3657 1989 3819 2043 Evan-

2223 2084 2364 2157 gelia
2399 2083 2568 2139 dicit:
2624 2081 2780 2135 Μιιιιὶ
2811 2081 3072 2149 prophetat
3109 2092 3156 2135 et
3185 2082 3320 2152 iusti
3340 2083 3618 2150 cupierunt
3659 2081 3820 2134 ridere

2223 2193 2341 2250 qute
2363 2191 2451 2231 vos
2481 2174 2681 2239 videtis,
2721 2185 2768 2228 et
2809 2175 2992 2228 audire
3035 2187 3150 2242 qua:
3189 2173 3384 2227 auditis
3420 2171 3666 2243 (Matris.
3699 2185 3818 2240 aut,

2225 2269 2291 2322 17
2318 2269 2358 2339 ),
2387 2277 2498 2322 etc.
3285 2319 3288 2322 .

2302 2360 2452 2414 \iers.
2484 2359 2574 2413 23.
2609 2357 2860 2426 Lapidem
2889 2371 3035 2422 quem
3065 2356 3463 2427 reprobaeerunt
3490 2355 3822 2424 adiﬁcantrs,

2229 2455 2312 2506 hic
2342 2462 2510 2521 [actus
2541 2463 2614 2504 est
2643 2454 2698 2504 in
2727 2461 2879 2512 caput
2909 2450 3108 2519 attg‘blt'.
3137 2449 3250 2504 Sub
3269 2448 3540 2502 allusioue
3569 2446 3823 2504 fabrican-

2229 2545 2360 2599 tium
2384 2543 2674 2613 exponitur
2703 2541 2876 2595 inanis
2915 2555 3077 2610 opera
3116 2540 3450 2595 Judzeorum.
3480 2539 3596 2596 Soli
3627 2541 3820 2609 quippe

2235 2639 2516 2692 hominum
2547 2635 2723 2690 adhuc
2753 2635 2806 2689 in
2837 2635 3036 2689 mundo
3061 2649 3224 2688 unum
3249 2634 3416 2688 Deum
3437 2634 3682 2688 mlentes
3709 2635 3824 2688 adi-

2239 2733 2404 2787 llcare
2431 2729 2782 2798 videbantur,
2802 2729 2928 2783 dum
2963 2738 3174 2784 emterte
3199 2728 3447 2783 nationes
3478 2728 3742 2782 idolorum
3770 2744 3828 2783 se

2237 2828 2443 2881 cultura
2473 2825 2835 2880 destruerent.
2867 2821 3211 2889 Ediﬁcautes
3247 2821 3400 2876 enim
3437 2822 3661 2876 tendunt
3689 2835 3829 2875 sern-

2239 2935 2332 2989 pt‘l‘
2361 2919 2426 2971 ad
2453 2917 2728 2987 angulum,
2755 2923 2814 2968 ut
2842 2916 3256 2990 commissorum
3299 2915 3548 2982 parietum
3575 2913 3830 2966 soliditas

2237 3011 2542 3079 impleatur.
2589 3007 2760 3063 Juda‘i
2810 3023 2939 3062 vero
2987 3007 3110 3060 ﬁdei
3156 3020 3270 3061 suae
3312 3004 3562 3060 fabricam
3601 3005 3830 3061 minime

529 3103 624 3160 tio.
669 3105 786 3161 Non
843 3122 904 3162 se
949 3108 1198 3164 meliores
1252 3111 1522 3163 astiment
1570 3110 1716 3178 quod
1766 3111 2122 3182 delinquunt:

2239 3105 2601 3174 perfecerunt,
2635 3101 2889 3170 quoniam
2923 3101 3122 3169 ipsum,
3153 3099 3246 3169 qui
3287 3108 3405 3154 erat
3435 3097 3568 3164 lapis
3598 3097 3826 3152 fortiss-

528 3195 641 3252 ﬁlio
667 3213 770 3252 non
807 3198 1062 3267 parcitur,
1095 3211 1151 3255 ut
1176 3201 1375 3256 erudiri
1407 3216 1567 3279 posse
1598 3203 1857 3260 videatur.
1884 3203 2130 3276 Sedlnec

529 3294 666 3350 bene
698 3295 988 3366 castigatus
1008 3296 1168 3352 edicit
1193 3314 1212 3362 ς
1241 3297 1386 3353 solus
1411 3299 1552 3354 enim
1576 3300 1726 3354 morti
1755 3317 1854 3354 non
1879 3300 2126 3366 traditur,

529 3385 684 3454 cujus
736 3385 820 3441 hic
860 3387 990 3443 vitia
1033 3391 1320 3446 commissa
1360 3402 1670 3462 purgantur.
1709 3394 1774 3448 Et
1821 3403 1942 3450 nota
1988 3395 2129 3459 quod

531 3479 626 3546 ait,
655 3479 913 3550 castigans
943 3482 1226 3553 castigavit.
1262 3484 1373 3539 lloc
1399 3485 1541 3553 enim
1567 3501 1736 3556 genus
1757 3486 2041 3542 locutionis
2074 3489 2126 3544 in

531 3567 822 3638 Scripturis
851 3571 1050 3628 divinis
1070 3575 1567 3644 saepiusiuvenitur
1599 3595 1611 3630 :
1647 3585 1706 3631 ut
1733 3586 1814 3630 est
1845 3577 1994 3642 illud,
2029 3577 2129 3632 lle-

530 3661 768 3714 nedit'ens
809 3661 1100 3718 benedicens
1137 3675 1204 3720 te.
1249 3667 1611 3736 Multiplicaus
1652 3668 2002 3736 multiplicabo
2041 3684 2125 3722 se-

531 3767 648 3805 men
669 3762 834 3820 tuum,
859 3762 912 3808 et
937 3755 1018 3809 his
1054 3758 1266 3812 similia.
1297 3758 1446 3825 Quod
1469 3769 1840 3829 argumentum
1869 3760 1949 3832 (ut
1978 3773 2125 3830 saepe

534 3841 791 3907 diximus)
822 3845 1020 3901 dicitur
1047 3862 1076 3900 a
1103 3849 1424 3919 conjugalis.

553 3987 560 3994 ,
604 3935 758 3990 \‘ers.
800 3937 884 3993 l9.
914 3938 1125 4008 Aperite
1159 3940 1285 3994 mihi
1318 3951 1493 4010 portas
1513 3941 1754 4015 justitiw,
1789 3951 1836 3996 et
1864 3928 2127 4015 ingresisus

531 4027 585 4080 in
610 4043 698 4081 eas
720 4029 996 4099 conﬁtebor
1039 4030 1280 4085 Domino.
1317 4032 1552 4101 Populus
1591 4033 1680 4088 ille
1710 4033 1944 4089 ﬁdelium
1979 4033 2126 4106 [ed.,

535 4117 732 4191 ﬁdelis]
754 4123 899 4178 venit
920 4122 986 4178 ad
1005 4125 1216 4179 tertiam
1239 4127 1530 4180 sectionem
1553 4143 1564 4178 :
1589 4125 1886 4181 Jerusalem
1903 4127 2128 4196 cupiens

533 4211 776 4279 introire,
806 4215 996 4283 ianuas
1028 4217 1146 4288 ejus
1191 4219 1400 4275 fervore
1440 4219 1706 4289 spirituali
1751 4219 1849 4275 sibi
1895 4221 2130 4289 postulat

531 4307 752 4374 aperiri.
785 4308 989 4376 Quibus
1013 4325 1143 4381 ergo
1182 4312 1411 4376 dicitur,
1445 4314 1666 4382 Aperite,
1710 4315 1809 4368 nisi
1852 4314 2126 4384 prephetis

533 4407 700 4468 atque
727 4403 1007 4470 apostolis,
1039 4405 1128 4474 qui
1161 4405 1422 4461 caelorum
1454 4407 1635 4462 claves
1671 4407 1910 4476 mysdcis
1954 4408 2124 4462 virtu-

2229 3213 2385 3262 ntus,
2424 3193 2737 3266 angolaris,
2775 3208 2924 3248 more
2971 3193 3303 3247 dementium
3347 3201 3674 3262 putaverunt
3714 3205 3826 3246 esse

2229 3289 2600 3346 temneudum.
2638 3287 2896 3340 Dominus
2932 3296 3111 3340 autem
3153 3279 3402 3341 Christus
3447 3299 3552 3355 per
3585 3285 3824 3354 tropolo-

2224 3387 2364 3456 giam
2396 3384 2558 3455 (sicut
2583 3382 2878 3438 innumeris
2903 3381 3036 3438 locis
3073 3389 3284 3437 constat
3324 3380 3662 3450 expositum)
3703 3381 3819 3434 ideo

2229 3478 2370 3546 lapis
2391 3477 2586 3532 dicitur
2613 3475 2906 3546 angularis,
2941 3477 3060 3544 quia
3094 3476 3230 3530 duos
3261 3473 3326 3553 ad
3351 3490 3410 3530 se
3439 3475 3669 3545 populos
3691 3489 3732 3528 θ
3750 3472 3823 3528 dl-

2230 3579 2392 3624 verso
2424 3569 2700 3622 venientes
2728 3568 3009 3636 gentilium
3039 3576 3202 3636 atque
3239 3566 3550 3622 htdaaorum
3583 3575 3824 3634 tauquam

2233 3661 2479 3731 geminos
2515 3660 2746 3729 parietes
2793 3661 2842 3712 iu
2885 3674 3043 3712 uuam
3085 3659 3370 3712 soliditatis
3407 3657 3637 3727 gratiam
3676 3657 3825 3712 colli-

2233 3751 2374 3822 gavit
2393 3750 2523 3823 [ed.,
2547 3749 2870 3822 collocavit].
2899 3751 2976 3806 De
2997 3751 3096 3805 hoc
3123 3750 3294 3819 lapide
3313 3751 3613 3819 prophetae,
3645 3750 3713 3805 de
3735 3751 3826 3805 bac

2234 3843 2484 3913 apostoli,
2533 3843 2602 3896 de
2647 3842 2748 3897 hoc
2783 3842 2996 3896 diversi
3051 3843 3214 3897 multa
3261 3841 3536 3896 dixerunt.
3588 3840 3824 3911 Angulus

2235 3935 2380 3989 enim
2412 3942 2610 3987 tractus
2638 3943 2720 3988 est
2755 3947 2822 3990 ex
2861 3933 3048 3988 Graeco
3086 3947 3359 3994 sermone,
3395 3932 3448 3986 id
3483 3941 3593 3998 est,
3621 3945 3650 3983 a
3682 3930 3826 4003 751v,

2237 4015 2378 4100 trt‘od
2431 4028 2617 4081 Latine
2663 4026 2861 4081 dicitur
2909 4041 3072 4095 genu.
3127 4025 3242 4080 lloc
3291 4026 3548 4081 inﬂexum
3595 4025 3826 4093 speciem

2239 4119 2416 4190 anguli
2449 4117 2710 4173 conformi
2739 4117 2996 4188 qualitate
3035 4117 3304 4181 restituit;
3339 4131 3462 4170 nam
3503 4117 3646 4185 apud
3688 4116 3828 4172 Grat-

2237 4225 2330 4267 eos
2357 4209 2618 4281 originem
2664 4212 2744 4263 sui
2790 4209 3020 4264 nominis
3061 4209 3114 4262 in
3153 4207 3582 4263 derivationibus
3615 4207 3830 4260 omnino

2237 4301 2491 4367 custodis,
2522 4311 2581 4354 ιιι
2605 4309 2937 4370 tetragonus,
2965 4309 3321 4370 pentagonus,
3353 4308 3406 4352 et
3436 4299 3525 4352 his
3552 4299 3656 4352 sim
3681 4298 3774 4352 lia.

2310 4413 2462 4469 Vers.
2488 4413 2578 4470 25.
2609 4413 2649 4466 Α
2685 4413 2906 4466 Domino
2943 4412 3110 4482 factus
3147 4423 3220 4464 est
3256 4411 3360 4476 hic,
3395 4420 3442 4463 et
3481 4418 3563 4463 est
3595 4408 3832 4464 mirabilis

533 4490 676 4602 tibiis
701 4496 1069 4563 acceperunt?
1107 4496 1207 4552 Per
1232 4497 1328 4552 bas
1367 4498 1510 4553 enim
1542 4498 1798 4553 doctrinae
1824 4497 2016 4568 januas
2043 4497 2124 4553 in—
2158 4507 2394 4602 1)[mss.
2428 4507 2518 4572 A.,
2549 4508 2633 4575 8.,
2673 4506 2754 4566 F..
2785 4506 2977 4576 factum
3015 4517 3090 4559 est
3124 4504 3222 4558 hoc
3260 4501 3531 4576 mirabile]
3576 4505 3632 4558 in
3677 4505 3830 4558 oculis

535 4582 792 4651 traducti,
823 4586 966 4641 intus
998 4586 1108 4658 jam
1151 4589 1308 4659 positi
1346 4590 1612 4646 veraciter
1657 4588 1878 4646 Domino
1919 4593 2130 4658 con/ite-

533 4693 669 4732 mur.
696 4677 962 4736 Caterum
989 4683 1244 4753 quidquid
1271 4692 1424 4739 extra
1462 4684 1758 4739 Eeclesiant
1800 4686 2125 4740 catholicam

534 4773 758 4840 geritur,
776 4789 1107 4846 nequaquam
1134 4777 1342 4832 Domini
1372 4778 1616 4832 laudibus
1633 4777 1952 4847 applicatur.
1982 4778 2127 4833 Bene

534 4873 716 4920 autem
747 4882 842 4936 per
867 4868 1180 4940 allegoriam
1210 4871 1483 4940 prophetae
1524 4881 1683 4941 atque
1709 4870 1936 4942 apostoli
1970 4881 2134 4940 portas

535 4955 786 5022 appellati
816 4969 973 5015 sunt:
1007 4971 1169 5032 porta:
1197 4962 1342 5016 enim
1385 4961 1543 5016 dicta:
1565 4972 1713 5026 sunt,
1756 4977 1852 5032 per
1879 4977 2012 5033 quas
2049 4962 2130 5017 vi-

541 5048 737 5104 etualia
763 5051 1072 5109 civitatibus
1101 5054 1483 5124 imponuntur,
1514 5055 1653 5109 sicut
1681 5064 1733 5109 et
1759 5069 1855 5124 per
1877 5053 1998 5110 illos
2022 5055 2128 5108 ani-

538 5155 746 5197 marum
789 5145 982 5212 pabula
1012 5157 1224 5203 constat
1253 5147 1422 5202 illata.

615 5235 770 5292 Vera.
807 5240 898 5295 20.
939 5239 1069 5296 Iltec
1104 5254 1256 5315 porta
1296 5245 1537 5309 Domini,
1571 5244 1702 5315 justi
1739 5243 2002 5298 intrabunt
2039 5260 2128 5316 per

538 5343 674 5382 eam.
708 5329 842 5386 Cum
876 5335 1126 5400 superius
1161 5335 1357 5390 dixerit
1405 5345 1613 5406 portas,
1656 5335 2003 5406 qua-rendum
2045 5341 2130 5390 est

538 5435 708 5491 quare
739 5421 826 5478 hic
868 5432 1070 5490 portam
1119 5426 1284 5481 voluit
1322 5443 1522 5497 ponere
1569 5442 1795 5484 numero
1829 5426 2122 5498 singulari;

537 5513 743 5569 scihcet
771 5525 826 5569 ut
852 5515 1157 5588 designaret
1188 5522 1473 5591 prophetas
1495 5534 1653 5593 atque
1673 5521 1836 5594 396
1856 5521 2128 5591 apostolos

535 5606 729 5678 jauuas
749 5611 964 5681 quidem
987 5628 1110 5670 esse
1127 5615 1409 5681 ctelorum,
1432 5617 1526 5672 sed
1553 5618 1646 5670 bas
1667 5629 1857 5670 omnes
1875 5613 1942 5668 ad
1967 5627 2125 5668 unam

543 5715 702 5770 posse
735 5705 1064 5772 perducere:
1095 5708 1220 5776 quia
1253 5709 1518 5761 universa:
1551 5713 1879 5762 c0nsuerunt
1910 5704 1980 5759 ad
2014 5703 2126 5758 Do-

543 5797 748 5853 minum
779 5785 1135 5859 intremittere
1171 5801 1530 5868 Salvatorcm,
1570 5803 1659 5870 qui
1688 5812 1740 5858 et
1771 5811 1919 5872 porta
1950 5810 2122 5871 potest

2238 4599 2443 4654 nostris.
2475 4597 2551 4653 Ne
2583 4597 2812 4669 lapidem
2858 4598 3018 4652 istum
3059 4598 3236 4651 saxeis
3286 4597 3566 4651 montibus
3618 4608 3828 4664 putares

2237 4691 2494 4756 excisum,
2525 4691 2577 4746 iu
2622 4691 2847 4745 salutem
2896 4689 3076 4744 mundi
3127 4692 3320 4760 factum
3367 4689 3497 4746 dicit
3527 4707 3564 4742 α
3595 4689 3827 4744 Domino.

2235 4783 2338 4837 Sed
2364 4783 2490 4837 dum
2521 4793 2779 4838 mcuzorat
2811 4785 3022 4853 factum,
3055 4793 3242 4836 natura
3275 4781 3630 4835 humanitatis
3658 4793 3829 4836 osten-

2235 4873 2408 4937 ditur,
2455 4889 2574 4943 quae
2616 4885 2667 4927 et
2709 4885 2888 4928 creata
2928 4889 3050 4929 esse
3090 4882 3438 4928 monstratur.
3487 4872 3583 4928 Sic
3614 4883 3670 4926 et
3701 4880 3830 4938 ξιιμ)-

2235 4969 2406 5024 stultis
2427 4969 2533 5022 ait:
2560 4965 2624 5021 In
2653 4968 3041 5022 similitudinem
3071 4967 3336 5020 hominum
3360 4967 3550 5038 [αι-ηις,
3579 4977 3630 5020 et
3661 4967 3826 5018 habitu

2235 5059 2468 5113 inventus
2492 5069 2544 5113 ut
2569 5059 2717 5113 homo
2751 5059 2984 5132 (Philip.
3017 5073 3075 5123 tt,
3103 5059 3180 5128 7).
3227 5057 3290 5112 Et
3327 5057 3478 5120 alibi,
3518 5057 3626 5122 Qui
3666 5063 3826 5128 [ntus

2227 5163 2298 5206 est
2325 5153 2373 5206 ei
2400 5169 2464 5207 ex
2492 5152 2680 5206 semine
2722 5151 2890 5206 Dauid
2923 5153 3199 5206 secundum
3231 5167 3435 5205 omnem
3469 5150 3651 5220 (Rom.
3682 5165 3720 5212 ι,
3751 5151 3819 5220 5).

2229 5240 2334 5296 Iste
2376 5243 2572 5312 quippe
2609 5244 2740 5313 lapis
2771 5244 2862 5308 qui
2905 5254 2986 5296 est
3043 5242 3259 5297 [ibria-ze
3294 5241 3489 5297 decora
3532 5243 3818 5313 copulatio,

2231 5335 2392 5389 ﬁbula
2424 5335 2710 5403 parietum,
2743 5336 2795 5390 in
2823 5335 3190 5390 funda-uentis
3231 5345 3491 5404 perpetua
3537 5333 3809 5395 fortitudo,

2231 5426 2480 5482 mirabilis
2511 5434 2592 5482 est
2635 5429 2688 5482 in
2725 5429 2899 5483 oculis
2925 5427 3185 5491 ﬁdelium,
3215 5429 3306 5498 qui
3341 5443 3445 5481 non
3481 5430 3652 5480 solum
3698 5443 3810 5480 eum

2234 5519 2584 5588 corporaliter
2612 5521 2813 5587 vident,
2856 5535 3042 5574 verum
3090 5519 3252 5574 etiam
3303 5519 3597 5573 illuminata
3644 5528 3808 5572 mente

2235 5611 2589 5683 conspiciunt.
2617 5614 2879 5669 Viderunt
2904 5615 3051 5669 enim
3088 5621 3142 5666 et
3168 5611 3360 5678 Judaei,
3393 5615 3488 5668 sed
3530 5628 3636 5666 non
3663 5611 3802 5664 mira-

2235 5705 2407 5774 bilem,
2444 5706 2566 5776 quia
2597 5705 2772 5760 solum
2802 5706 3146 5761 intuebuntur
3175 5719 3417 5772 «amem,
3463 5721 3620 5774 quant
3664 5701 3797 5756 vide—

2235 5797 2361 5854 bant
2400 5812 2520 5854 esse
2552 5813 2890 5854 Communem
2946 5797 3206 5854 Fidelium
3237 5805 3412 5851 aut'm
3437 5797 3696 5858 sensibus,
3714 5790 3794 5860 qui
