4090 6346
340 361 448 417 855

1291 359 1651 417 EXPOSITIO
1692 359 1754 416 IN
1796 358 2254 416 PSALTERIUM.
2297 358 2491 415 PSAL.
2534 358 2690 414 CVII.

3515 357 3620 414 831

338 494 463 537 eum
489 475 682 533 Filium
715 475 807 529 Dei
835 489 956 529 esse
986 475 1207 544 professi
1236 486 1383 543 sunt,
1409 474 1658 529 mirabilis
1684 482 1739 529 et
1765 470 1921 527 terri-
1953 480 2002 534 Α
2029 470 2243 537 stituite,
2288 470 2437 536 dicit,
2485 470 2534 525 id
2565 478 2649 525 est
2693 468 2987 524 deliberata
3031 468 3301 525 custodite
3348 474 3613 527 sententia

343 569 475 626 bilis
500 566 813 637 apparebat,
856 567 990 618 sicut
1020 564 1179 619 Petro
1221 565 1487 636 apostolo,
1530 565 1617 632 qui
1656 563 1825 617 dixit:
1860 561 1936 615 Tu

341 677 397 716 es
426 658 657 713 Christus
685 655 854 710 Filius
886 655 981 710 Dei
1009 656 1105 709 vivi
1135 654 1350 725 (Matt/1.
1393 672 1502 723 sm,
1532 656 1642 725 16).

420 751 573 806 Vers.
599 750 692 804 24.
728 748 848 802 llwc
877 749 983 802 dies
1003 765 1154 818 quant
1179 751 1296 819 [erit
1323 749 1601 802 Dominus:
1626 750 1935 803 exsultenms

343 854 391 900 et
427 847 656 898 testemur
681 843 735 895 in
762 826 842 895 ea:
875 843 919 896 0
943 857 1100 911 quam
1134 843 1316 895 suavia
1351 843 1509 897 verba
1556 851 1737 896 sancta
1779 842 1934 895 nobis

346 938 605 1007 probatur
633 943 875 989 eructare
912 934 1241 988 credulitas!
1294 934 1422 988 Nam
1458 935 1582 989 licet
1616 934 1760 988 Deus
1800 949 1933 988 cnn-

344 1041 461 1085 Ctos
499 1027 614 1082 dies
660 1027 942 1091 creaverit,
982 1026 1322 1095 singulariter
1351 1035 1526 1080 tamen
1571 1026 1704 1078 diem
1743 1026 1931 1080 iecisse

346 1120 565 1183 dicitur,
598 1118 685 1187 qui
715 1116 917 1171 Christi
951 1118 1157 1169 Domini
1185 1117 1460 1170 nativitate
1485 1127 1723 1171 sacratus
1747 1127 1847 1171 est.
1875 1115 1931 1170 In

344 1226 458 1282 quo
504 1212 697 1266 merito
738 1208 994 1262 exsultare
1037 1208 1288 1262 convi-nit
1335 1217 1389 1262 et
1438 1207 1645 1273 lecturi,
1680 1207 1930 1278 quoiiam

348 1309 405 1362 in
435 1321 500 1358 eo
538 1315 590 1357 et
622 1302 863 1357 diabolus
898 1300 987 1373 jus
1037 1301 1287 1371 perdidit,
1338 1309 1394 1357 et
1434 1301 1658 1355 salutem
1700 1299 1931 1355 mundus

347 1395 577 1464 accepit.

370 1508 373 1509 ν
425 1487 576 1541 νιτε.
599 1485 690 1540 25.
710 1484 755 1537 0
780 1482 1015 1549 Domine,
1038 1485 1232 1538 salvum
1254 1500 1332 1538 me
1361 1484 1479 1554 fac!
1499 1502 1527 1537 ο
1558 1483 1787 1545 Domine.
1814 1484 1935 1536 bene

346 1581 690 1653 prosperare!
740 1580 1141 1648 lnterjeetioues
1190 1577 1307 1633 Istae
1356 1579 1677 1633 desiderTum
1730 1590 1934 1647 magna:

350 1674 627 1744 petitionis
659 1673 971 1738 ostendunt,
1002 1682 1059 1725 ιη
1090 1683 1138 1725 et
1171 1671 1255 1725 hic
1289 1671 1356 1725 dc
1384 1672 1568 1724 tuundi
1606 1670 1760 1724 isﬁus
1786 1670 1936 1725 clade

347 1765 666 1830 liberentur,
715 1773 771 1821 et
819 1763 890 1819 ibi
941 1764 1301 1833 prosperrima
1349 1773 1494 1818 sorte
1543 1762 1608 1816 ad
1663 1763 1933 1818 dexteram
1973 1800 2017 1859 Β

351 1859 702 1913 collocentur.
738 1858 852 1911 Duo
880 1859 1020 1911 enim
1062 1857 1159 1910 is‘a
1200 1867 1323 1911 sunt
1352 1873 1470 1924 qua:
1518 1856 1690 1909 ﬁdelis
1736 1858 1940 1923 expetit

348 1946 709 2015 Christianus,
739 1959 794 2001 ut
823 1956 875 2001 et
907 1948 990 2001 h'c
1016 1947 1272 2010 eripiatur
1298 1962 1326 2000 a
1358 1957 1696 2016 peccatorum
1744 1952 1935 2011 morte,

352 2048 406 2096 et
436 2039 545 2094 illic
593 2042 883 2093 collocetur
914 2040 964 2091 in
1009 2039 1191 2106 requie
1238 2038 1587 2106 sempiterna.
1635 2036 1766 2091 Nam
1810 2036 1940 2091 istas

352 2132 671 2187 alﬁictiones
700 2147 832 2201 quas
855 2131 939 2184 hic
972 2132 1263 2197 patiuntur,
1298 2131 1428 2184 istos
1451 2130 1666 2183 dolores
1696 2144 1830 2195 quos
1854 2129 1939 2182 hic

352 2239 535 2278 amore
565 2224 770 2277 Domini
802 2223 1087 2284 sutinent,
1118 2221 1187 2275 ibi
1219 2223 1336 2275 sine
1361 2221 1523 2273 dubio
1553 2230 1937 2290 prosperantur,

356 2315 570 2385 quando
593 2314 703 2384 jam
729 2315 792 2366 nd
824 2313 1011 2381 gaudia
1040 2320 1241 2366 :rterna
1269 2311 1603 2380 perveniunt.
1637 2309 1940 2379 l’rosperari

356 2406 499 2460 cnim
527 2451 542 2472 ,
593 2416 674 2460 est
719 2404 916 2474 a'iquid
961 2420 1208 2472 aSperum
1242 2403 1421 2459 facere
1464 2403 1831 2469 tranquillum,
1888 2415 1943 2457 ut

354 2506 505 2566 grata
548 2497 701 2550 nobis
731 2497 860 2549 ﬁant
904 2497 1040 2550 mala
1080 2496 1345 2563 pranerita
1370 2536 1385 2563 ,
1427 2511 1545 2567 qua!
1574 2497 1847 2552 Credimus
1887 2497 1940 2552 in

356 2600 559 2644 aeterna
588 2589 774 2659 gaudia
802 2590 1201 2658 commutanda.

360 2718 365 2721 »
428 2680 580 2735 Vers.
610 2680 701 2735 εδ.
736 2678 1042 2734 Benedictus
1068 2682 1156 2749 qui
1181 2681 1312 2733 venit
1343 2682 1395 2735 in
1438 2684 1642 2737 nomine
1686 2682 1894 2738 Domini
1921 2700 1941 2739 :

355 2769 703 2823 benediximns
729 2785 816 2824 vos
845 2769 993 2841 [mss.
1034 2774 1121 2834 A.,
1155 2772 1235 2834 Β..
1271 2771 1355 2839 F.,
1383 2772 1539 2845 vobis]
1567 2775 1630 2827 de
1663 2778 1812 2828 domo
1838 2776 1944 2828 Do-

354 2859 504 2913 mini.
532 2860 728 2924 ()uarta
773 2862 942 2916 sectio
972 2878 1090 2932 quae
1130 2874 1375 2932 superest
1417 2866 1711 2921 introitur:
1754 2868 1842 2921 ubi
1876 2867 1942 2923 de

353 2949 586 3007 adventu
620 2952 828 3006 Domini
858 2968 1021 3008 suave
1048 2969 1240 3008 munus
1267 2954 1438 3009 laudis
1467 2956 1708 3024 oﬁ'ertur,
1739 2967 1791 3012 et
1817 2961 1941 3011 subo

355 3042 522 3097 tiliter
554 3044 867 3097 Antichristi
896 3047 1241 3111 prmsumptio
1271 3045 1446 3113 iniqua
1479 3048 1786 3101 damnatur.
1822 3050 1945 3102 llaec

359 3134 524 3202 ﬁgura
554 3134 750 3188 dicitur
775 3136 1066 3204 emphasis,
1098 3153 1217 3205 quae
1239 3137 1506 3206 signiﬁcat
1534 3140 1693 3191 etiam
1729 3140 1777 3193 id
1802 3141 1940 3210 quod
1976 3120 2013 3170 δ

356 3240 461 3280 non
491 3227 635 3280 dicit.
671 3227 903 3280 Dicendo
929 3228 1106 3289 enim,
1140 3228 1445 3282 Benedictus
1485 3232 1572 3297 qui
1595 3235 1728 3284 venit
1769 3234 1821 3286 in
1853 3251 1941 3286 no-

355 3320 491 3373 mine
517 3318 740 3385 Domini,
775 3320 920 3373 illum
962 3330 1172 3375 constat
1208 3337 1327 3374 esse
1369 3323 1713 3377 maledictum
1758 3328 1846 3392 qui
1887 3328 1937 3379 in

364 3423 461 3465 suo
492 3409 708 3464 nomine
737 3411 973 3463 creditur
994 3426 1114 3465 e~se
1155 3422 1432 3465 venturus.
1467 3414 1532 3467 Et.
1572 3423 1627 3467 ut
1670 3415 1939 3470 Christum

352 3501 771 3569 ontnipotentem
802 3505 1083 3558 Doininum
1107 3520 1227 3560 (μεθ
1254 3518 1629 3575 cognosceres,
1655 3506 1782 3561 divit
1812 3523 1934 3563 eum

351 3594 544 3648 venisse
562 3596 614 3646 in
637 3597 846 3649 nomine
869 3595 1095 3664 Domini,
1117 3615 1181 3652 ne
1201 3600 1397 3667 aliquid
1418 3600 1484 3654 de
1510 3603 1623 3668 ipso
1650 3603 1828 3655 carnzil
1855 3612 1874 3656 t
1911 3618 1937 3657 r

353 3699 506 3739 mens
534 3686 761 3740 humana
787 3690 1033 3745 sentiret.
1063 3691 1170 3745 lloc
1201 3697 1359 3746 etiam
1384 3704 1435 3745 et
1459 3694 1728 3763 Evangelii
1760 3704 1935 3749 textus

350 3780 604 3845 ostendit,
645 3782 857 3836 dicens:
894 3783 1002 3849 Ego
1042 3787 1152 3837 reni
1192 3785 1243 3837 in
1282 3788 1486 3841 nomine
1536 3786 1703 3841 Patris
1730 3790 1845 3853 mei,
1885 3797 1934 3843 et

349 3886 454 3923 non
474 3872 671 3940 accepis
697 3872 880 3926 iuste:
909 3874 951 3924 si
973 3872 1112 3926 alius
1135 3876 1320 3927 venerit
1344 3876 1394 3927 in
1422 3877 1625 3929 nomine
1646 3892 1760 3941 suo,
1786 3878 1932 3929 illum

350 3965 614 4033 accipietis
647 3964 825 4036 (Joan.
850 3981 903 4030 ν,
935 3965 1045 4034 45).
1082 3967 1363 4036 Sequitur,
1391 3969 1738 4022 benediximns
1766 3986 1849 4022 vos
1874 3970 1935 4023 dc

348 4055 504 4108 domo
534 4053 765 4109 Domini.
800 4056 881 4110 Ab
911 4057 1003 4109 illo
1035 4060 1230 4123 populo
1258 4058 1398 4111 lideli
1428 4073 1584 4121 quem
1613 4059 1815 4125 prtcl'ati
1846 4074 1938 4113 su-

349 4162 443 4199 snu
464 4168 492 4211 η,
525 4147 625 4200 hoc
649 4147 841 4201 dicitur
864 4147 1079 4216 reliquis
1101 4147 1441 4215 Christianis,
1465 4148 1555 4214 qui
1578 4148 1726 4214 quasi
1756 4163 1937 4205 sacer-

349 4236 520 4289 dOtali
550 4236 805 4304 dignitate
830 4236 1067 4290 subvecti
1091 4237 1380 4304 loquuntur
1401 4237 1464 4290 ad
1500 4238 1729 4306 plehem,
1755 4248 1936 4293 osten-

347 4327 541 4381 dentes
572 4328 780 4382 Domini
813 4327 1236 4385 benedictionem
1266 4328 1472 4382 devutte
1500 4328 1637 4395 plebi
1674 4344 1766 4394 per
1796 4332 1936 4385 anti-

346 4419 506 4475 stites
534 4419 821 4473 salubriter
840 4419 977 4472 dari.
1007 4420 1073 4471 Et
1099 4434 1163 4471 ne
1194 4418 1293 4472 hoc
1313 4418 1619 4472 dubitanter
1641 4421 1935 4489 acciperes,

2040 563 2175 616 diem
2217 565 2524 627 solemnem,
2572 563 2662 631 qui
2707 563 2911 617 honore
2954 562 3164 617 Domini
3211 571 3266 617 et
3310 571 3616 619 sanctorum

2038 653 2380 708 cunl'essione
2417 663 2655 708 sacratus
2680 664 2782 709 est.
2817 652 2881 707 In
2919 656 3532 725 confrequentationibus,
3567 656 3618 711 id

2037 753 2120 799 est
2149 746 2579 814 processionibus
2617 746 2857 811 crebris,
2906 761 3042 816 quas
3081 748 3259 817 populi
3304 751 3456 803 turba
3484 764 3618 804 con-

2037 841 2262 907 densat,
2312 851 2366 896 et
2415 841 2589 895 reddit
2643 841 3021 897 celeberrimas
3076 842 3362 898 devotione
3406 843 3631 902 festiva.

2038 932 2190 1001 Quod
2222 947 2350 987 vero
2374 933 2596 999 addidit,
2629 950 2785 1003 usque
2810 935 2878 988 ad
2906 951 3064 989 cornu
3101 936 3299 1002 altaris,
3332 937 3621 1006 prohileu-

2039 1035 2127 1080 tur
2152 1026 2316 1094 aliqui
2348 1026 2567 1081 forsitan
2598 1026 2759 1099 (quod
2791 1028 2950 1101 397
2981 1029 3160 1083 multis
3192 1030 3243 1085 in
3273 1044 3369 1085 usu
3399 1031 3501 1100 4st)
3532 1048 3625 1083 au-

2038 1118 2147 1173 dita
2179 1120 2454 1191 Evangelii
2486 1121 2715 1176 lectione
2735 1121 3031 1179 discedere.
3063 1123 3175 1176 Non
3201 1123 3342 1177 enim
3366 1126 3435 1175 ad
3461 1138 3622 1176 cornu

2038 1210 2219 1264 altaris
2249 1210 2507 1264 accedunt
2543 1212 2633 1281 qui
2664 1212 3166 1268 communicationis
3198 1216 3366 1283 gratia
3405 1228 3507 1269 nui
3543 1232 3626 1269 ie-

2042 1302 2271 1369 plentnr.
2304 1302 2416 1356 Hoc
2444 1303 2511 1356 de
2539 1303 2642 1357 isto
2676 1303 2830 1358 altari
2860 1305 3050 1359 visuali
3091 1304 3187 1375 (ut
3216 1307 3343 1361 mihi
3377 1308 3624 1379 videtur)

2038 1402 2407 1463 competenter
2453 1394 2765 1461 accipimus,
2809 1396 2950 1465 quod
2991 1411 3185 1467 corpus
3223 1406 3278 1453 et
3312 1402 3622 1470 sanguinem

2044 1481 2252 1537 Domini
2285 1484 2510 1537 solemni
2542 1484 2697 1539 nobis
2737 1485 3165 1550 frequentatione
3203 1489 3446 1560 largitur.
3492 1492 3625 1546 Illud

2042 1586 2171 1626 vero
2199 1573 2369 1627 altare
2395 1585 2473 1628 esx
2502 1584 2629 1629 ante
2656 1587 2999 1645 conspectum
3044 1578 3279 1646 Domini,
3311 1583 3396 1636 ubi
3443 1585 3631 1651 purili-‘

2042 1662 2177 1716 catis
2207 1663 2400 1717 animis
2432 1680 2525 1729 per
2564 1667 3072 1736 contemplationem
3111 1677 3351 1725 sanctam
3378 1672 3630 1740 iubemur

2042 1740 2299 1808 accedere
2323 1769 2336 1819 ;
2366 1763 2423 1807 ut
2452 1755 2503 1808 in
2537 1756 2636 1809 hac
2664 1758 2863 1811 actuali
2891 1758 3233 1815 solemnitate
3262 1762 3385 1816 illud
3408 1779 3627 1834 semper

2044 1844 2337 1899 debeamus
2377 1847 2664 1916 inspicere,
2698 1849 2836 1904 sient
2873 1849 2983 1919 jam
3017 1851 3070 1905 in
3103 1853 3509 1922 quadragesimo
3540 1873 3627 1913 sc-

2043 1936 2220 1990 cundo
2246 1937 2453 2005 psalmo
2474 1949 2684 1993 constat
2706 1942 3035 2009 espcsitum,
3069 1944 3155 1997 ubi
3183 1942 3288 1998 ait:
3318 1944 3386 2001 Et
3412 1947 3633 2002 intreibo

2043 2027 2111 2081 ad
2139 2029 2301 2081 altare
2338 2029 2447 2094 Dei,
2478 2029 2547 2082 ad
2575 2029 2740 2084 Deum
2770 2033 2857 2102 qui
2884 2034 3109 2103 lwtiﬁcat
3130 2038 3446 2105 juventutem
3469 2056 3631 2095 nteant

2045 2119 2229 2188 (Psal.
2272 2118 2528 2191 suus).
2581 2121 2752 2175 Cornu
2803 2140 2931 2179 vero
2978 2128 3245 2196 s‘gniiicat
3287 2138 3631 2200 potestatein,

2043 2228 2200 2281 quam
2234 2224 2475 2267 sanctum
2506 2215 2580 2268 alt
2601 2231 2676 2269 .re
2709 2215 2909 2273 habere
2939 2220 3279 2275 manifestum
3306 2232 3410 2278 est.

2120 2303 2272 2359 Vers.
2305 2306 2397 2361 9.8.
2432 2306 2568 2361 Dens
2601 2326 2742 2362 meus
2772 2328 2823 2365 es
2847 2322 2922 2376 tu,
2950 2323 2997 2366 et
3033 2316 3311 2384 conﬁtebor
3340 2319 3463 2385 tibi;
3499 2321 3633 2378 Dius

2046 2411 2186 2448 incus
2214 2412 2266 2448 es
2297 2407 2371 2461 tu,
2413 2406 2460 2449 et
2508 2401 2741 2454 multabo
2782 2409 2850 2456 te.
2889 2403 3058 2470 Quam
3106 2408 3241 2462 bene
3285 2411 3485 2467 veritas
3535 2415 3632 2468 Esm

2049 2485 2394 2554 professionis
2424 2488 2670 2555 iteratur,
2706 2502 2762 2546 ut
2794 2492 3074 2549 Dominum
3124 2508 3362 2554 nostrum
3391 2496 3632 2561 dicamus

2046 2590 2167 2629 esse
2190 2617 2203 2640 ,
2239 2593 2396 2645 quem
2428 2594 2554 2646 pura
2586 2591 2761 2636 mente
2804 2598 2907 2637 non
2949 2584 3245 2642 desinimus
3274 2590 3531 2649 adorat-vl
3579 2596 3633 2652 In

2046 2667 2218 2732 primo
2245 2668 2387 2721 enim
2420 2684 2685 2726 commate
2728 2673 2877 2739 dicit,
2916 2677 3193 2745 conﬁtebor
3234 2681 3343 2748 tibi,
3387 2685 3527 2752 quod
3567 2688 3632 2741 ad

2044 2758 2335 2826 gratiarum
2369 2764 2598 2828 pertinet
2627 2765 2913 2819 actionem.
2942 2767 2994 2821 lu
3018 2772 3273 2836 secundo,
3300 2776 3536 2832 eraltabo
3558 2790 3627 2845 te,

2046 2851 2165 2919 quia
2213 2853 2680 2919 prxdicationihus
2728 2858 3004 2913 beatorum
3053 2877 3146 2931 per
3194 2877 3413 2921 cnnctas
3448 2883 3634 2938 gentes

2048 2942 2316 2996 cxaltatur
2360 2944 2614 2999 Dominus
2654 2948 2915 3013 Christus,
2954 2957 3040 3020 qui
3079 2953 3249 3009 reddit
3295 2957 3494 3013 bonum
3540 2979 3636 3029 pro

2052 3033 2210 3096 malo,
2246 3034 2332 3101 qui
2365 3036 2610 3092 inimicos
2637 3038 2763 3093 dum
2797 3043 2959 3108 possit
3000 3046 3342 3115 exstinguere
3373 3054 3637 3119 patienter

2050 3134 2365 3193 exspectat;
2408 3137 2461 3180 et
2497 3132 2773 3185 conversis
2822 3134 2943 3190 talia
2994 3138 3169 3193 reddit
3215 3142 3392 3210 qualia
3438 3150 3639 3204 sanctis

2048 3213 2159 3266 suis
2194 3217 2557 3271 inisericm‘dia
2587 3222 2816 3289 gratuita
2854 3228 3242 3293 compromisit.

2121 3302 2194 3359 Ve
2214 3323 2270 3359 's.
2293 3306 2382 3361 ‘29.
2408 3307 2699 3376 Con/itebor
2723 3315 2831 3380 tibi,
2862 3315 3096 3379 Domine,
3117 3321 3355 3385 quoniam
3378 3328 3637 3384 exaudiin

2044 3407 2139 3457 me,
2178 3405 2222 3447 et
2252 3396 2414 3465 [actus
2446 3407 2517 3451 est
2546 3400 2672 3453 milii
2698 3406 2749 3454 in
2777 3402 3016 3458 salutem.
3053 3406 3146 3461 llic
3187 3410 3398 3477 quidem
3440 3430 3631 3473 versus

2044 3496 2295 3562 quoniam
2327 3498 2585 3566 repetitos
2611 3511 2715 3567 est,
2744 3502 2855 3570 jam
2896 3505 3142 3575 superius
3174 3507 3227 3561 in
3278 3512 3432 3565 tertia
3476 3528 3630 3584 parte

2045 3584 2299 3652 probatur
2328 3589 2603 3655 expositus
2627 3608 2640 3657 ;
2666 3591 2777 3646 'liOC
2809 3603 2982 3649 tamen
3013 3596 3245 3652 breviter
3265 3602 3547 3674 edicimus,
3573 3618 3632 3665 ut

2045 3673 2181 3729 hanc
2208 3679 2600 3736 confesdonem
2642 3683 2969 3742 latissimam
3003 3700 3121 3757 post
3156 3705 3402 3764 percepta
3432 3673 3633 3756 beneﬁ-

2043 3767 2123 3820 εἰ]
2168 3769 2338 3823 iusim
2388 3772 2685 3845 inteiligere
2721 3778 3053 3849 debeamus,
3086 3785 3225 3840 sicut
3256 3804 3353 3843 nos
3395 3807 3632 3851 commo-

2045 3858 2160 3912 nuit
2190 3871 2243 3913 ct
2276 3862 2458 3917 titulus
2485 3865 2730 3919 Alleluia.

2119 3949 2269 4006 Vers.
2304 3954 2390 4008 5t).
2425 3955 2751 4024 Con/itemini
2783 3958 3000 4016 Domino
3026 3968 3263 4032 quoniam
3294 3971 3474 4042 bonus,
3504 3994 3632 4048 quo-

2044 4039 2181 4093 niam
2228 4044 2279 4095 in
2321 4043 2567 4098 saeculum
2613 4049 2962 4104 misericordia
3010 4058 3141 4124 ejus.
3192 4060 3254 4112 Et
3286 4061 3371 4116 hic
3418 4039 3630 4139 quoque

2043 4146 2233 4185 versus
2264 4133 2316 4187 in
2345 4135 2517 4204 capite
2551 4138 2740 4206 psalmi
2769 4142 3021 4207 probatur
3053 4161 3174 4202 es-e
3196 4149 3304 4219 jam
3348 4133 3556 4223 dictus;
3576 4172 3633 4217 ut

2039 4218 2234 4277 sicut'a
2262 4222 2477 4280 Christo
2515 4226 2639 4284 fecit
2678 4229 2911 4299 initium,
2948 4234 3016 4288 ita
3050 4237 3151 4306 ipsi
3191 4218 3630 4307 concordare'vi-

2042 4312 2314 4417 deatur‘et
2347 4317 2503 4417 ﬁnis.‘
2532 4319 2649 4389 Ipse
2693 4323 2834 4378 enim
2868 4326 2917 4379 in
2948 4328 3268 4402 Apocalypsi
3311 4338 3434 4395 dicit
3462 4359 3475 4395 :
3520 4344 3632 4417 Ego

2041 4422 2156 4457 sum
2186 4406 2353 4478 Alpha
2382 4422 2428 4463 et
2465 4409 2653 4484 Omega
2698 4414 2882 4484 (Apoc.
2918 4434 2956 4484 ι,
2990 4421 3066 4491 8).
3116 4424 3305 4482 Merito
3340 4446 3469 4501 ergo
3500 4406 3630 4494 etin

347 4508 500 4571 dicit,
531 4508 593 4562 de
618 4511 772 4562 domo
805 4507 1031 4572 Domini,
1065 4508 1115 4563 id
1145 4517 1228 4562 est
1260 4509 1328 4563 de
1358 4510 1592 4564 Eccle~ia
1632 4512 1891 4567 catholica
1912 4555 1928 4582 ,

2041 4497 2212 4563 capite
2241 4504 2509 4556 confessio
2541 4508 2714 4573 posita
2757 4520 2859 4576 est,
2892 4518 2949 4565 et
2987 4514 3037 4567 in
3079 4515 3184 4571 ﬁne
3217 4497 3463 4591 repetita,
3505 4532 3628 4597 quia

350 4601 494 4656 unde
540 4602 771 4656 salutare
809 4601 1068 4670 baptisma
1116 4602 1281 4668 venit,
1328 4603 1468 4656 unde
1516 4606 1932 4681 communicatio

346 4702 534 4746 sancta
584 4692 857 4761 procedit,
894 4692 1031 4746 ttttde
1080 4693 1183 4747 olei
1229 4696 1422 4749 sacrai
1471 4696 1725 4751 unctione
1777 4714 1931 4753 mun—

346 4782 562 4847 damur,
592 4784 731 4839 unde
775 4784 950 4839 omnis
999 4784 1229 4855 denique
1270 4785 1570 4841 benedictio
1612 4802 1736 4842 vera
1792 4788 1931 4859 pra:-

347 4883 540 4930 statur.

421 4965 574 5020 Ἴθι-ε.
604 4966 696 5023 27.
729 4968 866 5023 Deus
897 4968 1144 5023 Dominus
1168 4982 1215 5025 et
1246 4972 1419 5025 illuxit
1441 4974 1584 5027 nobis
1602 4993 1620 5027 .·
1645 4977 1935 5031 constituite

345 5058 487 5111 diem
513 5057 785 5113 solemnem
807 5062 859 5113 in
879 5061 1482 5129 confreqnentationibus,
1507 5080 1666 5134 usque
1686 5068 1754 5117 ad
1776 5083 1937 5119 cornu

346 5152 549 5206 altaris.
582 5150 716 5207 Cum
744 5154 893 5221 dicit,
941 5154 1075 5209 Dens
1120 5154 1384 5217 Dominus,
1417 5158 1481 5209 ad
1524 5159 1800 5227 superiora
1835 5177 1937 5216 re—

342 5243 598 5309 Spondet,
628 5254 688 5299 ut
732 5246 811 5300 sic
836 5245 1141 5316 intelligas:
1173 5245 1537 5301 Benedirimus
1566 5268 1650 5303 vos
1682 5252 1744 5306 de
1773 5254 1934 5309 domo

345 5333 600 5398 Doinini;
633 5338 740 5391 ituo
769 5352 875 5392 nou
904 5354 1023 5399 nos.
1053 5339 1146 5392 sed
1179 5339 1313 5393 Deus
1336 5338 1604 5394 Dominus.
1641 5344 1757 5412 Ipse
1782 5348 1927 5399 enim

341 5424 612 5481 benedicit
640 5443 738 5483 ore
781 5438 1109 5494 sanctorum,
1136 5438 1193 5484 et
1233 5430 1455 5486 lucescit
1482 5432 1673 5499 nobis,
1707 5438 1923 5503 quando

342 5530 498 5589 nosa
540 5528 879 5586 peccatorum
928 5522 1345 5577 obscuritatibus
1387 5523 1606 5579 alienat.
1648 5527 1920 5596 Sequitur,

338 5608 631 5663 constituite
683 5610 819 5664 diem
876 5612 1150 5666 solemnem
1203 5615 1254 5667 in
1304 5615 1921 5686 confrequentationibus,

340 5716 503 5768 usque
527 5702 595 5756 ad
625 5719 784 5758 cornu
820 5704 1019 5759 altaris.
1054 5705 1183 5761 Illud
1218 5706 1329 5776 jam
1377 5708 1574 5763 dicitur
1606 5708 1921 5779 betiedictis,

338 5792 431 5860 qui
468 5805 711 5867 p0'crant
748 5795 859 5850 dies
911 5801 1072 5852 festos
1102 5801 1378 5854 ce'ebrare
1423 5802 1534 5857 Iole
1557 5804 1753 5856 uniter.
1789 5801 1924 5856 Con-

2041 4589 2092 4640 in
2123 4592 2268 4687 enini
2313 4592 2417 4646 vita
2451 4606 2630 4651 nostra
2662 4600 2830 4669 ipsam
2866 4618 2964 4659 nos
2992 4620 3205 4677 oportet
3242 4589 3536 4687 assumere,
3577 4635 3632 4679 et

2038 4679 2091 4733 in
2124 4679 2288 4749 ipsius
2318 4684 2675 4744 delectatione
2709 4690 2886 4749 ﬁnire.

2414 4804 2453 4845 ’τί
2486 4852 2491 4868 ⁸
2576 4851 2848 4938 Conclusio
2876 4860 3079 4928 psalmi.

2112 4982 2475 5042 Recordemur
2522 4989 2663 5047 hunc
2710 4997 2971 5065 psalmum
3019 5017 3124 5057 non
3165 5004 3431 5068 incassum
3482 5022 3628 5078 velut

2039 5076 2353 5143 quibusdam
2405 5080 2659 5150 l‘ulgoreis
2699 5087 2970 5144 coloribus
3012 5107 3133 5149 esse
3183 5111 3512 5163 contextum.

2035 5168 2208 5235 capite
2234 5169 2373 5222 enim
2405 5182 2634 5240 quatuor
2657 5193 2843 5235 versus
2870 5183 3093 5240 unitines
3126 5195 3321 5260 posuit,
3347 5214 3400 5253 et
3428 5168 3618 5263 item",

2034 5261 2086 5314 in
2121 5262 2223 5315 line
2253 5264 2478 5330 primum
2512 5281 2722 5324 versum
2761 5273 2947 5339 psalmi
2976 5277 3168 5335 decora
3202 5283 3488 5350 iter-aliene
3528 5261 3621 5379 se.

2033 5354 2270 5418 initiavit,
2300 5367 2459 5425 atque
2498 5359 2688 5414 iterum
2716 5380 2872 5433 quem
2916 5368 3225 5426 vicesimum
3266 5381 3494 5447 primum
3529 5354 3624 5459 po-

2035 5444 2161 5509 sitit,
2195 5447 2440 5502 eumdem
2474 5465 2607 5517 pene
2635 5453 2879 5509 ultimum
2916 5462 3167 5531 repetiit,
3198 5444 3430 5539 utiquasi
3459 5444 3623 5539 vestis

2036 5534 2122 5585 illa
2156 5537 2421 5601 pontiﬁcis
2449 5541 2625 5597 aureis
2663 5547 2981 5613 quihusdam
3023 5551 3147 5620 ﬁlis,
3184 5566 3239 5611 et
3273 5534 3620 5627 vei-uncinata

2036 5627 2429 5693 pulehrtndiue
2457 5642 2701 5690 contexta
2739 5637 2983 5708 fulgeret.
3021 5643 3109 5698 illa
3147 5650 3288 5705 enim
3319 5655 3368 5708 in
3398 5658 3621 5718 ﬁmbriis

2036 5717 2218 5771 habuit
2261 5722 2633 5789 tintinnabula,
2685 5728 2773 5781 isti
2811 5731 2860 5784 in
2910 5733 3031 5797 line‘
3065 5736 3249 5792 cidem
3302 5748 3617 5817 retinniuut,

2033 5824 2145 5876 qua:
2168 5809 2218 5862 in
2244 5813 2421 5879 capite
2446 5816 2585 5870 dicta
2614 5832 2928 5876 .‘O'ltltll'ltlll.
2960 5822 3197 5880 Pontifex
3227 5829 3383 5901 igitur
3406 5809 3619 5907 quando
