4090 6346
519 342 622 397 855

1732 342 1800 398 ιι.
1842 342 2118 401 Αυιιειιι
2158 342 2554 400 CASSIODUIII

3695 350 3799 405 856

518 453 914 528 iugrediebator
953 462 1145 515 Sancta
1195 467 1502 514 sanctorum
1552 456 1785 513 habebat
1827 459 1967 514 hanc
2011 474 2099 514 ve-
2131 461 2176 519 Α
2204 457 2397 526 εεοίιιιιο
2438 457 2807 514 famulantur:
2854 459 3027 515 Gentis
3060 461 3297 526 electum,
3343 460 3514 530 regale
3554 465 3799 519 sacerdo-

516 558 678 617 stem,
709 557 766 603 ut
790 550 1044 604 antistitis
1091 550 1371 604 rt-verendi
1414 549 1724 606 nullatenus
1763 552 2103 621 ignoraretur

519 641 805 706 adventus,
835 656 955 696 cum
983 642 1143 696 etiam
1170 644 1365 696 ucitus
1384 642 1589 696 vocalis
1611 641 1758 715 [ηω.
1785 646 1873 708 Α.,
1898 644 1984 709 Β..
2009 662 2105 699 \‘o-

518 731 742 804 cabulis]
765 731 1053 787 incederet.
1082 732 1185 789 Iste
1212 734 1293 788 sic
1312 734 1505 790 decora
1530 737 1788 791 varietate
1813 738 2103 805 dispositas

523 835 628 890 est,
669 836 726 880 ut
756 826 1020 893 praeconia
1065 835 1266 881 sanctas
1315 828 1700 883 incarnationis
1734 830 2106 898 pulcherrimis

524 916 838 984 quibusdam
859 917 1157 972 sentiantur
1175 918 1406 975 indiciis.
1423 918 1711 988 Cooperiat
1728 937 1845 988 nos,
1866 924 1949 992 pie
1968 924 2101 992 ilex,

522 1009 624 1063 ista
652 1008 816 1064 vestis
839 1008 1039 1079 eloquii
1072 1011 1167 1072 tui.
1198 1021 1252 1065 et
1295 1012 1396 1065 hoc
1439 1021 1696 1068 resonent
1727 1023 1780 1068 te
1818 1025 2106 1083 praestante

520 1111 669 1155 actus
698 1100 842 1174 [ωε.
870 1101 959 1167 A.,
983 1100 1071 1166 Β..
1109 1102 1209 1157 hac
1230 1115 1540 1159 remanente
1564 1108 1909 1174 praesentiant
1935 1107 2106 1180 ac'us]

524 1194 716 1260 nostri,
743 1194 884 1264 quod
917 1204 1026 1261 tua,
1067 1195 1313 1260 Domine,
1360 1208 1629 1267 prtecepta
1663 1199 1960 1265 jusserunt.
1997 1200 2108 1253 Me-

524 1286 835 1342 minerimus
850 1298 1028 1342 autem
1055 1286 1193 1341 hunc
1217 1288 1478 1357 ps:tltuttm
1506 1290 1750 1357 quintmn
1772 1303 1893 1344 esse
1915 1304 2102 1344 eorum

523 1380 612 1449 qui
641 1379 711 1434 de
754 1380 928 1448 primo
977 1381 1207 1434 adventu
1262 1379 1471 1434 Domini
1520 1381 1745 1434 mirabili
1797 1385 2107 1437 narratione

526 1471 717 1542 prolati
753 1481 912 1526 sunt:
952 1486 1190 1542 qunque
1226 1472 1456 1525 fortasse
1495 1473 1721 1540 panibus
1759 1475 2105 1544 comparandi

526 1565 617 1636 qui
642 1566 873 1620 esuriem
901 1565 1299 1618 observantium
1331 1565 1651 1635 populorum
1681 1565 1848 1636 copiis
1876 1566 2112 1622 t'mlesti-

525 1658 629 1716 bus
649 1658 1020 1728 expleverunt.

782 1769 1136 1826 EXPOSITIO
1168 1764 1232 1824 IN
1264 1770 1586 1828 PSALMUM
1615 1769 1754 1825 CXV
1782 1770 1848 1827 il.

1191 1861 1436 1916 Alleluia.

600 1971 811 2029 Frativo
838 1972 1041 2043 psalmo
1071 1982 1126 2028 et
1155 1972 1452 2028 divinarum
1484 1986 1662 2028 rerum
1690 1975 1885 2029 virtute
1916 1975 2115 2047 plenis-

527 2066 687 2132 simo,
711 2067 1068 2122 desiderabile
1102 2066 1326 2120 Alleluia
1367 2066 1736 2136 przetnittitur,
1770 2078 1827 2122 ttt
1860 2067 2109 2129 tltCritlllll

528 2159 697 2214 divini
719 2158 974 2213 carminis
998 2157 1201 2212 honore
1226 2157 1365 2212 tituli
1388 2160 1556 2225 possit
1579 2160 1819 2230 agnosci.
1852 2160 1947 2214 Est
1967 2161 2108 2223 enim

529 2250 820 2304 altissimus
852 2249 1215 2319 profunditate
1252 2265 1528 2312 sensuum,
1561 2258 1616 2305 et
1650 2260 1931 2306 cont-titus
1959 2255 2109 2322 quasi

530 2343 784 2400 similium
804 2343 1120 2414 repetitione
1137 2344 1620 2408 verborutn,motlo
1644 2345 1834 2413 prolite
1860 2345 1944 2398 .do
1968 2344 2111 2414 quod

529 2449 672 2501 arce,
694 2435 757 2499 it,
789 2433 946 2487 modo
978 2434 1171 2487 iterum
1196 2433 1384 2487 eadem
1425 2432 1692 2502 sperando
1735 2450 1853 2503 qua:
1895 2438 2111 2489 meruit.

531 2523 632 2588 Qui
663 2538 812 2578 more
841 2520 1097 2577 nobilium
1143 2522 1425 2576 ﬂuviorum
1454 2523 1595 2576 lenis
1630 2522 1711 2577 ire
1745 2523 2072 2593 conspicitur
2095 2564 2112 2589 ,

531 2632 652 2670 cum
695 2616 853 2670 nimis
899 2616 1194 2684 profundus
1225 2630 1345 2669 esse
1394 2625 1687 2681 noscatur;
1728 2632 1889 2685 quem
1934 2626 2112 2671 tamen

533 2717 742 2779 oportet
770 2708 1007 2780 (jnvaute
1040 2708 1171 2777 Deo)
1210 2708 1434 2761 illsiiltlll
1480 2708 1645 2761 nostri
1692 2724 1941 2763 mensura
1989 2724 2107 2778 pcr-

534 2816 776 2867 currere,
805 2814 873 2856 ne
902 2801 989 2871 qui
1024 2816 1121 2855 nos
1153 2802 1409 2855 hactenus
1449 2800 1886 2867 eonstrittxitmts,
1937 2802 2109 2857 subita

533 2896 882 2953 inundatione
927 2894 1227 2949 fundamur.
1257 2893 1346 2948 Est
1387 2893 1544 2947 etiam
1577 2893 1814 2949 "citra-is
1835 2896 2114 2949 eletneut's

533 2990 599 3044 ad
629 2988 787 3044 rudes
830 2996 883 3041 et
913 2986 1171 3040 dociltiles
1199 2985 1250 3039 itt
1301 2985 1481 3038 schola
1525 2981 1632 3039 Chr
1656 2987 1721 3038 sti
1764 2990 1987 3056 populos
2036 2986 2116 3039 itt-

533 3077 821 3135 struemlos
852 3078 941 3131 tali
969 3076 1157 3130 ordine
1188 3075 1455 3142 depictus,
1487 3085 1543 3128 ιιι
1571 3091 1782 3129 versum
1817 3092 1974 3145 quem
2010 3076 2113 3144 pri-

534 3186 619 3225 ma
650 3170 823 3223 littera
858 3171 1045 3222 sortita
1077 3166 1256 3228 fuerit,
1291 3168 1475 3219 eadem
1509 3175 1561 3219 et
1590 3168 1643 3219 in
1682 3178 1887 3235 septem
1928 3168 2113 3221 subse-

537 3261 828 3334 quentibus
876 3259 1153 3329 afligatur,
1200 3272 1595 3312 sacramentum
1629 3259 1757 3313 illud
1798 3246 2019 3313 forsitan
2063 3259 2114 3313 itt

537 3354 715 3411 cordis
746 3353 1155 3408 circumcisione
1195 3351 1503 3420 designans.
1537 3351 1626 3406 Sic
1663 3352 1762 3406 iste
1802 3351 2031 3420 psalmus
2065 3352 2114 3405 izt

535 3465 631 3505 sua
666 3448 840 3515 lingua
875 3461 970 3514 per
998 3441 1236 3513 singulas
1267 3444 1474 3497 litteras
1499 3444 1707 3498 octonis
1733 3444 1976 3499 versibus
1998 3460 2120 3514 gre-

533 3546 697 3614 gatim
720 3543 896 3596 decor.
914 3555 1031 3607 ens,
1058 3539 1159 3593 sibi
1183 3538 1420 3609 undique
1439 3539 1666 3594 collatus
1694 3556 1776 3611 pat
1794 3541 1919 3594 titttn
1942 3557 2118 3610 tt-quzt-

537 3632 684 3691 litate
736 3633 915 3688 [initus
955 3640 1057 3687 est.
1100 3630 1251 3697 Quod
1308 3646 1406 3686 nos
1464 3630 1691 3686 dicimus
1741 3642 1795 3685 et
1840 3630 2116 3685 (“\ialtlllls

536 3734 696 3783 causa
729 3724 978 3794 positum,
1010 3728 1063 3777 et
1092 3733 1146 3776 ut
1179 3720 1472 3793 perfectura:
1512 3739 1795 3777 numerum
1835 3724 2000 3793 possit
2032 3721 2111 3775 itt-

534 3818 719 3875 dirare
744 3816 1031 3887 iustorum.
1056 3813 1174 3869 Istis
1201 3814 1343 3868 t-niut
1372 3815 1565 3869 litteris
1584 3827 1638 3871 et
1668 3816 1888 3871 llebrtea
1912 3814 2119 3884 sapien-

537 3913 608 3965 tia
638 3908 879 3973 discizur,
914 3917 967 3963 el
996 3906 1300 3960 divinorum
1327 3906 1581 3961 librorum
1606 3916 1845 3961 saetattts
1868 3921 2119 3960 numerus

538 4000 857 4057 continetur.
896 3996 1000 4051 llas
1030 3997 1173 4052 enim
1198 3997 1406 4052 litteras
1434 3996 1850 4068 sigttiliCatiOucs
1876 4010 2002 4049 suas
2028 3995 2122 4049 ltu-

536 4092 664 4149 bere
694 4092 882 4163 (beato
915 4090 1242 4161 Hieronymo
1276 4090 1530 4158 testante)
1563 4087 1933 4159 cognovimus,
1974 4084 2116 4153 quod

537 4198 677 4239 nunc
709 4190 950 4251 tepetete
978 4163 1185 4235 itdctur
1211 4194 1332 4235 esse
1370 4178 1719 4247 snpetlluum,
1751 4193 1873 4233 cum
1912 4178 2115 4249 sitjam

538 4277 757 4330 alterius
789 4275 970 4328 labore
1005 4273 1316 4327 collectum.
1361 4269 1513 4327 llunc
1556 4285 1732 4328 autem
1774 4274 2036 4343 psalmum
2064 4285 2118 4327 et

537 4369 888 4424 centesimum
904 4366 1365 4436 quadragesimum
1379 4375 1624 4436 quartum
1635 4377 1705 4431 ,et
1720 4365 2116 4421 Drttteronomii

537 4460 802 4516 canticum
836 4457 1101 4527 Josephus
1132 4456 1298 4511 relert
1335 4456 1576 4527 etegiaco
1606 4466 1779 4511 metro
1805 4472 1925 4513 esse
1964 4472 2114 4513 cotn-
2149 4482 2197 4540 υ

539 4568 607 4622 po
620 4551 760 4605 sitos.

1130 4661 1325 4715 Divisio
1363 4658 1571 4733 psalmi.

608 4776 820 4832 Psalmo
847 4776 929 4830 isti
962 4774 1150 4829 morali
1182 4773 1433 4829 llebrazas
1477 4773 1682 4828 litteras
1718 4775 1784 4831 ad
1824 4790 1978 4833 suum
2015 4794 2115 4833 nu-

538 4887 742 4927 merum
781 4868 909 4942 [ed.,
941 4868 1025 4923 sui
1051 4861 1285 4934 numeri}
1310 4864 1601 4920 divisiones
1632 4866 1976 4924 illustrabiles
2010 4887 2114 4927 non

539 4965 832 5035 incongrue
867 4962 1094 5017 dicimus
1138 4957 1471 5014 contulisse:
1524 4959 1577 5014 itt
1621 4977 1725 5029 quo
1762 4963 1858 5016 sbi
1894 4973 2121 5020 octonos

539 5073 727 5114 versus
768 5062 852 5123 (ut
875 5071 1034 5126 supra
1062 5061 1419 5109 memoratum
1446 5052 1551 5123 est)
1582 5054 1804 5123 singulae
1847 5056 2123 5111 vindican-

539 5161 641 5216 tes,
672 5160 923 5204 cunctum
961 5160 1179 5201 carmen
1221 5142 1580 5214 pulcherrima
1615 5146 1883 5215 parilitate
1917 5147 2123 5203 descri-

540 5242 712 5306 bunt;
744 5239 835 5308 qui
867 5237 1008 5293 nulla
1049 5235 1411 5306 permixtione
1444 5235 1814 5304 confunditur,
1843 5237 1942 5292 sed
1967 5238 2115 5295 novi-

540 5344 677 5390 tates
704 5346 880 5386 rerum
911 5329 1131 5383 mutatis
1161 5328 1263 5383 sibi
1296 5329 1486 5383 litteris
1513 5330 1771 5401 explieat.
1805 5330 1908 5384 Per
1950 5340 2119 5387 totum

540 5428 720 5497 itaque
756 5424 1016 5494 psalmum
1057 5424 1373 5480 universalis
1413 5406 1720 5482 sanctorum
1757 5428 1957 5483 citorus
1997 5444 2029 5484 e
2053 5443 2119 5485 s-

540 5520 738 5589 quitur,
776 5515 865 5586 qui
895 5516 964 5570 ab
999 5515 1150 5570 initio
1191 5518 1378 5572 mundi
1416 5521 1531 5574 sive
1561 5520 1797 5586 luerunt,
1833 5522 1947 5575 sive
1971 5536 2115 5587 sum,

539 5614 653 5669 sive
696 5611 856 5667 futuri
894 5625 1017 5666 esse
1057 5609 1371 5666 creduntur.
1423 5611 1569 5668 Inter
1603 5628 1738 5683 quos
1783 5613 2122 5683 reperiuntur

536 5704 786 5776 apostoli,
831 5701 1137 5773 propheta,
1192 5713 1487 5775 martyres,
1529 5705 1889 5768 confessores,
1937 5705 2119 5761 eccle-

538 5799 742 5856 siastici
773 5796 1015 5864 ordines,
1055 5805 1108 5852 ct
1142 5810 1331 5852 omnes
1355 5797 1444 5865 qui
1489 5808 1673 5853 saneta
1710 5798 1937 5854 Domino
1981 5799 2120 5855 inte-

2210 550 2359 614 tium,
2388 565 2511 620 gens
2539 562 2738 616 sancta,
2761 553 2983 621 populus
3009 552 3361 622 acquisitiouis
3380 550 3435 623 (1
3467 552 3611 608 Petr.
3635 569 3695 618 tt,
3718 556 3813 624 υ),

2209 640 2279 694 ab
2318 643 2526 710 origine
2568 643 2782 710 generis
2830 644 3045 697 humani
3090 660 3259 712 usque
3302 645 3366 698 ad
3413 646 3573 699 linem
3615 649 3805 704 seaculi

2211 731 2572 799 colligendus.
2602 733 2708 788 Sed
2738 735 2982 803 quamvis
3014 735 3202 788 horum
3240 735 3310 789 sit
3344 736 3623 790 innumera
3662 740 3805 791 mal-

2214 823 2409 887 tittttlo,
2450 838 2586 877 unus
2628 832 2805 879 tamen
2834 826 3027 894 ultique
3073 824 3432 881 introducitur
3467 827 3537 881 ad
3579 829 3806 896 loquen-

2214 912 2367 976 dum,
2396 924 2454 967 ut
2484 917 2651 967 virtus
2674 915 2896 969 unitatis
2919 917 2969 971 itt
2995 918 3233 971 Ecclesia
3261 919 3688 992 concotdifmss.
3710 921 3802 983 Α..

2208 999 2298 1066 B.,
2338 1001 2432 1068 Ρη
2482 1004 2885 1077 concordatim]
2939 1008 3106 1076 possit
3143 1010 3380 1075 agnosci.
3430 1010 3580 1064 Nunc
3626 1013 3807 1067 videa-

2212 1109 2331 1148 mus
2361 1110 2482 1163 quae
2514 1099 2568 1151 in
2613 1097 2714 1152 hoc
2758 1101 2971 1154 ctelesti
3015 1101 3264 1169 paradiso
3307 1101 3602 1170 :piritualia
3649 1118 3806 1171 ιοιιιει

2213 1198 2529 1243 nascantur.

2658 1281 2824 1353 338
2856 1281 3121 1352 Expositio
3146 1283 3354 1353 psalmi.

2287 1369 2435 1424 Vers.
2465 1370 2513 1423 i.
2543 1400 2614 1412 —
2657 1388 2693 1426 ι.
2725 1381 2927 1429 Aeson.
2960 1374 3105 1427 Beati
3135 1378 3454 1430 imtttacufati
3500 1380 3551 1431 in
3577 1381 3677 1445 via,
3710 1383 3801 1451 qui

2210 1462 2478 1514 antbufaul
2508 1464 2560 1516 in
2588 1464 2699 1534 lege
2720 1462 2953 1519 Domini.
2985 1467 3117 1521 Cum
3146 1468 3381 1522 omnium
3412 1470 3671 1526 desideria
3699 1489 3799 1526 no—

2215 1552 2377 1605 minis
2410 1553 2564 1607 istius
2594 1555 2788 1610 ardore
2834 1557 3142 1625 rapiantur,
3193 1572 3293 1613 nec
3320 1559 3601 1628 quisquam
3635 1563 3807 1629 possit

2214 1646 2466 1711 reperiri,
2493 1649 2579 1715 qui
2612 1648 2746 1703 ttulit
2776 1651 2994 1718 praemia
3022 1652 3365 1708 beatitudinis
3392 1656 3644 1724 adipisci,
3670 1673 3803 1711 cou-

2215 1753 2401 1808 gronnt
2428 1740 2528 1794 fuit
2551 1746 2695 1795 viros
2714 1757 2932 1798 sanctos
2953 1746 3091 1801 votis
3112 1746 3475 1816 probainbus
3500 1751 3603 1803 iter
3621 1764 3806 1806 osten-

2144 1802 2189 1864 Β
2218 1832 2371 1896 dere,
2400 1850 2465 1886 ne
2506 1849 2659 1889 mens
2681 1836 2904 1890 confusa
2934 1802 3236 1894 mortalium
3265 1841 3505 1908 ignorata
3532 1843 3612 1896 via
3634 1845 3808 1912 possit

2214 1940 2419 1981 errare.
2458 1926 2588 1982 Nam
2626 1938 2680 1983 et
2726 1930 2803 1984 illi
2836 1929 3024 1985 beatus
3061 1946 3122 1989 se
3148 1933 3441 2001 aestimant,
3482 1936 3575 2006 qui
3617 1937 3805 1993 saeculi

2213 2020 2596 2073 ambitionibus
2658 2021 2971 2076 cluduntur.
3013 2023 3122 2079 Sed
3160 2039 3229 2080 ne
3266 2026 3469 2095 aliquid
3504 2028 3612 2082 tale
3656 2040 3809 2098 putas

2213 2118 2363 2163 retur
2401 2110 2734 2178 eligendum,
2769 2113 3000 2181 primum
3031 2116 3204 2179 pnsuit
3233 2118 3421 2185 plurali
3446 2134 3689 2179 numero
3709 2122 3807 2174 im-

2214 2204 2478 2267 tnacalati,
2510 2190 2568 2257 ut
2594 2204 2663 2260 de
2693 2205 2941 2261 lideiibus
2980 2206 3105 2274 hoc,
3133 2225 3239 2263 non
3258 2210 3327 2265 de
3354 2210 3569 2267 Christo
3591 2211 3809 2268 debuis-

2218 2303 2300 2347 set
2327 2294 2555 2349 adverti.
2597 2294 2692 2351 Ille
2731 2297 2873 2352 enim
2910 2300 3057 2353 solus
3098 2312 3261 2355 natur.
3289 2303 3410 2357 liter
3449 2305 3808 2361 inmaculatus

2219 2395 2323 2447 ett,
2355 2386 2444 2454 qui
2481 2400 2755 2455 pecratum
2786 2405 2895 2443 non
2937 2392 3141 2444 habuit.
3178 2393 3359 2447 Stricti
3402 2406 3578 2449 autent
3621 2398 3807 2449 imma-

2220 2476 2377 2529 culun'
2409 2480 2563 2544 liunt,
2595 2481 2808 2548 quando
2849 2482 3192 2552 indulgentia:
3222 2501 3443 2540 munem
3470 2503 3806 2557 consequun-

2221 2574 2329 2630 tur,
2356 2566 2495 2621 sicut
2522 2572 2775 2638 propheta
2813 2574 2866 2626 in
2907 2574 3597 2648 quinquageaimo'psatmo
3635 2581 3806 2637 dicit:

2221 2659 2442 2716 Larabt's
2482 2679 2582 2729 me,
2613 2674 2661 2719 et
2697 2668 3051 2735 super'nirem
3093 2670 3364 2724 dealbabor
3402 2676 3418 2741 (
3450 2672 3592 2726 l’sol.
3631 2690 3683 2741 ι,
3710 2675 3807 2747 9).

2218 2753 2491 2825 Sequitur,
2513 2757 2567 2810 in
2596 2760 2695 2822 via,
2729 2760 2781 2814 id
2805 2769 2889 2816 est
2919 2761 2970 2815 in
3004 2762 3119 2831 ipso
3143 2764 3368 2817 Domino
3394 2764 3700 2832 Salvatore,
3718 2784 3753 2837 q
3772 2771 3806 2822 .l

2220 2844 2348 2899 dixit
2377 2862 2390 2897 :
2429 2847 2535 2915 ligo
2561 2863 2672 2900 sum
2709 2850 2810 2914 via,
2841 2853 3026 2905 veritas
3051 2864 3097 2906 et
3126 2864 3229 2906 uta
3258 2855 3439 2924 (Joan.
3472 2872 3582 2919 liv,
3611 2860 3693 2927 6).
3728 2859 3802 2913 Ilii

2221 2954 2287 2990 en
2312 2954 2360 2991 ιιι
2390 2939 2652 2994 ambulare
2686 2942 2949 3010 iustorum
2973 2954 3078 3008 est,
3124 2962 3230 3000 non
3258 2947 3481 3016 pedibus
3510 2952 3808 3017 corporeis,

2221 3032 2313 3084 Sed
2344 3031 2613 3099 greSsibus
2640 3035 2933 3102 probabilis
2973 3039 3215 3094 actionis.
3259 3043 3388 3094 {\am
3418 3052 3477 3095 ut
3501 3044 3811 3098 adverteres

2144 3139 2187 3199 ρ
2221 3139 2325 3176 ttutt
2363 3140 2485 3177 eum
2524 3127 2669 3179 illam
2714 3127 2851 3181 viam
2898 3129 3102 3185 dixisse
3149 3134 3199 3185 ιιι
3249 3147 3353 3199 qua
3403 3135 3570 3202 possit
3616 3136 3808 3199 errari,

2222 3216 2525 3284 subiunxit,
2570 3220 2655 3287 qui
2682 3223 2947 3274 ambulant
2985 3225 3034 3276 iu
3083 3225 3191 3295 lege
3236 3226 3470 3291 Domini,
3511 3228 3561 3281 id
3600 3238 3684 3282 est
3718 3230 3810 3297 qui

2220 3316 2311 3360 aut
2338 3324 2441 3361 non
2476 3324 2717 3377 pereant,
2745 3323 2838 3367 aut
2864 3329 2961 3382 per
2982 3317 3203 3384 grazinu
3225 3322 3499 3375 etulestcm
3522 3323 3683 3392 digna
3705 3325 3811 3381 sibi

2221 3401 2582 3455 Satisl’actioue
2621 3404 2969 3473 prospiciunt.
3005 3410 3108 3462 Nec
3136 3410 3263 3464 illud
3295 3424 3447 3467 vacat
3474 3419 3612 3484 quod
3643 3418 3806 3481 dicit.

2222 3491 2273 3543 in
2300 3489 2411 3561 lege
2443 3492 2691 3559 Domini;
2715 3506 2800 3551 est
2826 3498 2966 3553 enim
3008 3510 3062 3555 et
3099 3503 3185 3555 les
3230 3507 3453 3572 peccati,
3486 3508 3624 3563 sicut
3660 3513 3811 3580 Apo-

2224 3584 2393 3638 stolus
2421 3585 2490 3638 ait
2517 3601 2537 3637 :
2592 3586 2746 3641 Video
2783 3590 2939 3644 aliam
2968 3591 3131 3662 legem
3161 3595 3212 3648 in
3239 3596 3473 3651 membris
3501 3602 3625 3654 uicis
3658 3617 3811 3670 γεριιο

2217 3687 2456 3748 gmmlrttt
2487 3678 2589 3751 legi
2619 3683 2799 3736 mentis
2824 3700 2972 3749 mete,
3003 3694 3050 3738 et
3082 3690 3332 3758 captivam
3354 3706 3437 3744 me
3472 3694 3731 3748 ducentem
3758 3699 3813 3749 in

2219 3772 2331 3844 lege
2349 3774 2542 3842 peccati
2572 3776 2750 3845 (llam.
2784 3794 2876 3844 vn,
2906 3779 3021 3849 23).
3057 3781 3124 3835 Et
3153 3785 3272 3837 ideo
3299 3786 3537 3841 additum
3561 3801 3663 3854 est,
3702 3788 3811 3844 Do-

2222 3868 2368 3930 mitii,
2401 3876 2461 3921 ttt
2486 3884 2602 3922 eaut
2629 3870 2957 3928 discernetet
2986 3893 3011 3926 :t
3044 3876 3157 3943 lege
3186 3880 3417 3947 peccati.

2297 3958 2452 4015 Vers.
2480 3960 2535 4014 2.
2567 3959 2716 4015 Be..ti
2736 3964 2827 4032 qui
2850 3976 3022 4018 scruta
3043 3975 3145 4019 itur
3165 3971 3446 4023 lcstt'mon'a
3464 3972 3593 4042 ejus,
3621 3972 3670 4024 in
3695 3982 3812 4028 to'a

2223 4056 2375 4107 corde
2406 4054 2680 4124 exquirunt
2709 4071 2845 4111 rum.
2878 4057 3183 4126 Superioris
3221 4062 3396 4117 adhuc
3421 4078 3608 4121 sensus
3643 4075 3729 4121 est
3756 4078 3813 4122 ct

2222 4145 2319 4198 ista
2349 4145 2634 4201 sententia.
2665 4146 2706 4201 Ν
2726 4165 2793 4201 ιιιι
2824 4149 2944 4205 licet
2967 4150 3097 4205 benti
3117 4155 3225 4209 sint
3253 4159 3566 4212 inmaculati
3587 4163 3817 4229 quiam-

2223 4235 2397 4290 bttlaut
2426 4237 2480 4292 in
2506 4241 2609 4304 via,
2645 4241 2695 4293 id
2725 4251 2805 4296 est
2836 4242 2886 4295 in
2916 4244 3032 4312 ipso
3075 4244 3298 4302 Domino
3326 4248 3631 4317 Salvatore,
3673 4264 3727 4308 et
3759 4254 3819 4309 its

2223 4327 2345 4397 iege
2366 4328 2481 4397 ejus
2507 4330 2697 4385 devota
2744 4343 2922 4387 mente
2965 4337 3302 4404 gradiuntur,
3340 4340 3581 4396 additum
3620 4352 3704 4398 est
3734 4353 3819 4398 to-

2223 4436 2345 4474 tnen
2371 4420 2478 4474 illis
2505 4421 2875 4494 virtutibus,q:
2899 4426 2918 4477 i
2946 4437 3236 4480 scrutantur
3259 4433 3547 4485 tzrtimonia
3574 4437 3710 4505 ejus.
3748 4434 3817 4490 Et

2222 4528 2345 4581 quae
2379 4513 2450 4566 sit
2491 4515 2592 4567 ista
2642 4520 2994 4583 perscrutato
3019 4522 3411 4584 subsequentur
3447 4526 3712 4593 aperitur,
3759 4528 3817 4581 id

2225 4613 2307 4656 est
2333 4603 2420 4671 qui
2447 4604 2501 4658 in
2529 4614 2638 4657 toto
2662 4609 2816 4659 corde
2863 4620 2959 4661 suo
2991 4607 3274 4663 Dominum
3304 4615 3568 4681 exquirere
3604 4617 3815 4669 malue-

2227 4708 2370 4751 ruttt.
2398 4697 2653 4752 Videntur
2675 4713 2817 4752 enrm
2849 4701 3166 4767 perscrutari
3188 4708 3477 4758 testmtonia
3501 4708 3611 4776 ejus
3630 4718 3683 4762 et
3708 4717 3817 4763 ter-

2227 4791 2586 4857 givet'salores
2614 4788 2873 4853 lueretici,
2906 4791 2999 4844 sed
3033 4800 3143 4845 toto
3185 4804 3347 4848 corde
3387 4810 3486 4848 suo
3528 4797 3817 4853 Dominum

2228 4894 2332 4933 non
2364 4880 2659 4948 requirunt,
2688 4880 2947 4950 quoniam
2975 4896 3071 4950 per
3101 4883 3357 4937 humanas
3388 4897 3652 4943 versuttas
3682 4888 3813 4943 alia

2224 4980 2370 5025 etant
2417 4986 2582 5027 novas
2631 4971 2872 5027 invenire
2925 4976 3243 5029 calumnias.
3290 4976 3482 5031 'i‘otutn
3531 4982 3674 5035 enim
3716 4998 3816 5037 cor

2224 5073 2378 5115 suum
2406 5062 2471 5115 ad
2495 5060 2798 5130 St'ripluras
2827 5077 3047 5119 sanctas
3078 5067 3274 5122 tnerito
3302 5072 3549 5136 posuisse
3579 5086 3687 5127 non
3729 5075 3818 5127 die

2222 5152 2402 5220 citur,
2447 5153 2539 5219 qui
2585 5153 2651 5207 ad
2701 5154 2950 5209 falsitatis
2994 5157 3254 5217 ambitum
3315 5161 3569 5228 plectibili
3627 5178 3818 5220 errore

2224 5246 2563 5302 transfertur.
2596 5248 2746 5304 Unde
2766 5262 2982 5306 saueius
3006 5252 3292 5309 Primasius
3318 5255 3821 5328 Justiuianopoieos

2224 5343 2460 5397 disertus
2477 5343 2727 5410 antistes,
2755 5345 2856 5398 sub
2882 5346 3038 5399 titulo
3062 5346 3199 5413 Quid
3240 5348 3547 5404 hare-ticum
3571 5352 3724 5418 facit,
3750 5355 3818 5406 ti-

2223 5436 2378 5491 brom
2404 5450 2565 5489 unum
2595 5438 2986 5505 conscripsisse
3012 5438 3359 5506 uignoseitnr.
3388 5442 3495 5497 Nec
3515 5444 3595 5499 illi
3622 5447 3817 5501 vitien-

2221 5536 2307 5579 tor
2334 5536 2499 5580 totum
2527 5541 2622 5581 cor
2649 5542 2801 5581 suum
2831 5528 2903 5582 ad
2934 5529 3143 5585 ﬂamini
3185 5535 3492 5589 testimonia
3531 5539 3813 5606 pinnis-se,

2223 5617 2314 5687 qui
2357 5619 2595 5687 neglecta
2645 5618 2932 5687 disciplina
2978 5622 3348 5678 mandatorum
3390 5626 3507 5694 ejus
3541 5628 3815 5682 mundana

2223 5708 2414 5777 gaudia
2444 5709 2847 5777 concupiscunt.
2884 5709 2951 5765 Et
2989 5711 3110 5767 vide
3134 5714 3375 5769 ordieem
3417 5728 3619 5772 sancte
3660 5730 3818 5771 vera-

2225 5800 2409 5869 cisquc
2436 5799 2731 5856 doctrina:
2762 5800 2909 5869 prius
2935 5802 3064 5858 d'cit
3088 5805 3258 5860 beatos
3284 5820 3403 5863 ease
3431 5808 3520 5877 qui
3549 5808 3818 5862 atttbalant
