4032 6340
250 369 350 428 8'57

1183 353 1546 410 EXI’OSITIO
1581 354 1644 408 IN
1688 351 2144 409 FSALTERIUM.
2179 352 2385 408 'PSAL.
2429 353 2605 408 CVIII.

3424 355 3529 409 858

246 483 297 535 in
327 480 434 547 lege
463 473 671 530 Domini
696 489 715 538 ;
747 469 942 526 deinde
967 470 1053 533 qui
1075 479 1369 525 scrutantur
1395 481 1669 522 sacrarum
1699 467 1840 519 tcsti-
1869 471 1914 526 Α
1945 481 2132 534 genus,
2168 466 2218 520 in
2247 474 2358 520 toto
2382 467 2547 523 corde
2589 468 2831 537 exquirat
2871 467 3179 523 Dominum.
3213 470 3293 525 Et
3317 485 3388 526 ne
3417 472 3532 529 hti

247 571 417 625 monia
450 569 790 621 litterarum:
821 563 944 632 quia
985 576 1088 616 non
1134 572 1216 615 est
1255 561 1448 629 dignus
1483 560 1584 612 ista
1626 559 1842 627 perqui-

245 674 387 724 rece,
405 657 505 712 nisi
527 656 613 726 qui
633 667 692 707 se
719 653 980 721 probablli
997 651 1335 720 cognoseizur
1359 648 1569 703 actione
1589 655 1841 704 tractare.

248 752 512 819 Utrasque
540 763 667 803 vero
705 745 1000 800 sententias
1046 744 1200 798 tertia
1248 743 1462 811 species
1510 741 1843 797 definitionis

245 859 331 897 am
347 841 614 910 plectitur,
639 853 757 910 quo:
777 837 960 891 Graece
975 844 1198 903 pmotes,
1220 834 1407 889 Latine
1428 832 1739 902 qualitativa
1763 832 1844 886 di-

245 935 407 989 citur.
442 933 638 987 Beatus
679 929 824 986 enim
853 928 934 982 vir
958 927 1085 997 quid
1129 927 1220 993 sit,
1247 941 1342 996 per
1370 937 1586 982 actuum
1624 940 1842 982 suorum

250 1026 337 1080 hic
362 1023 661 1079 ostenditur
689 1020 1022 1090 qualitatem.

323 1119 477 1172 Vers.
508 1116 560 1170 ’5.
605 1114 726 1169 Non
771 1115 906 1167 enim
950 1113 1037 1181 qui
1076 1122 1358 1180 operantur
1391 1111 1748 1181 iniquitatem,
1791 1110 1846 1162 in

248 1211 342 1265 viis
367 1211 484 1280 ejus
511 1207 916 1261 ambulaverunt.
945 1205 1080 1258 Cum
1111 1203 1333 1259 Joannis
1361 1203 1588 1272 apostoli
1629 1199 1841 1276 veracia

253 1303 412 1358 verba
441 1304 549 1356 sint
575 1317 588 1354 :
619 1298 680 1355 Si
706 1298 990 1352 dixerimus
1016 1297 1134 1366 quia
1158 1305 1424 1362 peccatum
1452 1311 1553 1348 non
1580 1295 1843 1360 habemus,

254 1413 344 1450 nos
366 1396 504 1464 ipsos
529 1393 837 1455 reducimus,
867 1399 914 1443 et
937 1390 1120 1443 veritas
1143 1390 1194 1442 in
1217 1389 1364 1442 nobis
1385 1404 1486 1441 non
1510 1397 1583 1442 est
1609 1385 1663 1459 (Ι
1683 1386 1843 1441 Joan.

255 1503 295 1551 ι,
326 1488 404 1551 8),
437 1487 684 1541 Videntur
711 1496 810 1538 nec
838 1483 1009 1537 sancti
1034 1485 1085 1536 in
1112 1483 1206 1536 viis
1240 1486 1351 1552 ejus
1386 1481 1674 1550 antbulare,
1708 1497 1846 1550 quos

256 1583 629 1649 cognoscimus
687 1576 886 1631 habere
933 1583 1170 1644 peccata.
1212 1575 1410 1630 Verum
1466 1578 1579 1630 hare
1622 1577 1848 1644 qutrstio

259 1672 498 1725 veritatis
544 1668 713 1737 ipsius
760 1681 893 1720 Voce
935 1665 1268 1721 dissolvitur.
1304 1666 1439 1720 Sunt
1476 1666 1618 1720 enim
1665 1665 1846 1720 illicita

1951 564 2091 610 tanta
2137 559 2450 626 negligenda
2500 559 2829 624 viderentur,
2871 559 3111 627 sequitur
3132 562 3389 629 jussiortis
3434 563 3534 621 do-

1950 649 2160 701 minica:
2191 651 2493 703 veneranda
2539 652 2860 718 prteceptio,
2891 661 2947 704 ut
2981 653 3228 707 mandata
3265 654 3384 724 ejus
3429 671 3533 712 non

1949 743 2122 794 solum
2151 741 2360 805 sedule,
2393 742 2486 796 sed
2512 752 2566 796 et
2591 743 2753 798 nimie
2775 744 3136 814 requirantur.
3159 745 3364 800 Nitnius
3391 750 3534 804 enim

1951 830 2127 887 dictus
2155 842 2258 900 est,
2290 835 2340 888 in
2373 834 2513 888 nulla
2548 850 2606 889 re
2633 835 2849 901 dubius,
2891 836 2980 906 qui
3028 839 3316 906 proposita:
3343 841 3418 894 rei
3449 840 3537 896 iu-

1953 929 2130 976 tentus
2171 937 2386 994 semper
2423 925 2643 981 assistit.
2696 925 2796 982 Ubi
2831 939 2908 982 est
2951 928 3215 983 sententia
3255 929 3534 1000 gentilium

1952 1020 2064 1066 toto
2086 1016 2216 1069 orbe
2241 1015 2540 1070 celebrata:
2579 1016 2662 1071 Ne
2680 1018 2804 1086 quid
2826 1019 2994 1072 nimis.
3026 1019 3162 1074 Ecce
3190 1021 3408 1076 nimium
3439 1038 3538 1077 no-

1954 1103 2034 1158 bis
2060 1121 2088 1158 a
2123 1106 2355 1161 Veritate
2387 1109 2732 1177 prtecipitur;
2763 1123 2890 1165 ecce
2917 1126 2946 1164 a
2988 1112 3323 1168 Moderatore
3357 1130 3536 1170 rerum

1953 1199 2189 1250 Omnium
2232 1199 2349 1253 sine
2383 1198 2594 1254 defectu
2641 1201 2840 1271 aliquid
2885 1203 2998 1257 ﬁeri
3037 1203 3233 1260 debere
3277 1207 3534 1261 sancitur.

1956 1285 2098 1340 Istud
2128 1290 2271 1342 enim
2305 1291 2456 1343 nimis
2480 1291 2746 1359 signiﬁcat
2787 1294 3012 1347 multum
3041 1305 3200 1364 atque
3229 1297 3493 1353 inlinitum
3519 1302 3536 1364 ;

1949 1377 2086 1431 sicut
2135 1387 2190 1432 et
2247 1381 2298 1432 in
2357 1381 2468 1434 alio
2531 1383 2740 1449 psalmo
2794 1385 2972 1439 dicit:
3034 1386 3208 1441 Nimis
3266 1391 3540 1459 profundat

1952 1469 2101 1537 facta:
2123 1480 2241 1523 sunt
2277 1473 2613 1542 cogitationes
2649 1485 2748 1528 tuae
2780 1474 2970 1546 (Psal.
3006 1495 3115 1544 xci,
3143 1480 3236 1549 6).
3279 1483 3339 1536 Et
3369 1483 3496 1538 alibi
3533 1505 3538 1536 :

1953 1558 2128 1614 Nimis
2153 1564 2407 1617 cxaltatus
2445 1581 2498 1618 es
2528 1581 2684 1634 super
2725 1583 2896 1621 omnes
2933 1572 3050 1623 deos
3087 1571 3260 1642 (l’sal.
3293 1590 3432 1637 acu.
3460 1577 3537 1645 9).

1951 1652 2077 1707 Sive
2107 1656 2349 1708 mandata
2384 1657 2592 1711 Dulttitti
2637 1659 2851 1712 nimium
2889 1663 3144 1716 custodire
3182 1667 3538 1735 pra-cipimur,

259 1762 522 1818 desideria
551 1775 670 1830 quae
698 1759 976 1828 originalis
1009 1761 1210 1825 peccati
1244 1759 1566 1814 necessitate
1602 1761 1848 1814 eommit-
1882 1778 1924 1836 Β
1952 1748 2163 1816 quam!"
2191 1749 2291 1817 il)Si
2323 1766 2536 1819 ιιιιοσιιιε
2563 1753 2720 1806 saluti
2754 1763 2954 1808 nostra!
2989 1769 3269 1825 corpurem
3311 1773 3374 1813 ea
3405 1772 3542 1828 prte-

261 1856 441 1918 timu<,
472 1851 563 1906 sed
595 1853 648 1906 in
692 1850 771 1903 eis
810 1865 1076 1904 consensu
1121 1851 1280 1904 animi
1327 1865 1431 1903 non
1476 1858 1753 1904 tenemur:
1795 1849 1847 1903 in

261 1947 376 2001 istis
407 1959 557 2000 tuens
586 1943 742 1998 beata
771 1957 875 1997 non
905 1942 1162 2006 ambulat,
1187 1957 1305 2011 qua:
1327 1941 1470 1996 dono
1495 1941 1702 1995 Domini
1731 1955 1850 1995 cor-

259 2039 343 2092 dis
374 2036 638 2106 probitate
664 2044 1025 2102 superantur;
1061 2044 1116 2086 ut
1157 2032 1344 2101 (verbi
1374 2034 1583 2102 gratia)
1628 2043 1849 2100 repente

260 2134 542 2202 pu'chrum
575 2128 776 2200 aliquid
818 2130 1234 2197 concupiscere,
1265 2129 1442 2182 cibum
1479 2126 1850 2182 desideranter

259 2232 538 2289 expetere,
571 2223 721 2277 bonis
760 2221 1017 2275 odoribus
1053 2219 1408 2286 commoveri,
1450 2218 1628 2286 iniqua
1665 2218 1847 2272 subito

261 2317 608 2386 suggestione
647 2313 928 2378 confundi,
970 2323 1027 2367 et
1067 2313 1148 2366 his
1191 2311 1385 2366 similia
1439 2325 1558 2377 qua:
1603 2311 1849 2364 oratZOne

260 2420 448 2464 sancta
477 2417 532 2464 et
560 2409 733 2463 crucis
776 2407 1050 2476 signaculo
1091 2406 1464 2460 destruantur.
1508 2402 1581 2456 Ita
1621 2402 1678 2456 tit
1707 2410 1764 2456 ut
1795 2410 1852 2456 et

262 2513 480 2572 peccata
513 2501 683 2555 sancti
718 2499 1060 2568 suggestione
1087 2497 1265 2552 carnis
1293 2497 1543 2560 habeant,
1575 2504 1624 2549 et
1672 2502 1846 2548 tamen

262 2596 386 2649 dum
417 2597 494 2648 eis
524 2593 746 2647 minime
783 2593 1056 2646 relaxatur
1099 2588 1344 2652 effectus,
1387 2603 1448 2642 ea
1493 2601 1598 2641 non
1637 2584 1847 2654 cperari

263 2689 525 2742 veraciter
551 2683 904 2739 :estimentur.
938 2683 1062 2737 llaec
1089 2681 1233 2736 enim
1263 2680 1408 2736 Pauli
1442 2680 1669 2749 apostoli
1701 2676 1845 2732 testi-

265 2780 460 2834 moniis
487 2774 793 2832 evidentius
817 2775 1182 2844 approbantur
1209 2788 1224 2826 ε
1249 2769 1524 2826 ambulavit
1553 2770 1602 2822 in
1632 2769 1722 2822 riis
1755 2767 1855 2819 Do-

263 2873 413 2939 mini,
433 2869 648 2939 quando
669 2869 908 2924 dicebat:
926 2867 1128 2920 Bonum
1155 2876 1408 2920 certamen
1427 2863 1634 2926 certavi,
1652 2875 1857 2915 cursum

263 2964 635 3026 consummavi,
659 2961 812 3030 ﬁdem
839 2960 1032 3014 sert'aoi
1065 2955 1148 3028 (11
1177 2956 1311 3010 Tim.
1342 2971 1416 3020 tv,
1437 2956 1513 3022 7),
1539 2962 1594 3008 et
1628 2953 1853 3019 reliqua.

266 3055 547 3111 Peccatum
577 3064 756 3108 autem
790 3067 897 3107 non
940 3052 1300 3106 voluntarium
1342 3049 1599 3111 iaciebat,
1639 3046 1854 3115 quando
1883 3078 1930 3143 ο

264 3147 569 3202 clamabat:
601 3145 724 3199 Non
752 3146 886 3200 enim
911 3143 1047 3210 quod
1091 3141 1204 3196 uolo
1236 3141 1422 3195 bonum
1459 3141 1552 3193 hoc
1578 3138 1733 3210 facio,
1765 3139 1853 3192 sed

263 3236 407 3302 quod
442 3238 559 3290 nolo
587 3236 773 3288 malum
802 3232 899 3286 hoc
933 3249 1032 3302 ago
1077 3230 1269 3302 (Rom.
1303 3246 1396 3292 vn,
1436 3229 1562 3299 i9).
1601 3228 1854 3298 Sequitur

265 3328 386 3400 ejus
412 3327 675 3398 expositio
705 3342 822 3396 qua:
849 3339 1064 3379 omnem
1099 3338 1312 3378 ntevum
1343 3320 1695 3375 dubitationis
1727 3319 1854 3374 abso

267 3423 466 3492 tergit:
502 3419 562 3476 Si
591 3429 758 3473 autent
796 3419 933 3489 qttorl
965 3419 1106 3481 nolo,
1142 3415 1314 3486 inquit
1352 3413 1541 3482 (lbid.,
1569 3413 1683 3482 20),
1721 3410 1856 3465 illud

267 3514 426 3583 facio,
450 3513 565 3582 jam
597 3525 697 3564 non
726 3525 817 3579 ego
852 3524 1031 3576 Operor
1067 3507 1222 3570 illud,
1269 3505 1357 3560 sed
1398 3507 1535 3576 quod
1563 3504 1759 3557 habitat
1803 3504 1856 3557 in

267 3619 350 3655 me
381 3613 660 3670 peccatum.
691 3600 850 3654 Vides
877 3609 1080 3652 tantum
1115 3598 1230 3652 illus
1273 3605 1554 3652 accusatos
1592 3595 1682 3665 qui
1723 3609 1853 3664 ope-

269 3695 564 3747 rationibus
596 3701 933 3761 peccatorutn
977 3688 1208 3744 nefanda
1235 3687 1595 3742 delectatione
1621 3699 1855 3742 consen-

267 3784 430 3837 tiunt.
457 3785 790 3853 Quapropter
819 3783 1010 3835 merito
1037 3780 1285 3834 dicuntur
1313 3780 1366 3832 in
1388 3779 1482 3832 viis
1517 3778 1726 3833 Domini
1751 3792 1856 3832 non

267 3877 557 3942 antbulare,
597 3879 682 3944 qui
724 3883 998 3945 operantur
1042 3873 1378 3942 iniquitatem.
1422 3870 1675 3940 Operatio
1713 3869 1855 3925 enim

269 3969 568 4038 iniquitatis
596 3977 678 4022 est
701 3981 1000 4022 consensus
1037 3965 1318 4032 malorum,
1349 3963 1440 4034 qui
1465 3972 1642 4017 tamen
1673 3977 1702 4017 a
1728 3978 1856 4018 san-

267 4074 481 4118 ctorum
510 4062 764 4117 cordibus
785 4062 927 4115 dono
950 4059 1161 4114 Domini
1190 4060 1446 4127 probatur
1472 4058 1698 4111 alienus.
1724 4055 1855 4110 Nam

269 4166 332 4210 et
363 4156 473 4224 ipse
502 4154 787 4224 Aposttolus
829 4153 930 4206 hoc
963 4157 1183 4205 monet:
1219 4148 1338 4202 Non
1379 4165 1498 4219 ergo
1538 4155 1710 4218 regnet
1746 4164 1863 4217 pec-

269 4259 447 4302 catum
473 4250 524 4302 in
554 4260 715 4303 vestro
756 4247 964 4300 mortali
999 4260 1216 4312 corpore
1245 4243 1312 4296 ad
1352 4242 1690 4296 obediendum
1730 4240 1864 4295 desi-

273 4343 434 4395 deriis
459 4343 570 4412 ejus
594 4358 612 4405 ;
643 4358 734 4395 nec
751 4339 1027 4394 exhibeatis
1059 4335 1283 4391 membra
1304 4346 1470 4390 vestra
1498 4350 1648 4387 arma
1674 4333 1866 4402 iniqui-

275 4435 396 4487 tatis
434 4445 637 4500 peccato
679 4433 869 4505 (Rom.
902 4447 976 4498 vt,
1012 4430 1134 4498 ﬂ).
1164 4429 1231 4483 Et
1256 4427 1549 4486 Salomon:
1580 4423 1705 4480 Post
1743 4441 1866 4479 con-

1955 1842 2094 1897 ferre
2115 1843 2278 1915 399
2291 1843 2487 1900 debere
2502 1861 2800 1903 censemur.
2818 1849 3154 1920 Quapropter
3176 1854 3314 1908 vires
3337 1870 3406 1910 no
3440 1868 3536 1912 trte

1956 1935 2324 2002 possibilitatis
2346 1936 2610 1992 excedere
2639 1938 2821 1994 divina
2864 1941 3052 1996 m‘Ltia
3084 1954 3186 2004 est.
3221 1947 3342 2015 quia
3372 1957 3538 2006 totum

1956 2028 2026 2082 ibi
2059 2029 2280 2082 nimium
2309 2031 2484 2099 decet,
2509 2033 2758 2101 quoniam
2775 2046 2827 2088 et
2851 2035 2977 2090 illud
3003 2036 3265 2093 inlinitutn
3289 2052 3370 2096 est
3398 2043 3540 2112 quod

1954 2121 2109 2174 nobis
2133 2122 2289 2175 tribui
2315 2125 2667 2192 postulamus.
2694 2125 3057 2197 Perquirenda
3087 2141 3169 2184 est
3196 2148 3406 2202 quoque
3440 2153 3473 2190 n
3497 2155 3538 2189 i-

1955 2212 2155 2267 tttinum
2192 2213 2413 2269 istorum
2445 2218 2694 2272 distincta
2726 2221 2984 2289 cognitio,
3015 2238 3082 2277 ne
3116 2225 3235 2293 q'tis
3266 2241 3329 2281 ea
3359 2228 3544 2284 credat

1955 2318 2075 2358 esse
2118 2305 2359 2359 confusa.
2408 2307 2461 2360 In
2510 2309 2672 2376 priori
2709 2326 2861 2366 versu
2891 2313 3042 2381 dixit,
3083 2313 3244 2386 legem
3296 2317 3541 2384 Domini,-

1957 2396 2037 2449 lex
2072 2409 2250 2451 autem
2301 2399 2509 2453 Domini
2559 2411 2662 2464 est,
2695 2401 2831 2456 sicut
2880 2403 3168 2472 Apostolus
3215 2409 3311 2472 ait,
3360 2412 3540 2465 umbra

1956 2488 2248 2556 futurorum
2281 2488 2472 2559 (Catos.
2502 2507 2559 2555 ll,
2595 2492 2680 2561 17)
2702 2535 2715 2556 ,
2749 2510 2906 2562 quam
2949 2511 3052 2550 non
3083 2500 3237 2553 decet
3262 2498 3420 2571 [mss.
3456 2505 3546 2569 Αο,

1960 2580 2052 2649 Β.,
2085 2581 2282 2653 docet]
2311 2584 2376 2638 ad
2423 2585 2676 2651 litteram,
2711 2585 2804 2640 sed
2849 2587 3109 2657 spirituali
3143 2591 3330 2647 ordine
3365 2604 3547 2649 custo-

1961 2675 2084 2732 diri.
2117 2676 2181 2732 Ut
2209 2678 2394 2748 (verbi
2429 2678 2630 2748 gratia)
2662 2679 2745 2734 lex
2773 2681 3176 2750 s-tcriliciorum,
3203 2686 3543 2745 observantia

1962 2784 2113 2823 nova:
2147 2769 2308 2837 lunai,
2340 2771 2474 2826 ritus
2500 2773 2944 2839 circutucisionis,
2977 2786 3029 2831 et
3055 2786 3248 2833 cit-tera
3297 2779 3544 2849 hujusre-

1964 2863 2125 2927 nodi,
2154 2878 2270 2933 qute
2305 2874 2486 2934 typum
2535 2865 2701 2935 magis
2744 2881 2904 2936 quam
2947 2869 3180 2938 speciem
3229 2887 3434 2928 certon
3466 2886 3551 2932 est

1965 2952 2218 3010 habuisse
2255 2957 2516 3010 veritatis.
2545 2957 2792 3012 Secundo
2836 2974 2991 3014 versu
3023 2961 3169 3030 ponit
3216 2966 3500 3020 testimonia
3530 2981 3549 3024 :

1963 3055 2067 3098 test
2090 3048 2326 3102 monium
2357 3058 2440 3103 est
2477 3049 2696 3104 evidens
2724 3063 2772 3104 et
2807 3053 3063 3119 prmiinita
3105 3055 3365 3123 conditio,
3395 3061 3553 3128 cujus

1962 3147 2159 3194 Stultth
2179 3142 2509 3206 commoniti,
2530 3158 2614 3197 res
2640 3147 2940 3212 p:a:teritas
2966 3161 3070 3200 non
3103 3162 3393 3216 possumus
3419 3153 3558 3208 obli-

1962 3235 2116 3301 visci,
2145 3245 2202 3289 ut
2230 3235 2280 3290 in
2310 3235 2506 3292 Genesi
2543 3238 2616 3291 ait
2641 3236 2807 3292 Jacob
2835 3257 2846 3291 :
2879 3238 3248 3296 Testimonium
3287 3246 3381 3299 erit
3410 3249 3550 3302 vobis

1965 3323 2113 3399 [ed.,
2147 3326 2326 3399 nobis]
2352 3330 2499 3382 collis
2536 3329 2660 3397 iste,
2693 3340 2766 3394 et,
2795 3329 3157 3388 Testimonium
3177 3335 3271 3389 erit
3307 3337 3440 3406 lapis
3463 3339 3556 3392 iste

1965 3415 2118 3486 (Gen.
2158 3435 2306 3481 χχχι,
2339 3421 2454 3488 52).
2488 3420 2758 3490 Scriptum
2789 3435 2869 3476 cst
2891 3424 3050 3478 etiam
3081 3433 3136 3480 et
3167 3427 3219 3481 in
3248 3427 3384 3484 libro
3425 3431 3554 3487 Jesu

1965 3509 2110 3565 Nave
2165 3529 2177 3565 :
2216 3509 2498 3565 Duodecim
2526 3514 2724 3580 lapides
2751 3514 2930 3581 a/ferte
2963 3519 3028 3571 de
3067 3519 3237 3573 medio
3282 3521 3554 3588 Jordanis,

1966 3610 2021 3654 ut
2051 3603 2149 3656 sint
2195 3603 2249 3656 lii
2274 3606 2325 3656 in
2360 3605 2704 3658 testimonium
2742 3606 2867 3674 ﬁliis
2914 3609 3089 3662 vestris
3122 3608 3256 3679 (los.
3285 3627 3358 3677 tv,
3391 3613 3445 3679 5,
3473 3616 3553 3683 6).

1963 3693 2052 3748 Sic
2088 3693 2240 3748 nobis
2271 3706 2537 3764 praecepta
2586 3696 2765 3750 divina
2815 3699 3105 3754 testimonia
3150 3711 3296 3771 sunt,
3338 3708 3556 3776 quando

1964 3797 2308 3841 commonent
2351 3803 2420 3843 ne
2465 3802 2689 3856 peccare
2734 3789 3046 3856 debeamus,
3096 3793 3232 3849 sicut
3282 3802 3556 3864 apostolus

1969 3879 2162 3931 l‘aulus
2196 3877 2310 3932 ait:
2346 3877 2611 3945 Testiﬁcor
2637 3895 2812 3932 coram
2838 3879 2968 3946 Deo,
2988 3883 3077 3951 qui
3106 3885 3324 3952 viviﬁcat
3363 3890 3555 3955 omnia,

1965 3978 2012 4022 et
2040 3967 2165 4022 Iesu
2187 3968 2410 4034 Chris'o,
2440 3979 2486 4022 et
2515 3971 2789 4022 efcctorum
2818 3971 3143 4040 angelorum,
3172 3986 3225 4025 ut
3247 3976 3358 4029 luce
3387 3989 3558 4032 casto-

1969 4062 2084 4113 dias
2111 4060 2128 4130 (
2147 4058 2176 4114 Ι
2211 4059 2344 4112 Tim.
2377 4076 2428 4125 v,
2456 4061 2580 4131 21).
2613 4063 2668 4116 In
2699 4063 2950 4131 praesenti
2983 4081 3196 4134 quoque
3227 4083 3384 4125 versu
3413 4089 3558 4127 matt-

1968 4155 2090 4207 data
2129 4153 2324 4223 posuit,
2360 4168 2478 4224 qua:
2507 4170 2611 4208 non
2641 4167 2765 4208 sunt
2791 4155 2996 4209 umbra:
3025 4156 3321 4214 futurorum
3357 4172 3414 4218 ut
3445 4164 3556 4231 lex,

1969 4247 2063 4301 sed
2115 4257 2434 4314 praisentetn
2484 4245 2684 4300 habent
2715 4246 3012 4301 manifesta:
3060 4251 3390 4317 Operationis
3431 4253 3558 4308 clie-

1970 4349 2138 4394 cmm.
2163 4338 2315 4405 Quod
2347 4337 2602 4392 Dominus
2633 4337 2682 4391 in
2710 4337 3002 4407 Evangelio
3027 4340 3273 4396 absolute
3298 4343 3558 4410 declarat,

1974 4431 2157 4485 dicens
2202 4447 2214 4482 :
2261 4429 2495 4482 Primum
2548 4429 2850 4482 mandatum
2892 4438 3006 4496 est,
3053 4429 3244 4500 Diliges
3285 4429 3563 4485 Dominam

277 4526 636 4596 cupiscietttias
671 4526 840 4579 cordis
882 4525 954 4577 tui
997 4539 1058 4576 ne
1093 4523 1281 4576 abieris
1310 4521 1329 4592 (
1355 4518 1516 4574 Eccli.
1545 4534 1693 4584 xvttt,
1731 4518 1801 4573 50
1823 4516 1866 4588 ).
1902 4519 1950 4578 D
1980 4521 2138 4578 Deum
2166 4533 2308 4576 tttunt
2339 4539 2402 4576 ex
2424 4532 2528 4576 toto
2552 4524 2703 4576 corde
2732 4533 2841 4589 tuo,
2865 4531 2910 4577 et
2939 4540 3001 4577 ex
3027 4533 3134 4576 tota
3164 4528 3337 4577 anima
3376 4535 3484 4592 tua,
3517 4537 3562 4579 et

275 4619 648 4674 Obedientiam
698 4633 827 4688 ergo
876 4618 1080 4686 peccati
1119 4614 1304 4678 vetuit,
1349 4627 1453 4667 non
1492 4613 1862 4680 suggestiones

275 4723 411 4777 quas
441 4725 568 4764 caro
615 4711 846 4778 propriis
878 4707 1084 4762 viribus
1125 4707 1292 4759 vitare
1322 4720 1426 4759 non
1459 4703 1728 4770 i-rtevalet.
1765 4701 1859 4755 lte-

278 4802 572 4871 Spiciatuus
601 4811 782 4854 autem
815 4815 910 4853 cur
942 4799 1026 4852 ltic
1051 4799 1158 4850 uias
1190 4795 1379 4866 plurali
1415 4809 1637 4849 numero
1669 4796 1863 4862 posu't,

277 4903 334 4946 et
371 4895 616 4963 superius
659 4892 1001 4962 singulariter
1038 4890 1214 4945 dixit:
1264 4887 1412 4942 Beati
1455 4886 1772 4940 immaculati
1812 4885 1866 4939 in

277 4989 383 5040 ria.
439 4988 515 5042 lbi
560 4987 824 5057 signiﬁcat
867 4986 1149 5040 Dominum
1191 4983 1550 5047 Salvatorem,
1592 4980 1681 5050 qui
1719 4989 1867 5035 certa

278 5081 364 5133 via
413 5088 496 5132 est
541 5079 607 5132 ad
668 5078 880 5132 Patrem
932 5060 1299 5139 venientium,
1355 5074 1492 5128 sicut
1532 5074 1645 5142 ipse
1689 5072 1871 5127 dixit:

282 5171 449 5226 Nemo
489 5172 626 5224 vadit
651 5171 719 5224 ad
767 5169 997 5231 Patrem,
1040 5167 1141 5221 nisi
1186 5183 1275 5234 per
1309 5182 1388 5220 me
1427 5165 1605 5237 (Joan.
1659 5182 1766 5232 xlv,
1794 5167 1873 5232 6).

280 5265 412 5321 Nam
444 5263 588 5334 quod
637 5263 722 5319 hic
749 5265 903 5326 dixit,
944 5263 997 5315 in
1030 5262 1145 5325 viis,
1193 5259 1440 5330 designat
1485 5262 1776 5329 praphetas
1821 5269 1878 5315 et

282 5358 577 5428 apostolos,
614 5357 697 5412 vel
725 5358 1031 5426 quicunque
1061 5353 1315 5424 populum
1341 5366 1462 5408 vera
1491 5352 1876 5421 prtcdtcatione

280 5453 607 5508 docuerunt.

361 5544 515 5598 Vers.
552 5543 606 5595 4.
638 5543 718 5596 Tu
744 5541 998 5596 mandasti
1039 5539 1282 5593 mandatu
1307 5547 1396 5591 tua
1419 5538 1668 5591 custodiri
1698 5538 1871 5591 nimis.

284 5635 500 5690 Dixerat.
529 5636 741 5690 beatum
786 5649 911 5690 es~e
949 5633 1032 5688 cui
1071 5634 1183 5687 haec
1223 5632 1343 5685 talia
1395 5629 1776 5698 suifragantur,
1820 5637 1877 5684 ttt

284 5727 355 5780 sit
393 5726 788 5793 immaculatus,
818 5726 1054 5780 ambulet
1083 5727 1132 5780 in
1181 5727 1294 5794 lege
1331 5723 1562 5787 Domini,
1605 5733 1876 5776 scrutetur

285 5819 588 5874 teatimonia
618 5819 756 5889 ejus,
785 5828 837 5872 et
878 5819 1017 5888 quod
1050 5829 1129 5874 est
1178 5816 1623 5886 pt-rlectissitnum
1658 5814 1872 5868 vivendi

1972 4631 2037 4669 ea:
2070 4624 2172 4667 tota
2200 4614 2380 4668 virtute
2427 4625 2514 4666 tua
2545 4612 2758 4682 (Matth.
2787 4629 2919 4678 xxii,
2948 4612 3036 4680 37)
3059 4656 3074 4680 ,
3107 4624 3213 4668 etc.
3256 4613 3369 4669 Hoc
3413 4616 3557 4670 enim

1974 4707 2054 4762 sic
2071 4708 2158 4760 uni
2181 4706 2379 4760 dictum
2403 4713 2504 4766 est,
2521 4713 2578 4757 ut
2601 4703 2668 4756 ab
2685 4706 2933 4759 omnibus
2953 4707 3145 4759 debeat
3173 4713 3225 4759 et
3251 4721 3346 4775 per
3371 4717 3564 4762 cuncta

1975 4808 2213 4867 tempora
2261 4796 2540 4852 custodiri.
2573 4796 2910 4864 Quapropter
2949 4795 3061 4847 sive
3094 4794 3203 4862 lex,
3251 4796 3364 4851 sive
3415 4799 3565 4851 testi-

1977 4892 2176 4953 monia,
2211 4888 2324 4942 sive
2353 4886 2599 4941 mandata
2627 4887 2834 4940 Domini
2871 4886 3260 4950 custodiantur,
3292 4888 3357 4943 ad
3391 4888 3565 4944 beati-

1980 4979 2179 5035 tudinis
2205 4990 2411 5034 certum
2435 4989 2517 5032 est
2541 4993 2760 5033 munera
2797 4977 3081 5042 perveniri.
3098 4978 3228 5045 Qua:
3261 4981 3420 5034 verba
3443 4996 3567 5036 cum

1981 5072 2249 5143 pratdictis
2290 5071 2690 5128 deﬁnitionibus
2734 5070 2845 5124 suis
2875 5077 3055 5124 mente
3095 5070 3377 5126 condenda
3417 5081 3567 5138 sunt,

1981 5166 2102 5234 quia
2133 5162 2186 5217 in
2210 5161 2662 5232 subsequentibus
2684 5159 2928 5215 versibus
2955 5157 3269 5229 frequenter
3294 5177 3358 5216 ea
3390 5163 3565 5232 posita

1981 5255 2302 5325 reperimus.

2055 5349 2208 5403 Vers.
2242 5347 2296 5401 5.
2332 5345 2543 5402 Utinam
2567 5345 2863 5416 dirigantur
2899 5345 2994 5399 sia:
3016 5361 3142 5400 mea:
3177 5347 3247 5400 ad
3280 5348 3572 5404 custodieti-

1975 5443 2076 5500 .das
2106 5439 2503 5512 justiﬁcationes
2550 5436 2709 5491 tuas!
2749 5437 2882 5491 Cum
2925 5437 3083 5492 vitam
3133 5439 3383 5510 superius
3425 5441 3570 5496 beati

1985 5537 2080 5590 viri
2111 5533 2389 5588 evidenter
2426 5529 2770 5600 expresserit,
2808 5545 2948 5584 nunc
2979 5531 3140 5584 etiam
3175 5532 3404 5600 populus
3435 5531 3572 5588 ﬁde—

1985 5628 2051 5683 lis
2093 5628 2355 5681 bonorum
2405 5625 2507 5678 sibi
2562 5633 2877 5693 proventum
2927 5623 3066 5676 votis
3113 5622 3573 5682 intercedentibus

1984 5719 2291 5790 postulavit.
2331 5715 2541 5770 Utinam
2584 5713 2804 5768 verbum
2846 5729 3062 5784 semper
3092 5716 3328 5783 optantis
3365 5724 3482 5781 est,
3514 5725 3574 5771 ut

1985 5813 2124 5884 qum!
2178 5811 2373 5865 nostris
2405 5824 2512 5864 non
2563 5822 2847 5877 possumus
2888 5808 3084 5861 viribus
3118 5807 3361 5877 adipisci,
3392 5808 3571 5864 divina
