4032 6340
567 316 672 374 839

1776 315 1844 370 Μ.
1887 315 2166 372 ειυιιειιι
2205 314 2610 372 ρΑεδςιοιιυιιι
3683 323 3764 382 8ἇο

565 429 929 490 misericordia
953 425 1725 501 largientc,mereamur.Cunt
1750 428 1901 494 dicit,
1921 429 2150 500 dirigan-
2184 437 2236 496 Α
2261 429 2476 484 hostilis
2507 429 2763 484 atrocitas
2793 426 3052 484 invenire.
3087 427 3236 484 Nunc
3273 428 3532 487 videamus
3563 435 3669 503 quid
3701 441 3767 495 tu.

565 530 651 578 tur
664 522 762 577 uia:
779 537 924 587 metu,
951 521 1187 576 ostendit
1218 535 1330 582 eas,
1365 530 1622 590 quantum
1647 519 1714 575 ad
1743 521 2029 576 humanam
2056 523 2154 575 itu-

564 613 906 672 becillitatem
935 613 1188 682 pertinet,
1215 623 1506 668 tortuosas.
1535 611 1641 666 Via:
1664 629 1784 666 mea:
1805 624 1960 668 aczus
1987 615 2155 683 signi-

563 704 728 762 ﬁcant
750 719 884 776 quos
914 708 964 758 in
995 704 1094 760 bac
1121 705 1228 758 vita
1261 705 1583 774 peragituus.
1616 705 1860 771 Addidit,
1884 707 1952 758 ad
1983 716 2156 760 custo-

561 795 777 850 diendas
811 793 1211 865 justi/icationes
1261 803 1394 847 tuas.
1428 793 1524 848 llic
1551 794 1685 862 jam,
1719 795 1862 864 quod
1903 798 2154 864 superius

561 890 789 958 optavit,
828 888 1066 958 aperuit;
1097 887 1166 939 ad
1197 886 1556 942 custodiendas
1591 888 1732 941 enim
1756 888 2155 958 justiﬁcationes

563 981 774 1037 Domini
799 996 957 1036 nemo
997 981 1195 1049 poterit
1223 980 1528 1049 pervenire.
1565 981 1666 1035 nisi
1695 980 1847 1048 cujus
1870 981 1963 1035 ria:
1988 996 2019 1034 a
2053 980 2154 1033 Do-

563 1075 710 1130 mino
761 1074 914 1144 dirigi
969 1073 1413 1142 comprobantur.
1469 1073 1576 1128 Sed
1623 1075 1972 1130 (iisetttiatnus
2027 1073 2152 1144 quid

561 1166 864 1236 signiﬁcent
882 1165 1299 1235 justi/icatioucs.
1330 1165 1730 1232 Justi/icationes
1761 1165 1918 1235 igitur
1945 1165 2152 1218 Domini

560 1259 700 1328 apud
725 1257 958 1328 priscum
982 1258 1233 1326 populum
1267 1257 1482 1310 fuerunt
1502 1257 1682 1309 multm
1706 1266 1866 1326 atque
1894 1257 2149 1310 d:vers:c:

563 1359 624 1404 ut
649 1363 741 1404 ses
771 1347 929 1402 anuis
961 1357 1166 1402 tantum
1200 1345 1428 1400 famulus
1453 1347 1680 1400 serviret
1707 1346 1982 1412 llebrmus,
2016 1347 2153 1399 illius

561 1442 755 1497 aﬁ'ectu
799 1451 854 1496 et
893 1441 1174 1508 disciplina
1218 1440 1387 1507 patris
1426 1439 1758 1503 erudiretur,
1788 1451 1940 1508 pater
1981 1449 2036 1492 ut
2070 1455 2154 1493 re-

561 1542 811 1588 verenter
841 1533 894 1588 iu
931 1532 1182 1586 omnibus
1211 1532 1524 1598 haberetur,
1558 1532 1702 1585 Deus
1733 1540 1791 1584 ut
1836 1547 2047 1585 summo
2081 1532 2149 1585 ti~

562 1641 716 1684 more
735 1633 792 1681 et
818 1639 1003 1679 amore
1029 1625 1320 1687 coleretur,
1350 1625 1604 1679 sacerdos
1627 1624 1963 1679 honorabilis
1985 1635 2148 1690 esset,

565 1719 840 1787 prosimus
871 1725 928 1770 ut
965 1726 1215 1785 tauquam
1271 1716 1480 1784 propria
1529 1717 1730 1770 utilitas
1761 1727 2054 1782 amaretur,
2097 1727 2152 1770 et

2260 533 2376 576 tera
2409 518 2642 576 secunda
2674 519 2968 574 contineat.

2332 615 2486 668 Vers.
2519 613 2732 669 9.—tt.
2769 613 2938 668 Bern.
2965 610 3152 678 Inque
3174 613 3376 682 corrigit
3409 615 3621 682 juvenior
3655 638 3766 678 suam

2255 705 2435 758 uiam?
2469 703 2532 758 In
2554 702 2892 757 custodiendo
2935 719 3194 758 sermones
3227 713 3357 758 tuos.
3385 703 3435 758 lu
3464 708 3611 774 prima
3637 685 3766 767 littc'ra

2258 805 2442 866 partes
2473 796 2820 851 beatitudinis
2836 797 3008 851 ﬁdelis
3035 796 3261 864 pepulus
3287 795 3600 862 indicarit,iu
3624 805 3769 870 quibus

2262 907 2324 946 se
2347 892 2670 960 deprecatus
2704 901 2787 944 est
2816 889 3115 954 custodiri;
3158 903 3300 944 nunc
3333 889 3462 946 idem
3501 891 3548 948 iu
3587 899 3766 951 secunda

2267 984 2447 1036 littera
2475 981 2848 1037 conversionis
2877 993 3087 1048 tempus
3110 981 3363 1048 ostendit,
3387 998 3631 1051 exponens
3645 988 3766 1042 etiam

2259 1074 2311 1127 itt
2336 1074 2676 1128 sermonibus
2699 1072 3120 1141 Dominiquibus
3145 1073 3568 1128 delectationibus
3581 1075 3765 1144 peritus.

2257 1173 2362 1220 tur.
2394 1165 2738 1234 Quapropter
2770 1180 2862 1233 per
2907 1164 3131 1234 ﬁguram
3159 1166 3386 1220 erotesis
3414 1166 3507 1219 sub
3533 1167 3764 1239 interroga-

2262 1259 2406 1315 tione
2439 1260 2688 1328 prapooit
2719 1275 2734 1315 :
2771 1257 2838 1312 In
2857 1275 2959 1329 quo
2997 1259 3207 1330 corrigit
3239 1259 3473 1329 juvenior
3494 1259 3606 1312 viam
3629 1265 3764 1318 suam!

2255 1350 2408 1405 [Etas
2427 1353 2592 1406 electa
2615 1362 2699 1406 est
2715 1351 2868 1417 Novi,
2895 1366 2998 1405 non
3020 1349 3234 1406 Veteris
3261 1350 3588 1413 Testamenti,
3605 1354 3760 1419 quando

2252 1443 2320 1499 de
2348 1444 2544 1502 seniori
2580 1446 2798 1499 homine
2827 1445 2880 1499 in
2907 1444 3125 1499 robusta
3165 1458 3354 1498 sumus
3389 1454 3536 1498 astate
3568 1447 3753 1514 repmti.

2251 1537 2499 1592 Juoeuior
2543 1539 2687 1594 enim
2741 1539 2939 1594 dicitur
2987 1538 3260 1594 velet-ibus
3307 1549 3632 1607 comparatus.
3663 1541 3754 1608 quia

2255 1633 2654 1695 comparativus
2685 1632 2882 1702 gradus
2913 1632 3226 1698 frequenter
3252 1630 3358 1684 vim
3377 1632 3563 1686 obtinet
3580 1632 3758 1699 posititi.

2260 1726 2366 1783 Sed
2393 1725 2496 1780 iste
2504 1725 2746 1790 incertior
2767 1723 3219 1792 quemadmodum
3239 1738 3426 1776 εονηπς
3442 1723 3500 1775 rit
3517 1725 3626 1776 siam
3640 1739 3760 1784 uuis.

562 1806 648 1864 bis
667 1807 863 1864 similia
891 1822 1012 1877 qua:
1045 1807 1160 1862 ﬁeri
1192 1815 1376 1860 sancta
1406 1809 1676 1877 Scriptura
1714 1810 1993 1876 praecepit.
2021 1809 2147 1864 ΙΙωο

2187 1819 2226 1876 Β
2253 1818 2602 1888 subsequeuti
2631 1817 2981 1886 responsione
3010 1815 3296 1869 conﬁrmat
3323 1815 3497 1868 dicens
3532 1831 3544 1865 :
3573 1811 3625 1866 lu
3643 1825 3762 1868 Custo-

563 1915 694 1971 ω’εο
740 1908 1011 1969 nequeunt
1056 1899 1335 1965 custodiri,
1376 1899 1478 1954 nisi
1529 1899 1900 1955 misericordia
1940 1901 2152 1956 Domini

463 2003 474 2008 ‘
563 1994 857 2066 probentur
886 1992 1049 2048 attrib
1073 1992 1127 2046 ei.

638 2104 793 2162 Vere.
819 2105 874 2161 6.
907 2105 1053 2160 Tunc
1081 2121 1180 2159 non
1211 2106 1504 2177 confundor
1523 2150 1537 2174 ,
1573 2105 1692 2160 dum
1721 2107 1934 2177 respicio
1968 2107 2019 2160 iu
2046 2109 2165 2160 om;

563 2197 653 2252 nia
673 2199 914 2251 mandata
943 2207 1058 2251 tua.
1073 2195 1242 2251 Causa
1273 2197 1516 2253 redditur
1547 2199 1998 2268 quemadmodum
2029 2214 2153 2268 pos-

563 2289 673 2347 sint
719 2289 1128 2360 iustiﬁcationes
1172 2289 1380 2346 Domini
1421 2288 1617 2359 iugiter
1660 2290 1890 2354 servari,
1943 2289 1996 2343 id
2044 2299 2148 2354 est,

563 2383 609 2440 si
659 2383 909 2437 mandata
965 2383 1322 2452 respiciautur
1371 2381 1640 2436 universa.
1691 2381 1798 2437 Sed
1843 2397 1964 2438 cum
2015 2381 2149 2436 dicit

565 2477 758 2534 omnia.
791 2476 845 2530 in
886 2475 1032 2529 nullo
1073 2483 1384 2530 commouet
1429 2488 1551 2529 esse
1607 2474 1933 2544 peccandum
1967 2492 1979 2526 :
2014 2489 2150 2544 quo-

564 2569 708 2625 niam
735 2569 992 2637 scriptum
1015 2576 1098 2620 est
1127 2583 1139 2619 :
1173 2566 1234 2620 Si
1270 2567 1389 2636 quis
1425 2565 1489 2618 de
1516 2568 1626 2637 lege
1653 2567 1917 2619 minimum
1945 2583 2048 2619 non
2072 2565 2153 2636 fe-

563 2666 836 2732 cerit,reus
857 2673 931 2718 est
954 2665 1109 2716 totius
1133 2663 1280 2732 legis.
1301 2661 1568 2729 liespicere
1589 2669 1766 2715 autem
1794 2670 1876 2716 est
1898 2664 2152 2716 mandata

564 2771 778 2827 scalper
799 2767 925 2812 ante
949 2757 1132 2811 oculos
1153 2756 1350 2809 habere
1378 2769 1498 2824 qua!
1516 2754 1664 2823 jussa
1692 2764 1836 2819 sunt,
1867 2763 1924 2808 ut
1949 2755 1994 2808 si
2025 2753 2152 2822 quid

564 2859 760 2905 tortum
799 2849 1176 2910 committitur,
1210 2848 1428 2901 salutari
1481 2847 1864 2900 emendatione
1910 2847 2152 2916 protinus

561 2941 879 3011 coriigatur.
907 2938 1171 2995 Caeterum
1202 2939 1290 3006 qui
1319 2940 1369 2992 in
1411 2938 1658 2992 mandatu
1685 2953 1790 2992 nou
1832 2940 2065 3010 respicit,
2101 2943 2153 2994 in

560 3050 668 3106 quo
695 3047 838 3090 erret
866 3033 1038 3088 modis
1060 3033 1309 3087 omnibus
1333 3031 1622 3100 ignorabit.
1659 3030 1804 3084 llanc
1829 3047 2044 3102 quoque
2072 3031 2150 3086 si-

563 3123 913 3180 militudinem
947 3123 1176 3180 Iacobus
1209 3123 1356 3189 ponit
1379 3122 1655 3189 apostolus
1679 3126 1862 3177 dicens
1890 3139 1904 3175 ε
1945 3123 2006 3178 Si
2039 3124 2156 3194 quis

2252 1911 2440 1965 diendo
2458 1925 2723 1964 sermones
2751 1918 2885 1972 tuos,
2920 1917 3046 1960 tunc
3074 1907 3286 1960 scilicet
3311 1921 3426 1960 cum
3467 1904 3754 1971 evangelicum

2253 2003 2594 2073 disciplinam
2613 2001 2843 2071 populus
2871 1999 3218 2054 Christianus
3239 1998 3456 2065 accepit.
3476 1997 3542 2050 Eo
3562 1994 3758 2064 siquidm

2255 2106 2496 2166 tempore
2535 2096 2696 2150 homo
2741 2104 3015 2148 correctus
3045 2102 3153 2156 est,
3186 2089 3417 2160 quando,
3456 2098 3612 2142 vetere
3637 2088 3760 2154 prasi-

2257 2200 2368 2245 tate
2398 2189 2674 2252 damnata,
2708 2188 2774 2240 ad
2816 2197 2976 2240 rectm
3005 2184 3132 2238 ﬁdei
3160 2185 3298 2237 dona
3325 2179 3565 2251 pervenit.
3591 2177 3758 2233 Custodit

2256 2291 2438 2337 autem
2471 2296 2727 2336 sermones
2755 2280 2966 2333 Domitii
2996 2278 3087 2345 qui
3113 2292 3219 2332 nou
3243 2290 3336 2331 eos
3357 2285 3543 2329 tantum
3568 2274 3756 2328 timueris

2256 2376 2474 2441 retinet,
2506 2375 2600 2429 sed
2624 2374 2894 2427 actionum
2927 2369 3195 2438 probitate
3227 2369 3473 2422 restituit.

2326 2469 2482 2524 Vers.
2511 2469 2597 2524 10.
2631 2466 2698 2521 In
2741 2476 2846 2520 toto
2875 2466 3029 2519 corde
3054 2480 3166 2518 meo
3198 2462 3435 2532 exquisivi
3461 2472 3540 2514 te:
3564 2474 3614 2512 ac
3636 2457 3756 2526 repti-

2255 2561 2334 2617 Ias
2365 2579 2444 2617 me
2473 2577 2504 2614 a
2541 2561 2735 2614 manda
2758 2561 2801 2614 is
2831 2563 2950 2612 tuis.
2989 2558 3102 2612 lloe
3142 2571 3354 2626 quoque
3393 2568 3564 2608 munus
3586 2561 3652 2606 est
3683 2550 3757 2604 Do-

2256 2655 2386 2710 mini
2414 2654 2578 2724 400
2602 2652 2742 2722 quod
2767 2667 2890 2706 eum
2917 2666 2976 2703 se
3005 2659 3112 2703 toto
3135 2649 3291 2702 corde
3306 2643 3755 2710 asseritcsquisiisse:

2258 2763 2362 2800 non
2399 2748 2543 2797 enim
2584 2752 2868 2813 qtttercret,
2900 2741 3002 2794 nisi
3049 2740 3343 2808 inquisitos
3388 2737 3571 2798 (uisset,
3595 2734 3700 2787 sicut
3721 2733 3757 2784 iu

2259 2837 2540 2891 Ezechiele
2579 2836 2812 2905 legtur:
2847 2833 2998 2898 Quod
3041 2833 3274 2898 perierat
3325 2827 3570 2896 requiram,
3597 2832 3632 2878 et
3663 2823 3759 2889 quod

2256 2936 2508 2982 erraverat
2552 2925 2792 2978 reuocabo
2815 2928 2831 2996 (
2855 2922 3044 2976 ΕιιοΙι.
3077 2937 3233 2986 xstv,
3272 2921 3392 2987 ili).
3421 2919 3473 2972 lu
3499 2916 3610 2972 omni
3634 2912 3758 2980 siqui-

2258 3021 2382 3076 dem
2410 3020 2552 3073 bono
2595 3018 2803 3072 Domitii
2831 3020 3002 3086 gratia
3035 3013 3428 3078 przcveuimur,
3457 3019 3504 3063 ct
3525 3016 3567 3060 ut
3588 3008 3753 3058 velimus

2261 3129 2473 3181 rogare,
2510 3112 2626 3180 ipse
2657 3126 2716 3164 se
2755 3109 3005 3178 dignatur
3034 3105 3346 3162 infundere.
3369 3101 3602 3168 Sequitur,
3625 3111 3671 3148 nc
3700 3110 3759 3146 ri-

561 3219 764 3272 auditor
783 3227 854 3272 est
875 3217 1007 3270 verbi
1032 3224 1078 3268 et
1105 3231 1204 3268 non
1229 3215 1412 3285 factor,
1431 3213 1510 3266 hic
1525 3215 2020 3280 .‘omporabiturviro
2037 3231 2152 3269 con-

2183 3209 2227 3269 C
2260 3205 2426 3278 peltas
2451 3220 2528 3258 me
2556 3221 2588 3258 α
2619 3203 2874 3256 mandatis
2907 3202 3028 3265 tuis,
3070 3211 3333 3269 tanquam
3365 3196 3604 3262 indignum
3639 3189 3758 3242 baue-

559 3308 807 3364 siderattti
844 3306 1038 3361 uultum
1068 3306 1342 3358 nativitatis
1373 3320 1480 3359 sum
1501 3306 1554 3358 in
1581 3309 1788 3373 spe.'ulo
1817 3321 1838 3360 :
1867 3307 2059 3360 cousid.
2078 3324 2158 3360 ra-

562 3401 632 3454 sit
655 3400 794 3454 enim
822 3415 875 3453 se
895 3397 1342 3466 etabiit,etstatim
1364 3398 1550 3450 oblitus
1570 3407 1642 3449 est
1665 3400 1827 3466 qualis
1845 3399 2018 3468 fuerit.
2058 3401 2157 3466 Qui

561 3501 733 3548 autem
754 3491 1065 3564 perspexerit
1083 3491 1138 3546 in
1148 3489 1305 3561 legem
1327 3494 1602 3561 perfectam
1626 3501 1672 3542 et
1685 3507 1827 3561 perm
1848 3493 2041 3556 inserit,
2056 3509 2156 3546 non

563 3589 773 3644 auditor
798 3587 1071 3642 oeriostts
1099 3585 1287 3654 factus,
1329 3589 1419 3640 scd
1448 3588 1616 3654 [actor
1642 3588 1843 3654 operis,
1867 3587 1949 3639 Itic
1981 3592 2156 3642 beatus

565 3683 618 3735 in
640 3684 778 3752 facta
796 3696 888 3733 suo
912 3680 1007 3734 erit
1041 3677 1192 3750 (Jac.
1224 3695 1267 3745 ι,
1295 3681 1387 3747 2'5,
1414 3679 1506 3745 24,
1539 3678 1664 3751 23).
1696 3680 1858 3736 Tales
1888 3695 2015 3750 ergo
2043 3679 2159 3734 lau-

563 3773 760 3828 dantur
785 3787 814 3826 a
841 3782 1385 3844 quorutucouspectu
1417 3772 1666 3827 mandata
1689 3773 1900 3828 Domini
1934 3789 2039 3828 non
2068 3787 2155 3829 reo

563 3869 783 3924 cedunt.

636 4011 790 4068 Vers.
815 4012 868 4066 7.
889 4009 1177 4079 Conﬁtebor
1195 4009 1304 4075 tibi,
1331 4009 1564 4076 Domine,
1584 4013 1635 4064 iu
1662 4011 1942 4066 directione
1963 4013 2152 4078 cordis,

573 4103 630 4158 in
659 4119 714 4157 eo
742 4102 877 4171 quod
907 4103 1064 4156 didici
1104 4103 1307 4172 judicia
1332 4105 1443 4174 just
1467 4106 1550 4157 tiu:
1590 4115 1711 4159 ture.
1741 4093 2024 4160 Confessio
2068 4105 2154 4161 bic

565 4195 828 4266 signiﬁcat
857 4195 1066 4250 laudem
1095 4211 1166 4264 qu
1187 4211 1254 4247 im
1282 4196 1437 4250 decet
1465 4199 1715 4264 papulotu
1748 4198 1929 4252 dicere
1969 4197 2154 4251 beato-

567 4301 708 4340 rum.
728 4282 948 4338 Directio
969 4285 1137 4338 cordis
1167 4296 1250 4339 est
1274 4285 1395 4339 ﬁdei
1422 4286 1702 4342 catholicae
1732 4299 1916 4342 sancta
1945 4290 2152 4357 regula,

563 4379 689 4449 quia
719 4392 842 4434 eum
873 4377 1116 4432 conﬁteri
1157 4393 1261 4432 non
1309 4388 1482 4444 potest
1514 4380 1884 4435 hatreticorutu
1919 4382 2150 4435 distorta

569 4470 826 4525 versutia.
871 4467 938 4522 lu
975 4484 1056 4535 eo,
1099 4483 1134 4539 q
1157 4469 1241 4523 tod
1271 4469 1432 4534 dicit,
1465 4470 1645 4535 didici,
1680 4470 1880 4524 iudicat
1910 4487 1940 4525 a
1981 4473 2152 4526 beatis

2263 3298 2396 3351 lit-iis
2427 3297 2564 3360 tuis;
2599 3304 2655 3347 ut
2684 3309 2842 3362 quem
2875 3302 2928 3346 te
2972 3290 3152 3344 iecisti
3205 3299 3317 3344 toto
3345 3288 3493 3342 co:de
3531 3292 3689 3351 petere.
3721 3284 3758 3326 ιιι

2258 3392 2419 3446 etiam
2447 3389 2682 3460 digni-ris
2711 3388 2916 3442 audire.
2947 3384 2990 3438 Β
3011 3385 3176 3452 pellit
3217 3382 3356 3438 enim
3387 3395 3416 3434 a
3447 3373 3658 3432 mundatis
3679 3369 3759 3422 suis

2261 3481 2488 3537 subdole
2513 3497 2573 3534 se
2603 3488 2874 3550 rogauts,
2923 3479 3065 3531 sicut
3111 3476 3171 3531 in
3201 3475 3311 3530 alio
3355 3472 3538 3542 psalmi
3577 3468 3750 3534 lcgtur:

2272 3573 2446 3628 Virum
2492 3574 2803 3642 sauguiuuut
2841 3583 2890 3624 et
2915 3570 3162 3623 dolosam
3196 3566 3548 3623 abominabitur
3568 3557 3756 3612 Domi-tm

2259 3667 2430 3738 (l’sal.
2463 3681 2516 3728 ν,
2543 3665 2620 3736 7).
2654 3667 2715 3718 Ει
2745 3665 2998 3719 Salomon
3027 3662 3200 3717 dicit:
3234 3661 3448 3717 Sanctus
3466 3657 3582 3712 enin
3601 3649 3758 3720 spiritus

2259 3760 2292 3810 d
2316 3755 2550 3824 scipit'ua:
2595 3753 2802 3826 eﬁ'ugirt
2848 3753 3045 3823 ﬁctum,
3079 3763 3126 3806 et
3172 3752 3424 3806 subtrahet
3447 3763 3495 3802 se
3515 3763 3540 3798 α
3563 3741 3760 3811 rogitatio-

2258 3851 2404 3903 nibus
2437 3863 2551 3918 qua:
2577 3857 2693 3902 sunt
2717 3849 2828 3900 siue
2855 3845 3114 3900 intellectu
3148 3845 3304 3916 (Sap.
3334 3861 3370 3908 ι,
3403 3841 3476 3909 5).
3510 3840 3754 3906 nugatori”

2258 3957 2326 3997 ne
2367 3942 2435 3996 ab
2467 3935 2814 4011 intelligentia
2851 3940 2985 4010 legis
3023 3939 3224 3992 divine
3261 3935 3533 4008 repellatur
3564 3931 3663 3984 sicut
3690 3926 3750 3973 iu-

2258 4042 2450 4111 diguus
2473 4081 2487 4105 ,
2521 4051 2577 4095 ut
2606 4053 2954 4110 agnoscamus
2993 4038 3129 4092 hanc
3170 4034 3552 4106 intelligentiam
3574 4041 3654 4082 non
3673 4037 3755 4074 tuc-

2257 4137 2386 4201 reri,
2421 4136 2521 4190 nisi
2548 4149 2643 4190 eos
2672 4135 2762 4204 qui
2795 4143 3094 4188 noscuntur
3123 4140 3240 4186 toto
3265 4129 3426 4186 corde
3451 4118 3692 4193 deprecari-

2333 4227 2484 4283 Vcrs.
2517 4223 2604 4279 Η.
2639 4223 2707 4278 1η
2737 4226 2888 4277 corde
2911 4237 3022 4276 meo
3047 4221 3288 4276 abscondi
3318 4218 3506 4289 eloquia
3526 4215 3759 4274 tus,stimtt

2210 4337 2218 4346 ·
2260 4333 2459 4389 peccem
2487 4319 2596 4371 tibi.
2629 4316 2762 4371 Cum
2793 4317 3035 4384 legamus
3060 4328 3228 4382 opera
3253 4310 3458 4366 Domini
3486 4319 3587 4362 esse
3610 4295 3758 4389 pri-tli-

2259 4387 2452 4474 canda,
2485 4409 2626 4465 sicut
2671 4409 2860 4462 Petrus
2905 4407 2959 4461 in
2993 4407 3218 4460 Actibus
3263 4401 3594 4472 apOLIOIOI'tmI
3631 4387 3754 4444 dicit:

2263 4503 2382 4556 Non
2410 4503 2546 4555 enim
2577 4515 2844 4568 possumus
2871 4514 2988 4570 qua
3011 4499 3232 4552 vidimus
3253 4506 3298 4550 et
3319 4492 3585 4549 audivimus
3607 4499 3684 4536 nos
3707 4477 3759 4528 lo-

565 4559 838 4666 l’atribus-
857 4560 958 4664 sibi
999 4561 1247 4666 traditam
1291 4560 1651 4664 disciplinain,
1695 4576 1800 4665 non
1847 4572 2026 4617 autem
2059 4564 2152 4666 (.ut
2187 4595 2230 4652 ο
2257 4597 2344 4666 qm-
2380 4595 2520 4665 (Λα.
2559 4559 2635 4659 l'v’
2660 4593 2783 4660 20);
2815 4559 2901 4645 hii.
2929 4590 3060 4644 dicit
3111 4592 3164 4642 δη
3191 4589 3340 4643 corde
3368 4599 3462 4640 suo
3495 4575 3662 4646 ιλοφιίι
3684 4569 3758 4622 Do-

567 4654 784 4726 quidaut
817 4653 1052 4724 iaciunt)
1080 4652 1258 4708 Studio
1306 4653 1678 4722 perversitatis
1726 4655 2020 4711 inventam.
2051 4653 2154 4708 Ju-

569 4749 706 4802 dicia
735 4761 864 4802 vero
881 4747 1103 4818 justitite
1135 4743 1230 4798 Dei
1265 4753 1410 4810 sunt,
1436 4744 1559 4814 quia
1601 4743 1829 4799 famulos
1860 4761 1988 4800 suos
2021 4745 2154 4802 libe-

569 4858 692 4900 rare
715 4841 966 4910 dignatur
993 4854 1024 4893 a
1051 4838 1312 4894 diabolica
1345 4839 1716 4906 persecutione
1747 4839 2080 4893 laborantes.

642 4955 796 5011 Vers.
823 4955 877 5009 8.
904 4952 1308 5022 Justiﬁcatioues
1334 4961 1450 5004 tuas
1475 4953 1764 5006 custodiam
1788 4968 1806 5006 :
1829 4969 1931 5006 non
1960 4970 2038 5006 me
2065 4954 2152 5007 de-

570 5049 831 5118 relinquas
851 5061 1227 5116 usquequaque.
1283 5043 1520 5098 Perfecta
1551 5056 1635 5099 est
1666 5049 1950 5116 propositae
1979 5047 2152 5101 beati~

551 5139 776 5196 auditus
814 5137 1008 5212 decora
1046 5135 1395 5191 constructio.
1425 5134 1563 5190 Petit
1601 5137 1742 5192 enim
1771 5153 1802 5190 a
1837 5137 2061 5191 Domino
2100 5147 2157 5192 ut

571 5228 1040 5304 iustiﬁcatiouibus
1077 5228 1351 5282 concessis
1399 5227 1648 5296 dignetur
1687 5227 1946 5282 devotum
1978 5242 2154 5297 pupu-

545 5323 686 5379 dum
706 5333 807 5375 suo
845 5331 1067 5371 munere
1091 5318 1384 5372 custodire.
1417 5316 1822 5388 Justiﬁcationes
1852 5320 1995 5373 enim
2028 5320 2154 5386 Quid

571 5407 904 5478 signiﬁcent,
927 5406 980 5460 in
1000 5413 1196 5476 quarto
1217 5420 1373 5459 versu
1388 5407 1662 5474 superiore
1676 5403 1789 5474 jam
1813 5407 2015 5461 dictum
2041 5418 2145 5462 est.

543 5533 548 5538 -
574 5498 905 5569 thuoniam
921 5505 1143 5553 noverat
1159 5496 1778 5552 tentatiouesdiabolicas
1790 5498 2024 5567 undique
2045 5499 2151 5554 cir-

575 5590 804 5654 cumire,
825 5597 886 5644 ut
901 5588 1094 5660 legitur
1116 5607 1128 5641 :
1160 5589 1502 5643 Adversarius
1522 5599 1685 5642 uester
1707 5589 1840 5642 sicut
1860 5587 1940 5642 leo
1958 5590 2145 5644 circuit

541 5725 550 5734 .
573 5695 813 5750 quarens
838 5695 986 5749 quem
1007 5679 1210 5733 devoret
1233 5679 1286 5750 (Ι
1320 5679 1459 5732 Pctr.
1491 5695 1543 5742 v,
1572 5679 1650 5748 8),
1670 5679 1804 5748 petit
1829 5694 1888 5733 se
1912 5693 2153 5748 quaqua-

545 5797 550 5816 ς
579 5785 768 5828 versus
813 5771 1048 5842 undique
1084 5770 1366 5826 custodiri.
1414 5783 1481 5822 ne
1519 5770 1687 5839 possit
1716 5769 1894 5827 locum
1921 5770 2151 5825 nocendi

2262 4688 2416 4755 tuini,
2458 4703 2522 4739 ne
2550 4693 2818 4754 peccaret,
2851 4683 3168 4737 abscondita.
3199 4682 3302 4736 Sel
3349 4685 3602 4740 utrumque
3625 4672 3757 4760 rcrttttt

2259 4788 2372 4844 est;
2406 4753 2529 4832 nam
2552 4753 2710 4832 rsicut
2738 4775 2893 4830 decet
2927 4776 3172 4831 ﬁdelibus
3216 4791 3276 4830 ea
3307 4776 3584 4841 opportune
3615 4753 3758 4829 prndi-

2155 4915 2166 4922 .
2259 4885 2408 4936 care,
2433 4869 2512 4924 sic
2553 4883 2658 4922 nou
2706 4869 3056 4922 credentibus
3081 4874 3288 4935 oportet
3321 4857 3637 4916 abscondere.
3659 4847 3758 4936 θὶειξι

2261 4965 2314 5019 in
2344 4964 2635 5033 Erangelio
2667 4962 2868 5016 dictum
2899 4977 3020 5016 est:
3056 4957 3143 5015 Nec
3157 4959 3399 5014 dederitis
3425 4959 3628 5008 sanctum
3660 4934 3757 4991 caui-

2247 5061 2376 5121 ’βων
2421 5071 2580 5124 neque
2629 5056 2864 5109 miseritis
2909 5055 3214 5124 margaritas
3263 5061 3445 5105 vestras
3486 5052 3588 5096 ante
3629 5041 3758 5104 parm

2259 5149 2440 5218 (Matt.
2475 5163 2566 5214 vu,
2599 5149 2680 5216 6).
2710 5148 2774 5201 Et
2802 5146 2939 5201 alius
2972 5149 3203 5214 psahuus
3231 5143 3356 5198 dicit
3385 5153 3400 5192 :
3435 5133 3576 5190 Potui
3595 5127 3667 5218 ori
3681 5131 3757 5172 meo

2260 5215 2542 5298 custodiant
2559 5259 2575 5305 ;
2594 5215 2713 5294 dum
2737 5241 2978 5295 consistit
2989 5237 3493 5308 peccator'uduersum
3519 5241 3600 5277 uie.
3617 5215 3756 5270 Obﬂl'

2259 5333 2356 5396 tui,
2379 5343 2426 5386 et
2452 5331 2746 5385 humiliatus
2771 5344 2904 5394 sum,
2937 5339 2986 5384 et
3019 5329 3140 5382 silui
3169 5345 3200 5380 a
3225 5326 3364 5378 bonis
3386 5314 3542 5389 (Prol.
3575 5311 3754 5396 surtu.

2259 5422 2348 5488 9.);
2379 5433 2434 5475 ut
2465 5421 2827 5490 intelligamus
2856 5420 3058 5489 peccati
3087 5432 3253 5486 genus
3280 5427 3395 5469 esse
3419 5399 3662 5463 obstinatis
3676 5390 3756 5490 clu-

2263 5483 2383 5580 quia
2418 5483 2986 5580 Dominivpratdicare.
3022 5483 3173 5565 Uti—de
3217 5516 3272 5562 et
3311 5503 3495 5560 Paulus
3536 5483 3754 5580 ειΡ⁰⁵¹⁰¹ξ¹³

2261 5601 2392 5657 dicit
2415 5601 2772 5657 illaratione:
2809 5612 2922 5673 post
2945 5603 3163 5672 primani
3191 5607 3238 5653 et
3269 5592 3521 5652 madeat
3540 5584 3756 5644 οοιτιΡ¹³⁰⁸

2261 5709 2375 5747 nem
2401 5694 2568 5748 devita
2596 5694 2725 5764 (Tit.
2751 5709 2828 5758 ut.
2861 5695 2984 5765 10),
3013 5703 3120 5750 etc.
3566 5769 3576 5772 _
3649 5760 3658 5772 .

2337 5783 2489 5840 γενέ.
2519 5757 3027 5853 Ιὶίυεηεάὶξιιιίέι,
3067 5783 3310 5840 Domine:
3335 5780 3452 5834 doce
3470 5787 3538 5827 me
3550 5757 3754 5842 justiti"
