4090 6346
294 236 387 293 811

1194 228 1549 290 exrosmo
1586 228 1649 283 IN
1690 225 2141 283 rsacrenmu.
2184 225 2377 282 PSAL.
2419 192 2655 285 cxvm.‘

3458 229 3562 284 84?.

293 322 449 408 tiones
480 362 615 408 tuas.
644 351 720 407 Ne
756 349 949 423 aliquis
979 349 1335 407 eruditionem
1368 358 1608 405 sanctam
1642 346 1871 419 propriis
1901 350 1945 404 Α
1975 343 2188 397 culmen
2210 341 2411 398 oblivio
2443 340 2673 423 nefanda
2701 338 3025 396 destrueret.
3071 338 3316 393 Meditari
3338 340 3480 395 enim
3504 356 3564 394 se

291 447 491 501 viribus
511 446 820 516 applicaret,
856 446 1154 513 praemittit,
1184 443 1498 499 Benedictus
1520 459 1594 507 es,
1629 439 1870 507 Domine,

292 536 344 594 id
371 546 476 606 est,
507 538 598 608 qui
622 538 785 608 gratis
817 545 1037 607 praestas
1064 555 1076 589 :
1102 538 1224 607 quia
1256 537 1308 591 in
1332 536 1553 591 homine
1585 549 1690 590 non
1723 543 1875 602 potes

292 633 533 690 invenire
559 632 698 702 quod
730 633 917 703 eligas.
945 633 1052 689 Sed
1076 633 1161 688 bie
1189 633 1642 698 benedictionem,
1663 630 1875 686 laudem

294 722 553 792 signiﬁcat
581 723 823 788 Domini;
847 739 971 777 nam
998 738 1119 778 cum
1152 738 1251 778 nos
1281 723 1449 779 Deum
1481 722 1875 789 benedicimus,

292 813 406 884 ejus
436 814 577 869 facta
605 814 913 879 laudanus;
943 830 1065 871 cum
1098 816 1186 871 ille
1215 816 1507 882 benedicit,
1545 831 1645 870 nos
1673 816 1878 870 sancti-

293 904 455 961 ﬁcare
482 905 749 976 dignatur.
769 906 1044 977 Sequitur,
1069 907 1194 961 doce
1222 925 1300 961 me
1314 908 1714 980 justiﬁcationes
1743 917 1875 961 tuas.

293 998 424 1053 Cum
455 1000 699 1067 superius
730 999 943 1065 dixerit,
972 998 1038 1054 In
1064 1000 1217 1055 corde
1256 1016 1367 1054 meo
1398 1001 1641 1055 abscondi
1677 1002 1879 1067 eloquia

294 1101 404 1156 tua,
442 1104 584 1145 nunc
628 1089 779 1157 dicit,
824 1092 948 1145 doce
994 1107 1073 1146 me
1091 1092 1490 1163 justiﬁcationes
1541 1101 1678 1157 tuas,
1727 1091 1880 1163 quasi

295 1181 425 1236 nihil
450 1189 573 1237 ante
600 1182 868 1238 didicerit.
887 1182 1081 1238 Verum
1106 1191 1308 1239 sanetae
1336 1182 1734 1253 congregationi
1766 1197 1882 1236 esu-

295 1273 456 1327 rienti
498 1272 808 1343 sitientique
832 1274 1094 1344 justitiam
1123 1290 1230 1330 non
1272 1274 1473 1330 sufﬁcit
1497 1275 1745 1330 mandata
1776 1274 1883 1329 Do-

294 1365 426 1420 mini
456 1365 620 1421 verbo
652 1366 936 1432 didicisse;
964 1368 1058 1422 sed
1088 1368 1305 1437 petebat
1331 1374 1389 1422 ut
1416 1382 1477 1423 ea
1503 1368 1657 1421 factis
1684 1367 1883 1436 pomis-

293 1466 379 1512 set
422 1456 729 1524 ostendere,
763 1457 852 1512 ubi
900 1466 1125 1513 noverat
1159 1459 1549 1529 plenitudinem
1596 1473 1654 1514 se
1694 1457 1884 1529 gratiae

293 1549 556 1617 reperire.
601 1549 806 1604 Dicitur
834 1565 983 1620 ergo,
1015 1551 1141 1604 doce
1180 1566 1260 1603 me
1287 1552 1687 1623 justiﬁcationes
1728 1561 1840 1604 tuas
1865 1565 1884 1603 :

296 1640 404 1696 hoc
431 1649 537 1703 est,
568 1649 764 1709 praesta
793 1656 880 1698 me
906 1641 1086 1698 facere
1114 1643 1256 1699 unde
1295 1641 1500 1698 electos
1544 1651 1663 1698 tuos
1687 1640 1885 1711 justiﬁ-

294 1748 423 1788 care
451 1734 745 1789 consuesti.

373 1824 524 1880 νει-ς.
556 1823 640 1877 15.
669 1823 739 1879 In
771 1824 920 1880 labiis
955 1826 1078 1882 meis
1117 1828 1444 1897 pronuntiavi
1477 1829 1651 1882 omnia
1669 1827 1875 1901 judicia

295 1916 403 1969 oris
440 1916 534 1970 tui.
574 1914 783 1973 Chorus
812 1918 904 1973 ille
938 1930 1245 1975 sanctorum
1277 1921 1634 1990 pronuntiasse
1657 1935 1717 1975 se
1743 1919 1876 1975 dicit

297 2008 495 2077 iudicia
525 2008 627 2063 oris
669 2010 898 2077 Domini,
941 2027 1062 2081 quae
1103 2013 1313 2068 locutus
1341 2004 1425 2069 esi.
1467 2029 1561 2083 per
1592 2015 1885 2083 prophetas

295 2108 352 2153 et
378 2100 651 2166 apostolos
678 2116 827 2168 suos,
858 2104 1074 2171 quando
1102 2119 1164 2160 ea
1189 2104 1341 2159 labiis
1360 2106 1473 2159 suis
1506 2106 1799 2172 recensuit,
1832 2116 1886 2161 et

300 2190 503 2259 populo
550 2192 881 2260 praedicavit.
936 2194 1125 2247 Omnia
1166 2196 1403 2264 judicia,
1456 2196 1722 2266 signiﬁcat
1769 2212 1886 2267 qua:

298 2280 502 2348 scripta
530 2281 615 2336 vel
641 2282 779 2337 dicta
808 2291 952 2338 sunt.
972 2282 1238 2338 Cteterum
1260 2268 1641 2341 universaliter
1667 2301 1772 2340 non
1798 2301 1889 2355 po-

299 2379 411 2425 test
436 2373 807 2441 pronuntiare,
840 2373 980 2443 quod
1013 2374 1156 2429 nulla
1186 2375 1369 2431 notitia
1414 2376 1667 2445 prmvalet
1698 2392 1890 2447 appre-

295 2458 491 2528 hendi,
519 2463 656 2516 sicut
686 2463 738 2517 in
760 2464 870 2519 alio
900 2465 1108 2535 psalmo
1141 2466 1344 2521 dictum
1390 2472 1515 2521 est:
1549 2466 1762 2521 Judicia
1803 2478 1892 2521 tua

287 2549 520 2622 abyssus
544 2552 707 2606 multa
738 2553 910 2623 (Psal.
944 2572 1108 2621 xxxv,
1143 2558 1218 2625 7).
1243 2556 1529 2626 Apostolus
1559 2572 1771 2627 quoque
1814 2567 1895 2614 te-

289 2658 317 2696 s
334 2649 481 2696 tatur
505 2659 521 2694 :
551 2641 596 2696 0
616 2644 832 2697 altitudo
853 2644 1146 2699 divitiarum
1174 2646 1435 2714 sapientia:
1454 2656 1501 2700 et
1526 2649 1748 2702 scicntia:
1777 2648 1891 2715 Dei,

290 2749 466 2802 quam
502 2733 854 2789 inscrutabilia
891 2747 1009 2793 sunt
1030 2738 1233 2809 judicia
1271 2742 1409 2812 ejus,
1438 2751 1486 2794 et
1523 2740 1895 2813 investigabiles

290 2826 407 2880 uice
432 2826 596 2897 ipsius
624 2826 799 2896 (Rom.
828 2844 902 2896 xt,
935 2827 1055 2901 53)!
1092 2831 1158 2885 Et
1186 2831 1299 2901 ipse
1326 2833 1574 2902 passione
1612 2834 1787 2889 vicina
1816 2832 1896 2888 di-

292 2916 388 2973 cit
412 2919 701 2988 apostolis:
729 2920 852 2974 Non
879 2923 1049 2976 omnia
1070 2923 1179 2977 dixi
1201 2925 1360 2980 vobis.
1386 2925 1724 2996 Quapropter
1754 2926 1892 2997 ﬁgu-

292 3008 499 3065 raliter
528 3025 623 3081 pro
662 3020 811 3082 parte
842 3014 1054 3070 dicitur
1097 3024 1288 3083 totum,
1320 3019 1462 3089 quod
1502 3020 1558 3075 in
1605 3020 1898 3092 Scripturis

295 3103 510 3160 divinis
540 3106 851 3174 frequenter
878 3116 1089 3164 constat
1117 3110 1383 3166 effectum.

385 3194 543 3251 Vers.
588 3196 676 3251 14.
710 3196 776 3252 1η
798 3200 881 3253 via
927 3200 1334 3257 testimoniorum
1376 3213 1580 3259 tuorum
1618 3207 1896 3262 delectatus

295 3302 446 3349 sum,
470 3286 599 3340 sicut
637 3289 693 3342 in
731 3291 964 3344 omnibus
994 3291 1208 3347 divitiis.
1240 3290 1339 3347 Via
1367 3296 1771 3351 testimoniorum
1814 3308 1898 3354 est

297 3375 573 3432 Dominus
601 3376 870 3448 Christus,
899 3383 1149 3453 quoniam
1181 3383 1249 3437 de
1280 3384 1397 3453 ipso
1427 3386 1696 3456 loquentia
1725 3388 1790 3443 ad
1818 3388 1892 3457 ip.

296 3483 433 3523 sum
459 3469 660 3525 ducunt
688 3492 702 3528 :
726 3472 808 3527 via
835 3485 1001 3537 certa,
1034 3476 1138 3531 iter
1166 3477 1513 3548 infatigabile,
1557 3487 1898 3547 quaestuosus

298 3558 491 3625 labor,
518 3560 605 3615 ubi
633 3563 877 3632 quisquis
907 3568 1231 3631 pervenerit,
1270 3569 1721 3624 inaestimabilium
1760 3569 1901 3623 divi-

302 3652 510 3706 tiarum
558 3652 912 3710 delectatione
960 3658 1245 3716 mulcetur.
1279 3660 1347 3714 Et
1392 3662 1707 3716 intuendum
1756 3662 1899 3731 quod

204 3732 225 3743 ’
306 3742 580 3810 sequitur,
611 3744 741 3797 sicut
779 3745 833 3798 in
861 3746 1095 3801 omnibus
1121 3748 1333 3803 divitiis.
1363 3750 1456 3805 llic
1486 3751 1707 3815 divitias,
1741 3752 1901 3820 spiri-

308 3835 492 3889 tuales
535 3836 790 3892 debemus
836 3840 1100 3909 accipere,
1134 3841 1199 3896 de
1235 3843 1427 3910 quibus
1460 3844 1749 3913 Apostolus
1780 3843 1895 3898 ait:

310 3928 575 3996 Quoniam
604 3930 656 3982 in
688 3931 918 3984 omnibus
940 3932 1117 3985 dixites
1144 3934 1271 4002 [acti
1298 3936 1417 3987 estis
1444 3935 1496 3987 in
1528 3935 1658 4003 ipso,
1684 3936 1733 3987 in
1760 3934 1898 3987 omni

308 4018 466 4073 verba
486 4028 534 4073 et
552 4018 606 4073 in
629 4021 767 4074 omni
786 4022 1021 4086 scientia,
1038 4022 1169 4075 sicut
1198 4023 1543 4076 testimonium
1566 4023 1753 4077 Christi
1778 4040 1901 4077 con-

308 4111 577 4181 ﬁrmatum
600 4122 671 4165 est
697 4114 748 4165 in
780 4112 918 4166 vobis
943 4110 997 4184 (I
1019 4111 1139 4168 Cor.
1168 4128 1204 4175 ι,
1232 4112 1287 4179 ii,
1312 4113 1390 4183 6).
1410 4113 1673 4169 Caeterum
1704 4113 1900 4169 cohors

308 4208 507 4255 sancta
557 4204 841 4258 saecularcs
896 4204 1111 4259 divitias
1169 4220 1275 4259 non
1327 4210 1535 4271 poterat
1581 4206 1900 4261 testimoniis

307 4292 532 4347 Domini
563 4307 895 4362 comparare,
941 4310 1073 4366 quas
1104 4295 1217 4366 ipsa
1263 4296 1413 4351 velut
1464 4296 1652 4352 sordes
1695 4298 1899 4368 aliquas

307 4384 665 4455 cognoscitur
691 4384 978 4454 abjecisse.

1980 433 2108 488 dicit
2140 434 2541 504 justiﬁcationes
2584 418 2813 497 Domini,
2848 446 2917 487 ne
2948 430 3114 500 possit
3142 432 3282 499 quod
3330 432 3564 488 retinere

1979 543 2042 580 ex
2053 527 2183 596 petit
2199 526 2459 581 oblivisci.
2477 525 2708 580 Noverat
2728 526 2868 580 enim
2888 540 2992 596 quo
3009 525 3137 579 vitio
3164 540 3316 580 meus
3333 525 3562 580 humana

1981 626 2351 688 premeretur,
2394 624 2447 672 et
2494 626 2681 672 contra
2720 617 2824 671 hoc
2871 616 3128 671 auxilium
3174 617 3392 687 reperit,
3424 621 3565 671 unde

1982 710 2181 765 oblivio
2228 709 2467 764 violenta
2516 708 2791 765 debuisset
2829 708 3068 764 excludi.
3113 708 3340 777 Respice
3381 724 3567 778 quent-

1979 799 2268 855 admodum
2321 799 2549 855 diversis
2592 800 2769 855 causis
2826 803 3040 869 propria
3081 798 3244 852 verba
3274 798 3566 869 subjuneza

1982 902 2126 947 sunt.
2160 892 2213 946 lu
2246 892 2511 962 superiori
2543 892 2741 961 quippe
2792 905 2970 956 versu,
3001 890 3051 945 id
3091 899 3190 955 est,
3219 889 3284 943 In
3314 891 3569 944 mandatis

1982 986 2082 1039 tuis
2104 985 2394 1053 exercebar,
2419 983 2553 1039 dixit
2577 1001 2592 1039 :
2616 984 2705 1039 ubi
2728 991 2879 1053 parte
2899 998 3034 1053 opus
3055 991 3136 1037 est
3157 983 3346 1037 actuali
3368 997 3384 1048 ;
3417 998 3569 1036 man-

1983 1079 2114 1133 data
2156 1078 2299 1132 enim
2330 1086 2454 1132 sunt
2484 1077 2694 1131 Domini
2726 1089 2743 1130 :
2776 1073 2900 1130 Non
2939 1075 3286 1142 mcecltaberis,
3316 1073 3437 1128 Non
3466 1073 3570 1142 [αι-

1982 1188 2094 1225 sum
2125 1171 2470 1225 testimonium
2498 1170 2635 1223 dices
2677 1168 2870 1241 (Exod.
2910 1185 2999 1234 xx,
3036 1167 3121 1233 11,
3153 1168 3275 1235 16),
3303 1175 3410 1221 etc.
3444 1166 3571 1220 llam

1983 1263 2126 1319 enim
2158 1263 2398 1329 oportuit
2427 1277 2529 1315 non
2560 1266 2766 1315 tantum
2799 1262 3006 1324 audire,
3038 1260 3133 1315 sed
3182 1260 3384 1325 facere;
3418 1261 3567 1314 ideo~

1984 1373 2087 1427 que
2119 1356 2315 1425 posuit,
2343 1355 2611 1410 exercebar
2633 1369 2650 1406 :
2676 1353 2762 1409 hic
2790 1364 2965 1409 autem
2994 1353 3144 1418 dicit,
3168 1354 3572 1425 justi/icationes

1986 1447 2291 1500 meditabor.
2315 1443 2722 1512 Justiﬂcationes
2746 1444 2942 1512 quippe
2968 1444 3124 1497 dicta:
3146 1452 3270 1497 sunt
3299 1443 3457 1513 (sicut
3485 1458 3573 1498 suo

1985 1540 2168 1610 perius
2208 1536 2509 1607 expositum
2542 1536 2679 1604 est),
2727 1536 3007 1589 Hebraeum
3040 1549 3261 1605 puerum
3309 1550 3414 1590 non
3454 1550 3541 1590 aio

1989 1634 2126 1703 plius
2153 1646 2311 1702 quam
2341 1647 2436 1686 sex
2471 1630 2629 1685 anuis
2675 1629 2875 1685 debere
2906 1627 3133 1692 εει·ιίη),
3164 1625 3230 1680 ad
3261 1624 3573 1695 signiﬁcan-

1914 1727 1962 1787 B
1989 1725 2115 1780 tiam
2143 1724 2285 1779 beati
2315 1722 2519 1793 populi,
2549 1722 2639 1792 qui
2668 1721 2721 1775 in
2748 1719 2852 1773 hoc
2882 1718 3081 1773 saeculo
3104 1716 3287 1780 servit,
3321 1727 3375 1770 ut
3407 1717 3458 1771 in
3485 1717 3573 1771 illa

1987 1813 2385 1870 resurrectione
2426 1828 2457 1867 a
2496 1821 2685 1867 cuncta
2735 1810 3085 1864 obnoxictate
3138 1808 3414 1889 liberetur.
3457 1807 3570 1863 Hoc

1989 1906 2123 1975 ergo
2144 1904 2267 1974 qttia
2317 1901 2415 1958 fuit
2444 1902 2495 1957 in
2536 1902 2823 1971 aenigmate
2862 1900 3240 1963 constitutum,
3265 1899 3572 1966 meditabor,

1990 1995 2143 2061 dixit,
2176 2004 2235 2050 ut
2264 1994 2516 2065 frequens
2539 1992 2751 2047 iteratio
2781 1991 3109 2046 intellectum
3140 1990 3330 2045 futura:
3359 1990 3435 2044 rei
3466 1989 3579 2045 evi-

1989 2087 2202 2143 dentius
2233 2088 2490 2155 aperiret.

2063 2186 2217 2241 Vers.
2244 2187 2329 2241 17.
2346 2202 2503 2240 —lll.
2532 2185 2725 2239 GtucL.
2758 2184 2997 2239 Retribue
3019 2200 3159 2238 servo
3185 2193 3293 2249 tuo,
3318 2184 3504 2248 vivam,
3529 2192 3580 2237 et

1992 2278 2277 2331 custodiam
2320 2292 2577 2331 sermones
2612 2286 2745 2329 tuos.
2785 2276 2939 2330 Venit
2966 2276 3031 2329 ad
3063 2274 3275 2330 tertiam
3322 2274 3578 2342 litterato,

1995 2368 2048 2421 in
2073 2382 2176 2437 qua
2209 2368 2499 2422 humanam
2540 2367 2885 2437 indigentiam
2926 2368 3237 2434 conﬁtetur,
3269 2378 3323 2423 et
3352 2368 3581 2439 gratiam

1995 2458 2204 2513 Domini
2242 2474 2336 2527 per
2352 2469 2544 2513 cuncta
2566 2457 2926 2513 commendat.
2953 2459 3261 2526 lnercpatos
3282 2460 3476 2516 asserit
3495 2474 3583 2515 su-

1996 2547 2317 2618 perbos,qui
2340 2547 2745 2603 ﬁdelesDomiui
2780 2547 2976 2618 iniquis
2998 2549 3233 2604 motibus
3262 2546 3599 2620 persequun€

1999 2650 2104 2693 tur.
2139 2640 2377 2694 Retribue
2419 2640 2681 2709 siquidem
2712 2639 2859 2705 dicit,
2890 2655 2996 2694 non
3024 2640 3229 2696 meritis
3266 2641 3455 2707 redde,
3487 2640 3586 2699 sed

2000 2730 2190 2784 iterum
2233 2730 2319 2794 da,
2352 2738 2408 2785 ut
2446 2732 2535 2800 qui
2566 2731 2863 2800 praestitisti
2897 2730 3170 2801 petitionis
3200 2732 3475 2799 allectum,
3506 2735 3587 2789 ef-

2000 2822 2197 2877 fectum
2222 2836 2432 2890 quoque
2455 2822 2833 2890 postulationis
2863 2823 3147 2878 attribuas.
3176 2823 3417 2894 Denique
3441 2824 3584 2880 hunc

1999 2928 2216 2968 sensum
2264 2912 2501 2969 declarat
2538 2929 2716 2968 sermo
2748 2916 3062 2984 subjunctus
3091 2929 3212 2969 cum
3237 2915 3394 2983 dicit,
3446 2933 3589 2972 servo

1999 3021 2115 3060 suo.
2139 3005 2329 3061 Servus
2350 3006 2492 3061 enim
2520 3004 2721 3061 Christi
2744 3007 2846 3062 diei
2878 3022 2981 3062 non
3008 3016 3208 3078 potest,
3235 3009 3334 3064 nisi
3363 3009 3451 3079 qui
3480 3024 3587 3065 non

1927 3114 1973 3179 ρ
2005 3098 2117 3153 suis
2165 3097 2393 3163 meritis,
2421 3096 2517 3153 sed
2561 3096 2756 3154 divinae
2798 3100 2983 3170 gratiae
3027 3108 3242 3170 reputat
3281 3101 3420 3171 quod
3464 3102 3588 3157 boni

2002 3189 2204 3259 aliquid
2237 3188 2427 3245 fecisse
2455 3193 2816 3261 cognoscitur.
2851 3191 3063 3247 Domini
3109 3203 3284 3249 autem
3316 3195 3591 3251 custodire

2001 3281 2276 3348 mandata,
2305 3297 2492 3337 revera
2521 3283 2751 3339 viventis
2782 3293 2893 3338 est:
2915 3284 3075 3356 ἀοι
3107 3295 3319 3352 contra,
3349 3296 3590 3341 mortuus

1996 3381 2119 3447 Jure
2165 3377 2382 3446 dicitur,
2432 3377 2521 3446 qui
2572 3377 2888 3434 inobediens
2941 3378 3295 3449 approbatur,
3349 3380 3488 3434 sicut
3538 3380 3591 3433 in

2006 3469 2292 3539 Evangelia
2314 3468 2380 3524 de
2409 3468 2714 3523 inﬁdelibus
2741 3470 2934 3539 legitur
2968 3486 2981 3523 :
3015 3471 3141 3526 Sine
3184 3483 3407 3525 mortuos
3444 3488 3589 3541 sepe-

2004 3564 2099 3618 lire
2120 3573 2345 3618 mortuos
2372 3580 2495 3618 suos
2514 3562 2662 3636 (Luc.
2689 3580 2762 3629 ιχ,
2781 3564 2889 3630 60).
2916 3564 3157 3632 Sepelire
3185 3566 3327 3619 enim
3348 3574 3590 3621 mortuos

2002 3653 2294 3708 viventium
2344 3661 2492 3719 erat;
2524 3654 2617 3709 sed
2647 3655 2771 3723 quia
2801 3653 3045 3708 infideles
3072 3654 3408 3721 videbantur,
3444 3652 3613 3710 rectc‘

2003 3754 2243 3801 mortuos
2288 3747 2583 3816 appellatos
2632 3761 2753 3801 esse
2807 3748 3200 3816 cognoscimus.
3247 3748 3311 3802 Et
3361 3748 3585 3804 adverte

2001 3836 2393 3892 confessionem
2417 3846 2679 3903 sanctam;
2698 3838 2775 3891 sic
2801 3852 2859 3891 se
2876 3838 3135 3906 judicavit
3157 3852 3276 3892 esse
3299 3839 3588 3904 victurum,

2001 3924 2042 3977 si
2076 3925 2333 3992 potuisset
2354 3924 2563 3977 Domini
2588 3926 2845 3978 custodire
2880 3942 3182 3979 sermones:
3214 3928 3425 3993 merito,
3455 3943 3590 3999 quo-

2005 4021 2146 4075 uiam
2177 4022 2267 4092 qui
2298 4036 2392 4077 eos
2416 4024 2637 4075 custodit
2670 4024 2735 4075 ab
2765 4024 2895 4092 ipsis
2922 4025 3037 4078 sine
3068 4024 3228 4078 dubio
3258 4026 3592 4093 custoditur,

2002 4120 2057 4167 et
2085 4128 2234 4167 mors
2261 4113 2314 4168 ei
2346 4129 2449 4167 non
2483 4113 2861 4181 dominabitur,
2895 4130 3014 4185 quae
3042 4115 3094 4170 in
3124 4117 3404 4186 impiorum
3430 4119 3593 4190 depo~

2004 4204 2271 4281 pulatione
2299 4212 2600 4273 grissatur.

2014 4316 2021 4327 ‘
2073 4303 2227 4358 Vers.
2258 4305 2340 4359 18.
2378 4303 2562 4358 Revela
2594 4304 2771 4360 oculos
2801 4324 2960 4377 meos,
2986 4317 3033 4363 et
3063 4310 3398 4367 considerabo
3428 4313 3590 4367 mira-

2004 4394 2128 4449 bilia
2157 4396 2220 4449 de
2244 4397 2351 4467 lege
2371 4405 2480 4451 tua.
2511 4399 2567 4453 In
2599 4397 2702 4453 hoc
2729 4415 2888 4456 versu
2920 4402 3201 4457 inﬁrmitas
3227 4404 3592 4471 humanitatis.

393 4475 547 4531 Vers.
582 4475 666 4532 15.
698 4477 766 4531 1η
786 4480 1042 4532 mandatis
1072 4480 1172 4533 tuis
1193 4480 1482 4545 exercebar,
1506 4490 1550 4533 et
1574 4482 1899 4537 considerabo
1931 4490 1977 4548 l)
2004 4492 2059 4541 et
2087 4487 2402 4543 beneficium
2433 4503 2680 4560 superna:
2704 4492 3000 4562 maiestatis
3030 4495 3333 4563 exponitur.
3350 4496 3594 4554 Revetars

309 4571 426 4623 vias
462 4578 595 4624 tuas.
619 4568 1010 4626 Ecelesiasticze
1037 4571 1332 4641 disciplina:
1354 4572 1486 4627 ordo
1512 4585 1757 4628 servatus
1796 4582 1901 4635 est.

310 4660 481 4715 Prius
505 4661 646 4715 enim
678 4662 796 4727 fuit,
830 4670 890 4717 ut
917 4677 1263 4719 exerceretur
1292 4664 1346 4719 in
1386 4665 1651 4719 mandatis
1682 4666 1900 4721 divinis.

310 4750 374 4806 id
401 4759 509 4819 est,
537 4750 799 4823 frequenti
829 4756 1142 4823 operatione
1173 4772 1327 4811 usum
1360 4771 1540 4812 rerum
1575 4758 1903 4813 necessaria-

311 4858 445 4898 rum
495 4844 711 4899 assiduo
754 4844 937 4903 labore
964 4861 1241 4917 peragere,
1274 4856 1341 4903 et
1370 4849 1447 4902 sic
1491 4848 1556 4902 ad
1604 4848 1905 4903 intellectus

312 4935 445 5005 ejus
482 4938 775 5005 penetralia
804 4941 1104 5008 pervenire.
1136 4939 1307 4995 Nemo
1337 4943 1479 4995 enim
1521 4949 1759 4996 meretur
1793 4950 1908 4995 tan-

313 5036 439 5082 tum
466 5039 733 5084 secretum
754 5030 1091 5097 conSpicere,
1120 5031 1222 5085 nisi
1254 5034 1339 5085 cui
1361 5032 1542 5086 datum
1576 5032 1735 5088 fuerit
1762 5033 1902 5088 bona

312 5121 734 5176 conversatione
754 5121 1059 5176 caelestibus
1084 5136 1142 5176 se
1174 5122 1445 5177 beneﬁciis
1476 5124 1803 5189 proximare.
1839 5125 1908 5179 Et

316 5220 455 5267 nata
481 5213 620 5281 quod
652 5214 963 5268 exercitatio
992 5213 1046 5267 in
1068 5212 1355 5283 Scripturis
1383 5213 1575 5269 divinis
1596 5215 1907 5285 plerumque

316 5301 384 5356 in
418 5299 560 5355 bono
586 5304 819 5370 ponitur.

402 5390 557 5447 Vers.
594 5394 680 5448 16.
713 5394 780 5448 In
823 5396 923 5448 tuis
966 5396 1417 5465 iustiﬁcationibus
1460 5399 1775 5466 medi'abor,
1805 5418 1906 5455 non

318 5482 601 5538 obliviscar
642 5502 900 5540 sermones
947 5498 1082 5542 tuos.
1112 5489 1322 5545 Oblivio
1363 5505 1466 5544 non
1517 5503 1706 5546 natura
1755 5493 1908 5549 nobis

318 5575 500 5642 venit,
531 5579 625 5633 svd
653 5579 719 5633 ab
748 5580 1021 5649 originalis
1053 5582 1254 5651 peccati
1277 5583 1587 5639 inﬁrmitate
1608 5584 1905 5643 descendit.

313 5662 469 5720 Huic
492 5669 796 5725 rcmedialis
835 5672 1075 5738 opposita
1103 5683 1185 5730 est
1210 5675 1505 5745 meditatio,
1537 5692 1604 5733 ne
1634 5677 1905 5736 memoria:

612 5782 885 5846 PATROL.
936 5786 1122 5849 LXX.

2006 4579 2146 4633 enim
2196 4579 2396 4635 dictum
2435 4588 2539 4649 est,
2582 4597 2861 4638 removere
2907 4584 3106 4639 velum.
3152 4585 3396 4651 Quodam
3446 4588 3594 4645 enim

2007 4670 2342 4737 operimento
2373 4670 2687 4739 ignorantia:
2741 4671 2965 4726 interior
2992 4682 3241 4742 aspectus
3266 4675 3551 4731 obducitur
3576 4698 3592 4743 ;

2008 4768 2064 4815 et
2092 4760 2195 4814 nisi
2225 4761 2591 4815 misericordia
2636 4762 2805 4829 ipsius
2840 4762 2997 4817 fuerit
3040 4764 3139 4818 hoc
3179 4765 3420 4820 velamen
3447 4767 3595 4820 abla-

2013 4866 2146 4917 tum,
2170 4855 2221 4911 S.
2244 4857 2478 4925 ripturas
2502 4865 2717 4911 sanctas
2744 4857 2943 4912 lumine
2973 4858 3149 4913 cordis
3175 4872 3280 4913 non
3311 4873 3596 4928 possumus

2016 4948 2234 5003 intueri.
2266 4948 2403 5003 Petit
2430 4964 2556 5018 ergo
2588 4950 2785 5005 auferri
2817 4951 2917 5005 sibi
2957 4951 3234 5022 imperitiae
3275 4953 3592 5020 caecitatem,

2014 5044 2071 5095 ut
2092 5040 2421 5095 illvminatus
2460 5045 2629 5111 gratia
2658 5043 2835 5098 dixina
2864 5052 3024 5111 queat
3054 5043 3258 5099 Domini
3281 5044 3465 5101 videre
3488 5048 3592 5102 mi-

2014 5135 2213 5186 racula.
2246 5132 2376 5199 Qua:
2404 5142 2529 5187 sunt
2557 5143 2733 5187 autem
2783 5135 2880 5188 ista
2920 5134 3175 5190 miracula
3207 5136 3321 5206 ipse
3370 5144 3596 5194 testatur

2013 5223 2218 5287 dicens,
2250 5225 2315 5277 de
2352 5225 2458 5294 lege
2480 5233 2584 5278 tua.
2616 5224 2870 5295 Superius
2899 5227 3130 5284 diximus
3158 5230 3316 5301 legem
3347 5232 3594 5291 umbram

2012 5311 2177 5368 fuisse
2206 5313 2528 5380 futurorum,
2559 5332 2677 5386 qum
2706 5317 3116 5385 significantiam
3148 5331 3384 5378 venturae
3418 5325 3593 5393 pleni-

2012 5406 2208 5462 tudinis
2233 5406 2559 5463 continebat.
2579 5409 2953 5465 lmmolabatur
2967 5413 3160 5483 quippe
3184 5414 3420 5484 paschali
3445 5416 3596 5473 festi-

2012 5501 2173 5555 vitate
2214 5516 2382 5570 agnus
2421 5503 2811 5569 immaculatus,
2841 5506 2932 5574 qui
2978 5505 3250 5563 Christum
3301 5509 3590 5566 Dominum

2012 5591 2345 5660 significabat
2380 5588 2585 5646 'oecidi.
2621 5591 2887 5651 Sacerdos
2933 5604 3083 5654 veste
3132 5599 3489 5668 pulcherrima
3537 5610 3592 5658 et

2011 5685 2327 5742 coruscabili
2356 5686 2663 5758 tegebatur,
2696 5699 2752 5745 ut
2775 5688 2937 5747 futuri
2969 5691 3242 5751 Pontiﬁcis
3273 5703 3325 5752 et
3352 5694 3587 5751 caelestis

3080 5803 3151 5865 27
