4032 6340
509 344 605 396 843

1734 337 1804 392 Μ.
1845 335 2122 394 AURELII
2162 333 2563 391 CASSIODOlll

3683 329 3796 426 ων

505 455 880 528 ltegisindicia
909 453 1201 508 nuntiaret.
1229 449 1614 506 Promissiones
1637 465 1851 522 quoque
1875 451 2082 506 Domini
2191 449 2446 505 turnitate
2499 463 2758 520 crepare,
2805 459 2859 507 et
2901 452 2953 508 in
3001 451 3270 508 mordacis
3317 451 3460 506 dicta
3508 427 3788 520 prosilire;

509 551 744 616 fuerunt,
771 558 828 602 ut
866 546 1184 602 isracliticus
1212 544 1436 613 populus
1466 543 1516 598 in
1546 553 1744 600 terram
1775 545 2089 616 perducere-

506 653 592 696 tur
617 641 869 696 fluentem
900 641 976 692 lac
1006 648 1059 691 et
1085 636 1209 702 mel,
1229 634 1370 704 quod
1396 635 1460 688 ad
1487 635 1617 690 illud
1646 635 1884 691 futurum
1915 651 2090 692 saecu-

507 737 616 790 lum
647 733 916 802 pertinere
945 744 1049 784 non
1078 728 1297 782 dubium
1329 737 1432 794 est,
1467 728 1557 783 ubi
1588 743 1814 784 summa:
1857 729 2091 786 beatitu-

503 824 644 879 dinis
675 822 868 894 gaudia
903 820 1118 890 copiosa
1148 818 1480 874 dulcescunt.
1509 819 1682 890 Rogat
1709 835 1840 892 ergo
1863 821 2092 892 populus

509 917 600 970 ille
620 911 950 977 sanctorum,
970 922 1026 967 ut
1047 913 1285 967 revelato
1313 912 1477 967 corde
1503 913 1603 967 ista
1631 913 1958 979 coasideret,
1974 929 2092 983 qua:

506 1005 828 1076 superducto
849 1004 1113 1058 velamine
1140 1019 1245 1058 non
1278 1011 1486 1072 poterat
1517 1004 1732 1058 intueri.

581 1097 736 1152 Vera.
769 1096 856 1151 19.
890 1093 1071 1150 Incola
1094 1111 1186 1165 ego
1211 1112 1321 1148 sum
1342 1095 1482 1163 apud
1512 1105 1558 1150 le
1580 1095 1632 1149 in
1661 1105 1946 1150 terramon
1973 1096 2092 1151 abs-

509 1189 699 1244 condas
730 1205 761 1242 α
791 1204 870 1240 me
897 1186 1138 1240 mandata
1169 1195 1280 1239 tua.
1319 1186 1375 1240 In
1407 1185 1509 1240 hac
1540 1195 1682 1241 terra
1707 1185 1839 1256 justi
1865 1196 1992 1240 sunt
2018 1187 2094 1241 in-

506 1281 756 1351 τοίω,αυί
781 1280 1050 1350 propriam
1077 1281 1129 1334 in
1155 1278 1355 1333 mundo
1374 1293 1479 1333 non
1505 1277 1705 1333 habent
1729 1279 2091 1345 mansionem;

505 1392 731 1447 corpore
751 1378 872 1447 siqu
897 1376 1016 1430 dem
1044 1375 1096 1430 in
1131 1386 1274 1430 terra
1300 1374 1460 1445 positi
1485 1374 1698 1439 sunt,in
1727 1372 1883 1429 caelis
1911 1382 2090 1427 autem

509 1468 766 1535 probabili
809 1468 1216 1522 conversatione
1259 1466 1579 1529 consistunt,
1609 1465 1751 1520 sicut
1801 1465 2095 1534 Apostolus

508 1561 668 1616 dicit:
687 1558 1010 1614 Conversatio
1038 1568 1206 1612 autem
1230 1566 1404 1612 nostra
1424 1557 1477 1611 in
1503 1558 1642 1612 chlis
1667 1567 1741 1611 est
1759 1556 1984 1628 (Philip.
2011 1572 2091 1624 III,

505 1650 622 1718 20).
649 1650 717 1705 Et
748 1649 941 1704 merito
968 1649 1054 1704 hic
1088 1649 1341 1702 dicuntur
1369 1649 1572 1713 incolce,
1602 1649 1798 1718 quibus
1830 1650 1882 1704 in
1921 1649 2094 1705 aliena

508 1745 676 1813 patria
706 1743 883 1798 nullus
913 1741 1136 1797 allectus
1172 1751 1276 1808 est,
1303 1741 1399 1798 sed
1443 1742 1509 1796 ad
1548 1750 1756 1812 tempus
1783 1751 1980 1797 terram
2011 1743 2092 1797 sui

2197 546 2338 615 quod
2373 545 2512 600 Deus
2553 561 2649 615 per
2679 546 2985 617 Scripturas
3024 548 3234 603 divinas
3276 547 3592 616 frequenter
3636 542 3788 610 facit.

2197 654 2317 694 cum
2351 649 2612 706 terrorem
2641 639 2722 696 eis
2754 657 2865 696 sua:
2895 641 3278 713 indignationis
3301 638 3559 696 ostendit.
3595 636 3789 709 Sequi-

2198 740 2284 786 tur
2309 732 2576 802 generalis
2597 742 2652 788 et
2691 733 2933 789 absoluta
2977 733 3243 790 sententia
3266 772 3280 798 ,
3315 731 3620 786 maledictos
3668 743 3789 784 esse

2199 823 2287 890 qui
2319 822 2435 892 ejus
2465 832 2674 878 tentant
2697 827 2942 879 mandata
2962 825 3242 880 declinare.
3275 823 3408 879 Nam
3438 830 3496 876 ut
3519 827 3790 892 pracepta

2200 915 2408 969 Domini
2440 929 2546 971 non
2581 917 2850 986 compleat
2879 917 3110 972 humana
3146 916 3433 988 fragilitas,
3464 915 3636 970 levius
3669 925 3788 968 ma-

2198 1005 2305 1060 lum
2336 1014 2447 1072 est;
2483 1007 2624 1062 istud
2657 1023 2787 1063 vero
2832 1008 3095 1064 nefarium
3125 1019 3208 1064 est
3236 1022 3333 1078 per
3358 1005 3672 1076 superbiam
3699 1004 3789 1058 de-

2196 1100 2408 1164 clinare,
2446 1099 2586 1154 unde
2625 1100 2860 1155 animam
2903 1114 3055 1156 suam
3092 1114 3121 1154 a
3172 1107 3517 1169 peccatorum
3560 1095 3788 1152 nexibus

2197 1191 2364 1257 possit
2415 1190 2647 1260 eripere.
2690 1191 2822 1246 Nam
2864 1201 2920 1247 et
2961 1191 3112 1246 illum
3154 1191 3326 1246 Adam
3374 1189 3466 1259 qui
3513 1188 3788 1244 declinauit

2195 1281 2440 1334 mandata
2473 1281 2680 1336 Domini
2709 1291 2919 1337 constat
2948 1297 3071 1339 esse
3111 1282 3478 1348 maledictum,
3521 1279 3789 1350 hodieque

2195 1373 2463 1429 maledicti
2494 1382 2620 1429 sunt
2643 1375 2732 1445 qui
2761 1375 2921 1430 simili
2953 1375 3160 1432 scelere
3189 1373 3786 1446 polluunturchndata

2195 1467 2338 1522 enim
2365 1481 2486 1536 qua:
2514 1470 2646 1535 sint,
2677 1465 2788 1538 jam
2816 1477 2942 1524 sunt
2969 1469 3110 1524 dicta
3142 1470 3408 1537 superius.

2267 1581 2422 1638 Vers.
2452 1581 2542 1637 22.
2567 1583 2732 1652 Aufer
2758 1599 2790 1637 a
2817 1599 2897 1638 me
2943 1582 3277 1653 Opprobrium
3318 1591 3365 1637 et
3405 1589 3745 1650 contemptum
3765 1620 3784 1646 ,

2195 1673 2315 1743 quia
2341 1673 2628 1729 testimonia
2665 1682 2754 1729 tua
2774 1675 3044 1745 exquisivi.
3079 1675 3219 1730 Ecce
3251 1675 3320 1730 de
3348 1674 3442 1729 illo
3468 1674 3642 1729 choro
3667 1686 3788 1726 ssn-

2197 1775 2403 1820 ctorum
2431 1775 2486 1820 et
2517 1774 2811 1837 martyrum
2854 1766 3016 1822 verba
3063 1775 3378 1830 sonuerunt,
3424 1770 3516 1838 qui
3564 1767 3790 1820 diversis

506 1837 751 1908 corporis
791 1836 994 1892 colunt.
1026 1835 1144 1890 Non
1172 1836 1317 1890 enim
1350 1845 1466 1890 erat
1495 1835 1584 1890 ille
1612 1835 1760 1890 dives
1787 1835 1977 1902 incola,
2002 1833 2093 1906 qui
2125 1830 2169 1890 Β
2201 1859 2372 1926 ρωηίε
2413 1830 2814 1928 sum-ecula,"
2847 1855 3120 1928 subacti],
3157 1857 3403 1926 superbis
3443 1830 3503 1912 ξι
3531 1857 3790 1927 improbi,

509 1935 699 1989 horrea
743 1929 1112 1996 construebat,
1155 1937 1210 1985 et
1258 1929 1657 2000 longacvitatcm
1703 1929 1829 1984 vitae
1874 1944 1990 1984 suae
2037 1930 2092 1986 in

510 2025 674 2080 multa
703 2022 1118 2094 congregatione
1146 2029 1421 2092 posuerat.
1454 2022 1560 2078 Sed
1589 2022 1676 2076 isti
1699 2030 1826 2077 sunt
1852 2037 1980 2078 vere
2007 2023 2088 2078 in-

509 2116 655 2182 cola,
688 2115 778 2185 qui
808 2115 1120 2169 thesaurum
1158 2127 1312 2167 suum
1343 2113 1398 2168 in
1428 2111 1569 2169 coelo
1595 2121 1883 2182 reponunt,
1917 2121 1974 2168 ut
1995 2127 2096 2170 cor

509 2221 696 2262 eorum
737 2205 966 2261 futuram
998 2205 1224 2274 patriam
1266 2218 1482 2274 semper
1528 2203 1761 2259 alfectet.
1788 2203 1924 2260 Petit
1966 2219 2096 2275 ergo

512 2299 684 2356 ﬁdelis
734 2299 956 2369 populus
1011 2298 1382 2353 mandatorum
1443 2297 1651 2352 Domini
1707 2298 1988 2354 conscium
2036 2313 2096 2356 se

511 2394 644 2460 ﬁeri,
689 2393 810 2462 quia
859 2407 964 2447 non
1013 2391 1436 2462 deprehenditur
1477 2392 1530 2447 in
1582 2391 1895 2463 Babylonia:
1943 2402 2098 2462 parte

509 2484 706 2540 versari
753 2483 891 2557 [ed.,
920 2482 1288 2555 conversari].
1353 2481 1501 2537 lllius
1544 2482 1687 2538 enim
1731 2491 1910 2554 potest
1955 2485 2100 2542 scire

510 2575 732 2646 quisque
780 2586 986 2640 votum,
1028 2575 1116 2630 cui
1144 2584 1197 2630 et
1242 2573 1487 2629 famulari
1535 2574 1675 2629 velle
1723 2576 2092 2645 cognoscitur.

510 2666 581 2720 Μ.
607 2667 766 2722 ndata
788 2668 930 2722 enim
956 2680 1078 2721 esse
1097 2665 1328 2721 diximus
1356 2682 1371 2719 :
1406 2664 1600 2736 Diliges
1630 2665 1908 2720 Dominum
1930 2665 2098 2722 Deum

509 2769 656 2813 tuum
680 2775 745 2814 ea:
775 2767 878 2814 toto
900 2758 1052 2814 corde
1079 2765 1190 2822 tuo,
1220 2767 1268 2812 et
1297 2773 1360 2811 ea:
1379 2765 1486 2810 tota
1511 2757 1684 2810 anima
1709 2767 1797 2811 tua
1823 2755 2004 2830 (Deut.
2020 2773 2094 2824 vt,

510 2852 594 2922 5),
623 2862 729 2908 etc.
764 2851 889 2906 Haec
918 2850 1054 2922 petit
1091 2867 1192 2904 non
1217 2863 1248 2904 a
1278 2864 1338 2905 se
1362 2849 1628 2915 abscondi,
1660 2849 1714 2904 id
1745 2857 1828 2905 est
1852 2849 2096 2905 subtrahi

508 2952 669 3013 atque
710 2942 990 3014 denegari,
1023 2941 1166 2996 unde
1218 2942 1450 2997 salutem
1491 2940 1685 2995 animae
1731 2956 1842 2996 sua:
1873 2949 2100 2996 noverat

510 3050 630 3091 esse
661 3046 962 3090 venturam.
982 3033 1154 3104 Rogat
1181 3048 1312 3104 ergo
1337 3043 1394 3086 ut
1416 3033 1464 3088 ei
1498 3032 1804 3087 nullatenus
1832 3032 2097 3098 celentur,

511 3143 628 3196 qua:
667 3127 1044 3198 peccatoribus
1084 3126 1380 3196 probantur
1410 3125 1696 3191 absconsa,
1727 3125 1972 3194 quamvis
2007 3140 2101 3196 ge.

511 3221 756 3276 neraliter
794 3221 1135 3290 pronuntiata
1165 3233 1291 3275 esse
1315 3217 1618 3274 videantur.

583 3314 735 3369 Vers.
756 3314 845 3369 (ΞΟ.
876 3312 1176 3382 Concupivit
1221 3312 1399 3364 anima
1430 3326 1543 3365 mea
1571 3309 1862 3364 desiderare
1893 3309 2096 3380 Justiﬁ-

511 3406 736 3458 cationes
762 3413 895 3469 tuas,
916 3403 970 3456 in
991 3403 1130 3456 omni
1154 3400 1852 3471 tempore.Concupiscentia
1877 3400 1930 3454 in
1961 3401 2102 3455 malo

511 3505 566 3552 et
595 3495 646 3549 in
687 3493 829 3549 bono
869 3493 1084 3563 ponitur
1113 3507 1128 3546 :
1162 3494 1212 3547 in
1245 3491 1387 3546 malo
1417 3509 1431 3545 :
1468 3490 1590 3545 Non
1635 3491 1964 3561 concupisces
1995 3507 2102 3545 rem

513 3589 735 3656 proximi
763 3588 837 3640 tui
866 3585 1059 3658 (Exod.
1097 3603 1186 3652 xx,
1222 3587 1346 3657 l7);
1379 3585 1431 3640 in
1460 3585 1604 3640 bono
1631 3602 1645 3638 :
1678 3583 2102 3654 Concupiscenlia

512 3681 776 3750 sapientia:
803 3680 1032 3750 perducit
1057 3679 1127 3734 ad
1146 3695 1362 3751 regnum
1383 3679 1540 3750 (Sap.
1570 3693 1647 3743 γι,
1677 3677 1808 3749 2|);
1835 3679 1904 3732 ita
1932 3687 1987 3733 et
2017 3678 2103 3734 hic

513 3777 746 3846 positum
771 3785 854 3832 est
883 3793 896 3829 :
925 3773 1228 3842 Concupiuit
1275 3775 1446 3828 anima
1489 3790 1601 3827 mea
1627 3773 1919 3827 desiderare
1941 3774 2102 3844 justi-

513 3870 779 3940 ﬁcaliones
807 3878 948 3922 tuas.
985 3867 1228 3922 Violenta
1250 3880 1358 3930 res,
1394 3873 1450 3920 et
1480 3866 1530 3920 in
1565 3875 1788 3932 utraque
1819 3876 1967 3933 parte
1995 3865 2102 3919 for-

517 3962 756 4027 tissima;
792 3977 898 4015 non
927 3961 1069 4016 enim
1101 3959 1257 4016 facile
1293 3957 1508 4021 labitur,
1542 3957 1684 4028 quod
1716 3943 2102 4026 concupiscen-

513 4055 602 4108 tia:
633 4052 904 4108 radicibus
943 4052 1210 4122 alligatur.
1241 4049 1374 4106 Nam
1403 4057 1463 4104 ut
1501 4050 1668 4119 ipsam
1699 4049 1808 4103 vim
1835 4049 2102 4104 sermonis

515 4148 774 4214 potuisset
801 4143 1105 4208 ostendere,
1125 4141 1341 4212 adjecit,
1367 4143 1418 4195 in
1447 4142 1587 4194 omni
1615 4151 1863 4209 tempore,
1898 4150 1954 4193 ιιι
1977 4139 2103 4196 huic

512 4237 780 4292 desiderio
810 4235 951 4290 nulla
981 4235 1333 4303 intermissio,
1365 4234 1564 4288 nullum
1613 4243 1822 4303 tempus
1847 4233 2104 4289 valuisset

512 4329 799 4383 obsistere.
832 4327 1015 4382 Potest
1063 4327 1205 4381 enim
1251 4333 1308 4382 et
1351 4325 1586 4380 inlidelis
1629 4324 1694 4378 ad
1731 4334 2098 4394 tempusrem

513 4421 706 4474 bonam
735 4418 1139 4486 concupiscere,
1167 4417 1262 4473 sed
1289 4417 1392 4473 hoc
1415 4417 1669 4487 perfectis
1698 4415 1981 4472 desideriis
2007 4432 2100 4486 po-

511 4512 668 4581 pulos
691 4518 909 4566 sanctus
932 4508 1195 4577 attribuit,
1220 4507 1362 4579 quod
1405 4509 1550 4562 omni
1577 4517 1818 4574 tempore
1848 4508 2099 4576 concupi-

511 4604 603 4658 vit.
641 4602 752 4656 lloc
800 4608 883 4655 est
927 4600 1070 4654 enim
1119 4600 1509 4669 concupiscere,
1555 4598 1696 4669 quod
1746 4598 2092 4655 desiderare:
2125 4595 2180 4655 D

512 4707 670 4748 nemo
708 4693 850 4748 enim
883 4691 1178 4754 desiderat,
1214 4690 1316 4745 nisi
1357 4690 1447 4761 qui
1477 4689 1836 4760 concupiscit;
1867 4705 1966 4745 nec
1997 4690 2098 4745 ite-

511 4802 626 4840 rum
657 4783 1010 4854 concupiscit,
1040 4783 1142 4838 nisi
1172 4784 1260 4854 qui
1300 4782 1593 4838 desiderat.
1623 4784 1961 4850 Quapropter
1984 4781 2095 4850 ple-

507 4877 786 4932 nissimam
819 4876 1148 4930 voluntatem
1181 4875 1381 4928 indicat
1409 4875 1678 4944 geminata
1709 4873 1995 4944 professio.

579 4971 732 5026 νει-ε.
755 4971 846 5025 21.
879 4968 1166 5042 Increpain
1193 4968 1434 5040 superbos
1466 4983 1487 5021 :
1512 4968 1772 5022 maledicti
1808 4969 1894 5038 qui
1920 4967 2093 5022 decli-

510 5073 632 5122 nant
661 5079 694 5116 a
727 5064 982 5118 mandatis
1012 5064 1131 5118 luis.
1155 5061 1284 5116 Cum
1331 5059 1438 5114 sint
1467 5059 1740 5114 hominum
1780 5058 2090 5115 innumera-

511 5152 635 5208 bilia
663 5152 906 5216 crimina,
925 5152 1165 5222 superbos
1198 5151 1284 5205 hic
1306 5149 1498 5206 asserit
1522 5150 1832 5220 increpatos,
1858 5150 1948 5220 Qui
1983 5149 2090 5206 Deo

509 5256 722 5312 semper
767 5242 1058 5310 probantur
1096 5242 1347 5296 odihiles.
1375 5240 1637 5310 Superbia
1686 5248 1769 5294 est
1815 5241 1956 5294 enim
1997 5255 2092 5308 per

509 5346 668 5402 quam
698 5331 919 5402 angelus
941 5332 1147 5394 cecidit,
1172 5347 1264 5400 per
1286 5346 1442 5399 quam
1463 5330 1631 5386 Adam
1659 5331 1727 5385 de
1754 5341 1959 5386 natura:
1979 5345 2089 5386 sua:

509 5424 770 5497 dignitate
796 5421 1033 5490 deiectus
1060 5431 1160 5476 est.
1195 5423 1324 5476 Nam
1351 5423 1489 5478 sicut
1537 5422 1807 5476 humilitas
1851 5425 2088 5476 omnium

511 5532 610 5584 pax
645 5517 899 5582 probatur
943 5528 1064 5568 esse
1102 5514 1382 5578 virtutum,
1429 5515 1498 5567 ita
1540 5514 1791 5582 superbia
1839 5513 2090 5567 vitiorum

511 5616 683 5664 mater
712 5620 834 5662 esse
858 5603 1204 5676 dignoscitur.
1237 5605 1312 5660 De
1341 5605 1469 5673 ipsis
1507 5605 1649 5660 enim
1679 5605 1934 5674 scriptum
1964 5613 2047 5658 est
2079 5622 2091 5656 :

516 5698 764 5756 Suocrbis
804 5696 941 5750 Deus
980 5695 1187 5756 resistit,
1225 5695 1499 5749 humilibus
1543 5706 1712 5746 autem
1754 5695 1840 5747 dat
1876 5696 2094 5766 gratiam

516 5784 660 5855 (lue.
689 5804 762 5857 tv,
792 5787 869 5844 (il.
904 5782 1182 5850 Increpare
1209 5785 1351 5838 enim
1392 5783 1645 5850 dicimus,
1681 5785 1828 5852 quasi
1857 5787 1936 5837 de
1967 5784 2095 5839 taci-

2194 1947 2486 2017 opprobrio
2514 1957 2572 2004 et
2609 1947 2940 2017 contemptui
2969 1962 3090 2003 esse
3120 1947 3436 2003 videbantur
3467 1965 3482 2002 :
3513 1962 3659 2002 nunc
3702 1962 3790 2003 ro-

2194 2051 2322 2112 gsnt
2351 2050 2409 2097 ut
2438 2040 2868 2096 manifestatione
2910 2041 3293 2096 misericordia
3334 2040 3571 2106 Domini,
3599 2055 3786 2095 eomas

2196 2131 2396 2187 derisio
2435 2139 2492 2186 et
2529 2133 2706 2187 vilitas
2749 2130 3044 2187 auferatur.
3079 2131 3230 2198 Quod
3259 2141 3313 2186 et
3340 2133 3394 2186 in
3425 2131 3538 2186 alio
3575 2132 3789 2202 psalmo

2199 2225 2415 2296 legitur,
2447 2225 2536 2282 ubi
2565 2226 2641 2280 ait
2667 2241 2680 2278 :
2717 2224 2855 2292 Quia
2893 2224 3112 2279 multant
3140 2224 3321 2296 repleti
3358 2242 3541 2281 sumus
3570 2237 3792 2280 centena

2201 2319 2399 2386 ptione,
2431 2327 2502 2383 et,
2539 2317 2760 2372 multum
2797 2317 2993 2386 repleta
3030 2328 3108 2374 est
3149 2319 3327 2372 anima
3367 2329 3549 2373 nostra
3592 2336 3794 2392 appro-

2203 2410 2371 2465 brium
2384 2411 2762 2466 abundantibus
2779 2409 2912 2482 [ed.,
2937 2409 3349 2484 abundantium],
3364 2423 3414 2467 et
3430 2411 3693 2480 despectio
3707 2428 3792 2466 stt-

2200 2503 2367 2574 perbis
2423 2502 2602 2575 (Psal.
2661 2517 2850 2569 cxsu,
2904 2503 2985 2574 4).
3051 2501 3363 2558 Testimonia
3420 2517 3552 2557 vero
3612 2502 3792 2557 divina

2201 2595 2572 2665 exquisieruttt,
2595 2603 2654 2650 ut
2679 2595 2803 2650 talia
2834 2600 3167 2666 paterentur,
3189 2595 3403 2666 quando
3428 2603 3644 2651 constat
3673 2611 3794 2652 esse

2203 2697 2529 2758 praeceptum
2561 2706 2572 2741 :
2609 2687 2758 2742 Beati
2783 2689 2872 2756 qui
2919 2691 3322 2757 persecutionem
3361 2689 3628 2760 patiuntur
3667 2705 3789 2757 pro-

2201 2789 2315 2844 pter
2347 2781 2630 2851 justitiam,
2663 2782 2903 2850 quoniam
2931 2783 3160 2852 ipsorum
3192 2789 3267 2835 est
3304 2795 3520 2850 regnum
3546 2782 3792 2835 (πίοι-ειη

2202 2869 2435 2941 (Matth.
2464 2885 2516 2934 v,
2550 2869 2680 2940 10).
2711 2869 2822 2926 Sed
2869 2871 2955 2925 hic
2999 2871 3307 2941 diligentius
3359 2871 3672 2926 intuendum
3705 2881 3794 2927 est

2201 2975 2368 3031 quare
2390 2976 2421 3015 a
2451 2976 2511 3018 se
2533 2971 2716 3031 petant
2741 2971 3007 3034 martyres
3038 2963 3316 3032 opprobria
3339 2963 3608 3029 removeri,
3637 2963 3786 3017 unde

2203 3067 2263 3108 se
2295 3062 2557 3109 noverant
2585 3053 2794 3108 Domini
2828 3069 3050 3108 munere
3080 3055 3352 3109 coronari.
3376 3053 3476 3109 Sed
3500 3056 3611 3110 hare
3649 3068 3784 3109 ora-

2206 3145 2278 3199 tio
2328 3160 2424 3215 pro
2471 3146 2903 3215 persecutoribus
2951 3144 3217 3212 funditur;
3268 3155 3326 3201 ut
3375 3148 3498 3202 dum
3539 3148 3792 3206 conversi

2128 3212 2174 3275 (ἶ
2208 3212 2407 3294 fuerint
2424 3212 2490 3294 ad
2512 3240 2821 3308 Dominum,
2847 3240 3173 3311 martyribus
3198 3248 3217 3293 ι
3243 3239 3412 3294 Ιῐειιυτ
3437 3242 3792 3309 opprobrium,

2207 3331 2423 3402 quando
2451 3341 2506 3386 et
2536 3330 2613 3386 illi
2645 3331 2814 3400 ipsam
2846 3332 3159 3400 religionem
3203 3331 3486 3394 coluerint,
3532 3346 3694 3400 quam
3736 3333 3792 3387 in

2205 3424 2322 3480 aliis
2352 3422 2776 3495 persequendam
2799 3437 2920 3479 esse
2941 3433 3282 3493 putaverunt.
3306 3424 3481 3490 Quod,
3500 3433 3793 3493 przestante

2205 3515 2452 3581 Domino,
2478 3515 2784 3584 frequenter
2823 3513 3025 3570 factum
3057 3531 3178 3572 esse
3196 3515 3572 3587 cognovimus.

2275 3641 2431 3698 Vers.
2461 3641 2550 3696 25.
2583 3640 2787 3697 Etenim
2828 3644 3066 3698 sederunt
3108 3645 3385 3716 principes,
3433 3656 3480 3700 et
3521 3647 3790 3701 adversum

2203 3748 2283 3787 me
2308 3731 2670 3803 loquebantur,
2701 3749 2872 3788 servus
2901 3744 3069 3788 autem
3096 3744 3215 3790 tuus
3243 3736 3580 3790 exercebatur
3607 3739 3662 3792 iu
3697 3740 3794 3794 tuis

2203 3823 2675 3892 iustiﬁcationibus.
2706 3825 2962 3881 Auditum
2992 3841 3050 3882 se
3077 3843 3104 3880 a
3132 3827 3462 3897 principibus
3492 3839 3788 3899 martyrum

2202 3916 2402 3972 chorus
2430 3916 2675 3987 exponit,
2688 3917 3082 3987 quijudiciario
3104 3934 3254 3974 more
3285 3920 3580 3976 residentes
3598 3921 3788 3992 502,

2202 4009 2268 4064 de
2301 4008 2666 4064 innocentium
2699 4010 2996 4080 perditione
3021 4013 3340 4069 tractabant.
3369 4015 3433 4068 Et
3462 4025 3514 4069 ut
3543 4013 3680 4087 [ed.,
3718 4017 3790 4074 Et

2201 4098 2378 4172 quod]
2408 4102 2624 4171 gravius
2668 4109 2873 4159 terrere
2899 4102 3217 4173 potuissent,
3251 4105 3352 4177 ipsi
3382 4121 3540 4163 erant
3567 4123 3791 4165 accusa-

2202 4200 2345 4248 tores
2371 4201 2426 4248 et
2444 4191 2766 4262 judices.Se
2796 4210 2927 4252 vero
2947 4199 3141 4255 merito
3170 4198 3304 4256 dicit
3330 4217 3532 4255 seruum
3558 4203 3792 4272 Domini,

2201 4286 2293 4354 qui
2324 4285 2460 4340 inter
2477 4287 2601 4342 vitae
2631 4288 2863 4357 pericula
2887 4289 2956 4345 de
2977 4290 3092 4359 ejus
3108 4291 3494 4361 justiﬁcatione
3524 4297 3794 4368 cogitabat

2201 4373 2328 4444 quid
2357 4373 2410 4429 in
2434 4374 2524 4430 illa
2549 4376 2654 4430 vita
2683 4387 2997 4446 recepturus
3025 4390 3167 4436 esset
3193 4381 3282 4451 qui
3312 4383 3366 4437 in
3389 4385 3486 4439 ista
3521 4395 3792 4456 tempora-

2202 4465 2323 4521 liter
2348 4467 2661 4537 gravissima
2690 4469 3010 4526 sustinebat.
3033 4471 3377 4529 Exercebatur
3402 4477 3550 4532 enim
3579 4481 3647 4534 ad
3667 4494 3796 4550 pro-

2201 4567 2414 4616 vectum
2465 4575 2642 4626 suum,
2692 4577 2796 4617 non
2846 4563 3185 4620 cruciabatur
3225 4565 3294 4621 ad
3343 4582 3584 4638 pmnam.
3634 4571 3796 4630 Tales

2201 4651 2392 4706 animae
2444 4651 2698 4708 mundum
2753 4654 3017 4720 vicerunt,
3051 4671 3172 4728 qua:
3214 4672 3430 4712 sensum
3462 4660 3673 4718 doloris
3709 4662 3792 4720 sui

2197 4744 2384 4800 mterni
2412 4745 2616 4815 praemii
2642 4747 3071 4817 cogitationibus
3103 4751 3431 4805 mollicbant.

2264 4859 2421 4915 Vers.
2448 4857 2540 4916 24.
2567 4859 2708 4914 Nam
2735 4870 2782 4915 et
2802 4863 3088 4918 testimonia
3127 4873 3215 4917 tua
3243 4865 3512 4919 meditatio
3542 4883 3660 4920 mea
3691 4877 3784 4933 est,

2199 4960 2246 5004 et
2284 4951 2565 5006 consolatio
2610 4968 2723 5008 mea
2757 4954 3156 5024 justiﬁcaliones
3192 4965 3294 5011 tuae
3337 4969 3478 5012 sunt.
3503 4957 3788 5014 Consilium

2200 5041 2470 5098 inventum
2501 5050 2586 5098 est
2612 5053 2798 5098 contra
2831 5044 3239 5114 malignantium
3269 5047 3667 5114 concilium,ut
3691 5048 3786 5103 ad—

2201 5149 2411 5188 versum
2436 5133 2708 5204 improbos
2738 5132 2950 5192 furores
2969 5136 3179 5192 Domini
3211 5139 3503 5194 testimonia
3527 5140 3786 5194 meditata

2198 5225 2524 5282 sufﬁcerent.
2555 5226 2753 5280 Eorum
2786 5229 2982 5298 quippe
3003 5229 3256 5301 cogitatio
3280 5230 3553 5301 quoslibet
3581 5233 3782 5302 mitigat

2198 5317 2435 5382 dolores,
2467 5332 2564 5372 nec
2595 5318 2771 5373 timori
2798 5319 3050 5390 relinquit
3079 5322 3251 5376 locum
3275 5324 3364 5392 qui
3394 5323 3447 5378 in
3474 5327 3778 5392 promissio-

2201 5411 2357 5465 nibus
2389 5409 2598 5466 Domini
2633 5411 2832 5482 jugiter
2856 5424 3178 5482 occupatur;
3213 5416 3352 5470 sicut
3381 5416 3512 5471 dicit
3553 5419 3778 5486 Aporto-

2201 5503 2282 5559 lus
2309 5521 2324 5558 :
2359 5503 2532 5558 Timor
2561 5521 2660 5559 non
2701 5515 2773 5560 est
2802 5507 2854 5560 in
2881 5507 3151 5575 cltaritate,
3192 5511 3282 5562 sed
3325 5510 3556 5580 perfecta
3580 5512 3778 5566 dilectis

2199 5599 2340 5668 foras
2368 5598 2521 5652 mittit
2549 5599 2778 5654 timorem
2815 5597 2887 5669 (Ι
2914 5599 3074 5656 Joan.
3107 5619 3178 5668 tv,
3213 5601 3341 5673 18).
3370 5602 3775 5659 Consolationi-

2202 5706 2329 5746 vero
2371 5706 2524 5746 suam
2555 5706 2675 5747 esse
2703 5692 2977 5760 professus
3012 5704 3093 5750 est
3125 5695 3336 5750 Domini
3359 5698 3776 5768 justiﬁcationes,

2202 5799 2336 5852 quas
2379 5785 2490 5839 suis
2529 5785 2851 5855 martyribus
2898 5787 3196 5856 pollicetur.
3235 5788 3593 5846 Consolantur
3635 5789 3772 5846 enim
