4032 6340
239 290 350 354 8ιὸ

1136 274 1496 341 Exrosmo
1536 269 1597 325 IN
1638 260 2093 322 PSAL'lEttMM.
2135 259 2327 349 esst.
2369 267 2599 325 cxvm,

3390 260 3517 318 -846

236 414 293 469 in
319 408 610 467 aﬂlictione
633 402 974 476 praesentium
995 414 1307 469 rerum,spe
1334 393 1661 452 venientium
1690 405 1825 462 prze-
1856 394 1899 450 Α
1931 387 2001 441 tia
2034 386 2314 457 singulari,
2337 385 2426 457 qui
2460 384 2603 440 dicta
2633 379 2844 438 Domini
2867 378 2933 434 ad
2971 378 3307 449 spiritualem
3350 378 3519 450 signi-

234 516 493 561 imorum.

310 596 466 651 Vers.
494 591 741 648 εις-ιν.
771 589 1013 644 Dacern.
1055 584 1288 639 Adhaesit
1328 582 1616 653 pavimento
1656 578 1830 632 anima

237 703 353 743 mea
377 702 397 741 .'
424 685 626 753 viviﬁca
662 697 742 736 me
781 678 1059 736 secundum
1102 676 1311 731 verbum
1351 683 1517 729 tuum.
1545 672 1625 729 Ad
1667 686 1829 741 quar-

236 793 349 838 tam
379 781 614 836 litteram
643 775 793 832 venit
840 773 998 829 ﬁdele
1036 770 1345 835 concilium,
1377 770 1430 823 in
1472 781 1575 837 qua
1596 778 1674 843 ’se
1700 763 1832 819 dicit

226 871 503 944 corporali
536 869 752 941 quidem
793 866 1118 922 necessitate
1166 861 1543 924 constrictum,
1575 857 1672 913 sed
1714 856 1827 910 sola

235 966 454 1021 Domini
494 963 689 1033 pietate
728 957 1070 1024 salvandum,
1098 962 1286 1025 petens
1316 963 1374 1008 ut
1404 952 1474 1006 ab
1496 966 1562 1006 co
1585 950 1700 1005 vias
1730 947 1829 1003 ini-

232 1053 458 1125 quitatis
498 1058 770 1115 amoveat,
801 1048 1052 1119 quoniam
1097 1044 1236 1098 viam
1277 1042 1523 1098 veritatis
1571 1039 1825 1109 elegerat.

234 1144 629 1203 Pulcherrimis
675 1152 851 1197 autem
886 1136 1240 1193 allusionibus
1269 1133 1554 1203 exponitur
1598 1130 1829 1184 humana

232 1244 492 1301 conditio.
551 1240 911 1294 Pavimentum
959 1245 1042 1290 est
1090 1232 1190 1287 soli
1236 1228 1464 1299 alicujus
1515 1230 1565 1281 in
1613 1225 1831 1281 lenitate

235 1338 472 1393 maxima
500 1340 809 1390 constructa
839 1327 1104 1394 soliditas,
1131 1340 1250 1395 quae
1278 1322 1473 1378 merito
1501 1328 1684 1375 nostro
1706 1333 1829 1371 cor-

237 1430 356 1501 pori
384 1434 749 1496 comparatur,
781 1423 1033 1493 quoniam
1066 1427 1120 1473 et
1152 1418 1326 1487 ipsum
1354 1414 1516 1469 simili
1547 1416 1721 1467 nitore
1748 1410 1830 1465 le-

238 1500 469 1592 vigatur.
500 1516 789 1572 Adluesisse
818 1528 878 1567 se
905 1527 1036 1580 ergo
1067 1509 1197 1565 dicit
1222 1506 1370 1562 carni
1403 1519 1534 1572 suae,
1570 1503 1711 1573 quod
1754 1500 1829 1555 vi-

239 1616 443 1669 tiosum
467 1624 585 1667 esse
612 1622 718 1663 non
745 1605 964 1660 dubium
988 1610 1090 1658 est.
1122 1601 1309 1654 Anima
1333 1597 1474 1653 enim
1504 1596 1551 1651 si
1574 1595 1832 1649 adluereat

243 1704 480 1774 corpori,
511 1700 720 1756 delictis
751 1697 920 1763 favet;
952 1694 999 1750 si
1031 1693 1308 1748 voluntate
1334 1690 1398 1745 sit
1429 1688 1630 1753 divisa,
1665 1686 1831 1742 virtu-

1934 482 2202 535 licantiam
2233 479 2417 535 trahit.
2447 476 2712 532 Mirabilia
2744 487 2872 530 vero
2904 473 3018 543 ipsa
3061 480 3239 538 vocat,
3275 486 3396 539 quae
3425 486 3518 524 su-

1934 574 2113 643 perius
2138 573 2272 628 dicit
2308 570 2730 644 justi/icationes.
2766 565 3017 621 Prmbent
3064 564 3207 619 enim
3252 563 3522 619 intellecta

1932 666 2267 730 miraculum,
2295 664 2507 734 quando
2550 662 2631 718 sic
2674 662 2726 715 in
2769 657 3023 730 praesenti
3069 665 3197 712 sunt
3243 655 3430 726 posita,
3466 666 3527 709 ut

1932 757 2090 824 longe
2119 757 2292 810 futura
2319 754 2624 825 signiﬁcare
2648 753 2950 809 vidcantur.

2008 847 2161 902 Vers.
2183 847 2275 902 28.
2292 846 2598 900 Dormitavit
2620 845 2794 898 anima
2811 860 2923 898 mea
2944 859 3051 910 pra:
3064 843 3250 897 twdio:
3275 842 3529 909 conﬁrma

1931 956 2011 994 me
2041 939 2095 993 in
2123 939 2283 994 verbis
2306 939 2427 991 tuis.
2454 937 2581 992 Post
2608 937 2752 991 illam
2782 936 3093 1005 petitionem
3123 945 3362 990 sanctam
3400 950 3530 1003 cog-

1936 1031 2209 1085 noscimus
2238 1045 2361 1086 eum
2389 1028 2556 1086 fuisse
2595 1029 2839 1094 dilatum,
2871 1028 3085 1098 quando
3115 1028 3345 1082 animam
3372 1042 3526 1083 suam

1934 1126 2062 1181 dicit
2107 1127 2409 1181 dormitasse
2446 1140 2555 1196 prce
2590 1124 2764 1192 taedio,
2796 1123 2939 1194 quod
2974 1122 3224 1179 accidere
3268 1123 3408 1178 solet
3450 1123 3529 1177 eis

1934 1221 2023 1288 qui
2056 1220 2229 1288 longis
2259 1218 2750 1289 exspectationibus
2779 1215 3132 1283 diﬂ‘eruntur;
3176 1224 3237 1271 ut
3260 1215 3530 1285 intellige-

1936 1327 2115 1367 remus
2161 1328 2255 1380 per
2285 1311 2559 1381 patientiae
2603 1311 2825 1377 bonum,
2864 1310 3101 1365 divinum
3145 1310 3300 1366 nobis
3345 1310 3531 1366 venire

1939 1403 2265 1471 praesidium.
2285 1401 2539 1456 Dormitat
2563 1416 2692 1471 ergo
2714 1403 2907 1463 anima,
2932 1402 3146 1472 quando
3172 1416 3202 1457 a
3234 1417 3329 1458 sua
3351 1404 3529 1458 inten-

1939 1495 2083 1548 tione
2111 1493 2400 1558 llaccescit,
2430 1501 2483 1547 et
2514 1494 2568 1547 in
2594 1492 2763 1547 otium
2795 1491 2936 1547 fessa
2964 1493 3275 1560 remittitur,
3294 1494 3423 1549 dum
3462 1493 3532 1551 ad

1937 1582 2073 1639 illud
2103 1583 2245 1653 quod
2272 1582 2589 1638 intendebat
2617 1582 2841 1638 minime
2862 1584 3146 1652 pervenire
3173 1592 3532 1641 monstratur.

1940 1678 2004 1731 Et
2031 1676 2156 1732 vide
2178 1676 2303 1746 quia
2329 1676 2623 1732 dormituvit
2646 1676 2842 1745 posuit,
2861 1690 2967 1731 non
2992 1675 3275 1741 dormivit;
3300 1676 3536 1733 dormire

240 1768 403 1855 tibus.
436 1795 774 1864 Quapropter
802 1793 995 1845 merito
1034 1801 1093 1842 se
1140 1784 1355 1855 petebat
1386 1798 1484 1853 per
1524 1781 1751 1847 verbum,
1783 1778 1835 1834 id
1867 1779 1915 1839 B
1942 1769 2088 1824 enim
2118 1768 2367 1824 obliviosi
2399 1780 2562 1840 atque
2598 1769 2845 1825 socordis
2874 1770 3288 1837 est,.dormitare
3326 1771 3456 1833 fessi
3482 1783 3536 1828 et

239 1898 324 1946 est
350 1902 447 1957 per
472 1884 746 1940 Christum
779 1880 1061 1936 Dominum
1090 1876 1337 1944 viviﬁcari
1360 1889 1381 1929 :
1401 1873 1527 1944 quia
1557 1887 1654 1943 per
1695 1885 1827 1926 con-

238 1994 456 2038 sensum
494 1979 672 2034 carnis
706 1990 765 2030 se
800 1973 1055 2029 noscebat
1099 1968 1384 2038 exstingui.
1420 1966 1529 2023 Sed
1580 1978 1834 2036 perscru-

240 2073 461 2129 tandum
502 2079 587 2126 est
633 2082 802 2139 quare
848 2064 976 2120 illud
1022 2061 1308 2118 concilium
1353 2062 1661 2124 beatorum,
1690 2056 1832 2127 quod

239 2166 489 2236 superius
527 2163 779 2219 dixerat:
812 2157 999 2214 Servus
1045 2162 1218 2210 autem
1261 2163 1378 2208 tuus
1421 2150 1752 2207 exercebatur
1779 2150 1830 2203 in

240 2258 349 2311 tuis
385 2250 861 2329 justiﬁcationibus,
897 2248 984 2302 hic
1015 2245 1339 2301 conﬁteatur
1385 2243 1661 2297 adhwsisse
1690 2241 1833 2311 pavi-

243 2357 415 2403 mento
444 2347 667 2401 animam
696 2356 870 2397 suam.
903 2340 972 2396 Ut
1013 2352 1198 2393 revera
1244 2335 1603 2405 intelligamus
1644 2346 1836 2401 quam-

242 2441 326 2494 vis
355 2435 527 2493 sancti
566 2434 735 2505 gratia
779 2429 992 2485 Domini
1024 2428 1383 2499 perfruantur,
1415 2424 1690 2494 multaque
1727 2421 1835 2477 vir-

244 2538 419 2585 tutum
472 2526 731 2581 varietate
783 2521 1117 2585 colluceant,
1167 2516 1404 2588 quandiu
1454 2522 1583 2569 sunt
1629 2515 1682 2567 in
1737 2514 1837 2567 hac

244 2635 406 2677 carne
435 2617 672 2683 mortali,
718 2629 837 2671 esse
864 2623 1042 2669 tamen
1088 2610 1228 2665 unde
1255 2624 1314 2664 se
1344 2608 1704 2677 deprecentur
1744 2603 1837 2659 ab-

245 2712 410 2778 solvi,
451 2712 592 2766 sicut
630 2709 686 2763 in
734 2705 1028 2776 Evangelia
1079 2702 1330 2772 Magister
1372 2701 1613 2769 optimus
1661 2697 1835 2751 dicit:

247 2801 527 2871 Postquam
550 2800 722 2854 omnia
748 2796 994 2866 feceritis,
1028 2794 1180 2847 dicite
1196 2811 1216 2847 :
1240 2791 1387 2847 Servi
1411 2788 1618 2844 inutiles
1638 2803 1836 2852 sumus,

245 2894 382 2963 quod
408 2892 677 2947 debuimus
709 2893 875 2960 facere
902 2887 1114 2958 ferimus
1138 2883 1289 2955 (Luc.
1317 2897 1450 2949 xvu,
1473 2880 1585 2949 10).
1620 2880 1688 2934 Et
1708 2878 1840 2934 alibi

248 2988 526 3057 Scriptura
570 2985 699 3040 dicit
732 2999 747 3035 :
780 2980 962 3035 Justus
992 2980 1043 3032 in
1072 2977 1324 3049 principio
1353 2974 1603 3030 sermonis
1631 2987 1841 3027 accusa-

246 3089 328 3134 tor
348 3086 422 3133 est
446 3078 524 3130 sui
546 3074 727 3145 (Prov.
758 3087 909 3135 xvm,
938 3069 1049 3140 17).

1936 1864 2323 1932 exspectantis.
2356 1862 2510 1929 Quod
2549 1862 2776 1917 verbum
2812 1872 2865 1917 et
2891 1861 3027 1917 alter
3057 1862 3296 1931 psalmus
3325 1862 3490 1919 edicit
3517 1881 3532 1916 :

1937 1954 1999 2010 Si
2026 1956 2213 2010 dedero
2244 1971 2475 2013 somnum
2508 1956 2671 2010 oculis
2699 1955 2845 2020 meis,
2877 1963 2926 2008 et
2952 1956 3209 2025 palpebris
3254 1958 3381 2011 meis
3411 1957 3535 2011 dor-

1936 2047 2253 2102 mitationem
2289 2045 2466 2115 (Psal.
2506 2061 2689 2112 cxxxt,
2716 2045 2798 2116 4).
2831 2046 2897 2100 Et
2923 2046 3076 2112 alibi,
3103 2046 3238 2102 Ecce
3276 2064 3383 2102 non
3414 2048 3537 2103 dor-

1936 2139 2132 2193 mitabit
2151 2154 2309 2208 neque
2329 2137 2545 2192 dormiet
2565 2138 2652 2207 qui
2673 2138 2897 2193 custodit
2921 2136 3084 2192 Israel
3107 2138 3285 2209 (Psal.
3301 2154 3429 2204 cxx,
3452 2137 3534 2209 4).

1937 2228 2044 2286 Sed
2077 2237 2134 2283 ut
2163 2228 2307 2301 hunc
2344 2243 2560 2298 quoque
2595 2227 2865 2284 delectum
2894 2229 2963 2284 ab
2993 2230 3172 2284 anima
3204 2229 3420 2300 fatigata
3452 2245 3538 2286 re-

1938 2331 2200 2386 moveret,
2237 2318 2501 2389 sequitur,
2534 2319 2786 2387 conﬁrma
2813 2335 2892 2373 me
2912 2320 2966 2373 in
2994 2320 3155 2375 verbis
3183 2322 3317 2377 tuis:
3343 2331 3538 2389 quate-

1940 2432 2041 2473 nus
2081 2418 2125 2473 si
2169 2417 2345 2472 adhuc
2388 2415 2721 2485 exspectatio
2758 2415 3055 2472 diﬁ‘erenda
3095 2425 3231 2482 erat,
3266 2416 3320 2472 in
3352 2416 3539 2472 verbis

1942 2509 2151 2564 Domini
2200 2509 2302 2563 lixa
2352 2517 2515 2579 atque
2545 2508 2894 2563 immutabilis
2949 2510 3128 2564 anima
3175 2518 3540 2580 permaneret.

1939 2600 2333 2672 Cognoscimus
2389 2600 2534 2657 enim
2595 2599 2686 2654 tali
2738 2599 2977 2656 remedio
3033 2601 3248 2671 quasvis
3316 2615 3539 2669 moras,

1940 2694 2145 2763 qumvis
2186 2690 2363 2757 taedia,
2407 2692 2678 2761 quoslibet
2715 2692 2931 2748 labores
2966 2693 3294 2749 omnimodis
3339 2708 3540 2750 conso-

1943 2788 2152 2856 landos,
2184 2788 2231 2844 si
2261 2789 2434 2860 legem
2468 2790 2678 2844 Domini
2724 2788 2994 2860 frequenti
3036 2790 3325 2848 iteratione
3366 2793 3542 2848 medi-

1946 2890 2141 2935 temur.
2184 2880 2333 2935 llanc
2382 2889 2561 2935 autem
2599 2878 2794 2936 anit‘nae
2844 2881 3277 2938 dormitationetn
3326 2882 3543 2940 Cassia.

1945 2988 2048 3028 nus
2078 2987 2358 3029 servorum
2397 2972 2493 3028 Dei
2520 2973 2754 3043 optimus
2780 2973 3057 3030 institutor
3094 2974 3356 3032 accidiam
3388 2987 3545 3032 vocat

1950 3066 2088 3139 (Lib.
2118 3082 2152 3121 x
2189 3065 2391 3135 Instit.,
2424 3083 2541 3137 cap.
2571 3066 2667 3137 4),
2698 3082 2858 3138 quam
2897 3082 3094 3139 magno
3142 3070 3320 3125 studio
3359 3085 3546 3126 mona-

323 3169 480 3226 Vers.
506 3168 594 3223 26.
630 3164 757 3220 Vias
802 3179 942 3218 meas
984 3158 1243 3215 enuntiavi
1264 3198 1278 3223 ,
1329 3166 1376 3211 et
1417 3154 1674 3210 exaudisti
1718 3167 1844 3207 me:
1875 3162 1920 3225 α
1949 3161 2067 3217 chis
2095 3160 2383 3230 persuadet
2409 3175 2531 3216 esse
2562 3160 2890 3231 fugiendam

250 3266 380 3319 doce
418 3280 494 3317 me
516 3260 922 3333 justi/icationes
951 3266 1088 3310 tuas.
1116 3253 1217 3321 Qui
1254 3267 1313 3308 se
1355 3252 1641 3321 pavimento
1672 3247 1850 3301 adita:-

253 3359 383 3413 sisse
411 3353 643 3426 professi
668 3361 812 3417 sunt,
831 3348 1023 3404 merito
1046 3345 1097 3400 in
1128 3342 1581 3413 consequentibus
1610 3355 1706 3394 sua
1727 3353 1853 3409 pec-

253 3458 374 3503 cata
423 3444 800 3517 prodiderunt;
848 3449 904 3497 et
947 3440 1068 3495 ideo
1121 3437 1386 3507 sequitur,
1435 3432 1697 3489 exaudisti
1747 3443 1849 3483 me.

255 3538 390 3594 Mira
430 3535 822 3606 compensatio,
850 3529 1111 3601 stupenda
1142 3525 1476 3590 vicissitudo,
1502 3524 1730 3578 Domino
1755 3535 1853 3576 suo

255 3628 471 3701 propria
501 3626 641 3680 mala
664 3626 866 3689 dicere,
899 3631 953 3676 et
981 3622 1049 3675 ab
1078 3619 1268 3674 eodem
1302 3616 1521 3685 praemia
1552 3613 1745 3669 salutis
1765 3626 1854 3667 ac-

255 3720 457 3792 cipere.
482 3719 615 3787 Quis
650 3733 756 3772 non
794 3715 950 3773 bonis
982 3714 1175 3768 talibus
1204 3712 1460 3766 incitetur
1496 3709 1570 3763 illi
1608 3706 1676 3761 ad
1705 3720 1855 3777 pra:-

258 3812 427 3867 mium
457 3807 722 3872 conﬁteri,
755 3807 840 3861 cui
869 3820 977 3860 non
1012 3802 1185 3872 possis
1216 3815 1412 3871 negare
1440 3798 1581 3869 quod
1626 3797 1854 3853 ieceris?

258 3902 717 3961 Perscrutandum
756 3913 970 3970 quoque
1009 3897 1151 3966 quod
1193 3895 1366 3951 dixit:
1397 3891 1536 3947 Doce
1562 3908 1640 3945 me
1654 3891 1855 3965 justiﬁ-

257 4000 490 4055 cationes
515 4007 651 4063 tuas,
686 4011 795 4051 non
830 3993 898 4049 ad
938 3990 1283 4054 audiendum,
1314 3987 1407 4041 sed
1432 3986 1499 4041 ad
1528 3984 1850 4041 faciendum.

257 4090 360 4147 llle
380 4090 524 4147 enim
547 4089 852 4144 divinarum
884 4098 1063 4139 rerum
1082 4082 1272 4136 doctus
1292 4076 1612 4141 ostenditur,
1634 4075 1723 4144 qui
1751 4073 1853 4129 sibi

258 4183 473 4239 credita
502 4180 694 4237 fecisse
720 4185 1071 4234 monstratur.
1104 4174 1230 4229 Sive
1259 4171 1390 4241 petit
1418 4178 1477 4223 ut
1505 4168 1624 4223 illas
1651 4167 1852 4237 justiﬁ-

256 4273 488 4326 cationes
531 4270 856 4335 adverteret,
899 4281 1018 4337 qua:
1065 4272 1351 4335 praecepta:
1394 4259 1691 4332 ﬁguraliter
1734 4274 1853 4314 esse

262 4362 607 4417 videbantur.

344 4454 497 4509 Vers.
528 4452 620 4506 27.
660 4450 803 4505 Viam
837 4449 1273 4521 justiﬁcationum
1305 4456 1510 4500 tuarum
1536 4445 1730 4498 instrue
1753 4458 1851 4510 me,

261 4556 312 4601 et
345 4544 610 4600 exercebar
634 4544 689 4597 in
716 4540 1035 4596 mirabilibus
1062 4542 1183 4593 tuis.
1218 4537 1405 4592 Merito
1432 4536 1626 4591 cohors
1668 4544 1849 4589 saneta
1882 4545 1932 4603 D
1962 4560 2071 4609 xiv,
2103 4542 2182 4615 6).

264 4635 695 4711 iustiﬁcationum
737 4634 873 4686 viam
912 4632 1215 4701 intelligere
1242 4630 1535 4698 quaerebat,
1567 4643 1687 4697 quae
1731 4641 1853 4681 suas

265 4728 408 4795 vias,
436 4726 487 4782 id
518 4734 603 4783 est
633 4733 848 4796 peccata
876 4724 1225 4794 prodiderat:
1259 4722 1380 4793 quia
1427 4723 1527 4776 nisi
1559 4721 1677 4775 illas
1707 4720 1855 4774 dam-

268 4833 486 4880 nemus,
523 4817 588 4871 ad
636 4818 795 4872 iszam
829 4814 1114 4884 pervenire
1161 4828 1267 4869 non
1314 4828 1621 4882 possumus.
1652 4810 1858 4865 Instrue

269 4926 374 4975 me,
423 4909 489 4963 ad
541 4908 871 4963 intellectum
927 4906 1190 4977 pertinet;
1239 4916 1297 4959 ut
1344 4906 1669 4971 adverteret,
1715 4905 1857 4974 quod

271 5016 422 5071 smpe
449 5000 559 5070 jam
592 4999 791 5054 dictum
817 5006 930 5066 est,
957 4997 1098 5066 quali
1130 4998 1386 5067 mysterio
1417 5006 1537 5067 post
1567 5010 1657 5052 sex
1689 5012 1861 5051 annos

273 5108 466 5149 servus
494 5093 832 5148 rclaxaretur
861 5092 1151 5156 Hebraeus;
1179 5091 1440 5159 septimus
1473 5099 1627 5145 terra:
1659 5091 1864 5146 fructus

274 5187 567 5258 pecoribus
612 5185 997 5255 egentibnsque
1032 5183 1358 5248 donaretur;
1412 5183 1554 5252 quod
1601 5192 1724 5253 post
1768 5199 1866 5237 an-

277 5294 407 5333 num
442 5277 951 5348 quinquagesimum
1001 5272 1281 5349 quodlibet
1327 5273 1456 5327 illud
1499 5274 1664 5344 priori
1716 5276 1867 5330 reddi

276 5373 508 5427 Domino
538 5370 843 5441 jubebatur,
878 5379 932 5424 et
962 5369 1045 5422 his
1078 5366 1277 5423 similia
1310 5383 1431 5439 qua:
1460 5369 1862 5437 jnstiﬁcationi-

276 5462 377 5519 bus
408 5463 616 5517 Domini
663 5460 954 5517 convenire
984 5468 1372 5527 monstrantur.
1410 5460 1535 5515 llzrc
1578 5461 1721 5515 enim
1750 5478 1866 5517 tne-

275 5558 384 5612 rito
413 5556 751 5611 desiderabat
778 5569 1090 5625 agnoscere,
1121 5569 1242 5624 qua:
1287 5554 1479 5608 futurae
1526 5555 1639 5623 spei
1668 5563 1867 5613 nostra:

275 5647 575 5718 probantur
602 5647 858 5718 mysteria
888 5646 1185 5702 continere.
1216 5645 1493 5716 Sequitur,
1517 5656 1565 5701 et
1594 5650 1865 5703 exercebar

277 5739 331 5795 in
362 5742 683 5797 mirabilibus
712 5740 1045 5809 tuis.Utique
1076 5749 1334 5795 exercetur
1360 5754 1520 5796 sensu
1547 5748 1600 5797 et
1631 5742 1863 5812 pruden-

2028 3254 2183 3310 Vers.
2213 3253 2305 3309 29.
2344 3253 2494 3307 Viam
2534 3254 2819 3324 iniquitatis
2865 3270 3041 3309 amove
3067 3271 3099 3309 a
3138 3271 3238 3323 me,
3267 3266 3315 3311 et
3354 3257 3407 3310 in
3436 3256 3546 3328 lege

1956 3355 2046 3399 tua
2073 3347 2310 3401 miserere
2336 3347 2457 3399 mei.
2481 3344 2563 3400 Ad
2587 3346 2731 3400 illam
2759 3347 3271 3416 contemplationem
3302 3350 3547 3405 veritatis

1956 3445 2195 3506 evectus,
2230 3439 2366 3508 petit
2392 3437 2539 3508 quod
2566 3440 2623 3493 in
2653 3440 2756 3495 isto
2783 3440 2986 3495 saeculo
3031 3443 3391 3497 necessarium
3424 3443 3543 3511 fuit,

1957 3539 2013 3584 ut
2040 3530 2122 3583 via
2147 3530 2453 3599 iniquitatis,
2488 3530 2589 3585 hoc
2618 3539 2703 3586 cst
2730 3532 2979 3587 diabolus
3002 3532 3071 3586 ab
3095 3532 3211 3603 ejus
3242 3534 3549 3591 infestatio-

1957 3622 2115 3676 nibus
2149 3622 2446 3688 tolleretur,
2477 3631 2531 3677 et
2568 3624 2623 3677 in
2661 3625 2773 3695 lege
2812 3625 3025 3681 Domini
3065 3636 3302 3696 aptatam
3335 3629 3550 3684 miseria

1956 3712 2194 3768 cordiam
2239 3714 2524 3783 reperiret.
2555 3714 2659 3769 Per
2686 3715 2856 3786 legem
2898 3716 3163 3787 siquidem
3206 3732 3367 3773 nemo
3388 3719 3551 3791 justi-

1957 3803 2224 3869 ﬁcabitur,
2266 3806 2409 3860 sicut
2447 3806 2740 3874 Apostolus
2783 3806 2916 3861 dicit
2944 3824 2958 3859 :
2992 3807 3220 3862 Scientes
3250 3811 3372 3878 quia
3400 3825 3551 3865 nemo

1946 3895 2320 3965 justiﬁcabitur
2344 3912 2410 3951 ea:
2438 3896 2679 3960 operibus
2704 3898 2851 3969 legis,
2873 3900 2963 3952 sed
2990 3915 3054 3954 ea:
3075 3901 3178 3969 ﬁde
3206 3902 3331 3955 Jesu
3362 3900 3552 3958 Christi

1958 3987 2134 4058 (Rom.
2172 4003 2252 4052 ut,
2290 3986 2407 4057 20).
2453 3987 2517 4040 Ει
2549 3988 2769 4056 iterum,
2811 3987 2915 4042 Per
2960 3988 3123 4060 legem
3165 3992 3299 4045 enim
3328 3995 3552 4064 cognitio

1956 4079 2149 4149 peccati
2177 4077 2465 4149 (Ibidem).
2500 4078 2652 4134 Juste
2681 4094 2811 4149 ergo
2840 4081 2915 4135 ibi
2937 4083 3069 4156 petit
3098 4083 3551 4154 misericordiam,

1958 4176 2049 4230 ubi
2077 4190 2138 4231 se
2164 4190 2259 4245 per
2288 4174 2424 4244 legis
2449 4175 2660 4229 vincula
2692 4190 2798 4230 non
2828 4176 3081 4231 credebat
3106 4177 3332 4234 absolvi.

2024 4264 2186 4337 m
2215 4265 2370 4319 Vers.
2402 4266 2492 4320 50.
2538 4264 2692 4319 Viam
2741 4267 2971 4322 veritatis
3015 4269 3180 4341 elegi;
3226 4270 3430 4342 judicia
3465 4280 3553 4326 tua

1958 4376 2059 4414 non
2088 4375 2202 4412 sum
2229 4358 2433 4413 oblitus.
2474 4357 2575 4412 Via
2615 4361 2841 4414 veritatis
2875 4360 3133 4417 Dominus
3165 4361 3413 4419 Christus
3443 4373 3548 4428 est,

1957 4452 2093 4507 sicut
2120 4451 2235 4519 ipse
2263 4451 2388 4506 dicit
2417 4469 2429 4503 :
2464 4451 2577 4522 Ego
2605 4468 2721 4506 sum
2754 4454 2859 4519 via,
2911 4457 3098 4510 veritas
3124 4464 3173 4509 et
3213 4456 3319 4511 vita
3363 4454 3547 4527 (Joan.

2265 4543 2497 4614 Elegisse
2542 4560 2601 4599 se
2647 4545 2863 4601 dicebat
2917 4548 3296 4602 sanctissimus
3350 4549 3551 4604 chorus

1961 4638 2223 4693 culturam
2256 4636 2466 4692 Domini
2490 4636 2782 4691 Salvatorls
2813 4641 2953 4693 inter
2975 4638 3222 4694 diversas
3244 4639 3425 4693 mundi
3459 4655 3552 4694 su-

1966 4729 2326 4798 perstitiones,
2361 4727 2555 4797 quibus
2586 4729 2903 4797 insipienter
2932 4730 3188 4785 mundani
3220 4730 3402 4801 populi
3430 4746 3549 4786 ser-

1964 4820 2198 4876 viebant.
2225 4819 2432 4888 Eligere
2458 4820 2602 4874 enim
2632 4835 2737 4875 non
2767 4829 2874 4885 est,
2925 4822 3025 4876 nisi
3057 4822 3124 4875 de
3170 4823 3354 4878 multis
3386 4838 3550 4879 unum

1966 4912 2166 4983 legere.
2198 4910 2304 4967 Sed
2330 4910 2605 4967 videamus
2629 4927 2796 4981 quare
2818 4928 2880 4967 se
2910 4914 3036 4967 dicit
3063 4912 3295 4983 elegisse,
3325 4920 3443 4970 cum
3468 4915 3554 4970 di-

1967 5016 2121 5063 catur
2165 5008 2220 5063 in
2268 5008 2560 5079 Evangelio
2605 5009 2771 5063 :Non
2819 5025 2904 5063 vos
2953 5025 3031 5060 me
3059 5009 3299 5079 elegistis,
3344 5009 3435 5064 sed
3465 5026 3558 5079 ego

1962 5095 2090 5167 elegi
2116 5114 2202 5152 vos
2229 5097 2409 5168 (Joan.
2456 5114 2547 5162 xv,
2592 5098 2699 5167 16).
2727 5097 2858 5152 Jure
2895 5098 3059 5165 igitur
3088 5098 3318 5168 populus
3361 5100 3555 5155 beatus

1966 5188 2066 5242 ista
2095 5188 2333 5255 dicebat,
2360 5190 2450 5258 qui
2478 5189 2586 5258 jam
2635 5190 2836 5243 electus
2872 5186 3067 5252 fuerat,
3110 5202 3170 5243 ut
3216 5190 3416 5260 eligere
3465 5206 3567 5260 po-

1969 5278 2193 5344 tuisset;
2224 5280 2364 5334 sicut
2394 5282 2446 5334 in
2468 5280 2576 5334 alio
2605 5281 2722 5334 loco
2744 5280 2869 5335 dicit
2895 5278 3083 5350 :Elegi
3111 5281 3338 5352 abjectus
3363 5297 3473 5337 esse
3499 5285 3557 5338 in

1970 5370 2123 5424 domo
2170 5368 2382 5424 Domini
2412 5370 2600 5440 (Psal.
2646 5387 2875 5439 Lxxxnt,
2910 5371 3027 5440 llr).
3084 5373 3274 5429 Merito
3321 5388 3451 5443 ergo
3499 5387 3561 5428 se

1971 5464 2185 5519 oblitum
2237 5462 2443 5518 Domini
2491 5463 2814 5519 nondicebat
2864 5479 2986 5520 esse
3031 5464 3258 5536 judicia,
3314 5464 3407 5535 qui
3440 5463 3561 5519 tali-

1972 5555 2238 5614 electione
2266 5554 2551 5627 gaudebat.

2046 5650 2201 5705 Vers.
2245 5650 2334 5704 51.
2376 5649 2585 5703 ,4άὴωοί
2626 5650 2929 5706 testimoniis
2974 5652 3095 5718 tuis,
3149 5651 3395 5705 Domine.
3453 5646 3559 5700 noli

1973 5759 2050 5797 me
2098 5743 2430 5813 confundere.
2476 5742 2567 5798 ille
2619 5745 2708 5813 qui
2756 5760 2815 5800 se
2862 5746 3151 5815 pavimento
3202 5745 3349 5815 prius
3378 5741 3556 5797 ualue-
