4090 6346
495 347 595 402 847

1695 331 1766 386 M.
1808 323 2085 384 AURELII
2124 323 2524 383 CASSIODORI

3665 316 3771 374 848

492 464 614 514 tisse
651 456 882 523 dixerat,
940 470 1083 513 nunc
1111 468 1170 512 se
1211 449 1422 508 Domini
1455 446 1758 504 testimoniis
1803 441 2082 498 adhazsisse
2111 443 2163 504 Α
2186 439 2514 508 subtilesque
2552 441 2801 492 mntuttas
2829 447 2990 490 omne
3021 434 3219 488 bonum
3248 441 3303 488 et
3339 446 3368 486 a
3413 430 3642 488 Domino
3672 431 3772 488 tri-

492 558 915 616 commemorat;
947 559 1008 604 ut
1035 546 1283 603 ostendat
1313 550 1626 615 provectum
1660 553 1720 594 se
1743 538 1867 592 vita:
1898 534 2082 590 divino

494 657 716 698 munere
762 641 1087 712 percepisse.
1145 637 1252 692 Sed
1303 635 1555 705 quoniam
1589 638 1758 686 totum
1804 629 1859 683 in
1901 625 2084 681 divina

495 735 721 789 tuitione
747 731 1013 796 consistit,
1039 737 1191 800 rogat
1232 737 1290 782 ut
1315 727 1384 782 de
1409 723 1722 780 muneribus
1743 717 1954 776 collatis
1975 731 2082 771 non

495 825 672 888 cadat,
719 838 788 878 ne
833 821 898 876 ad
944 819 1286 876 verecundia:
1341 816 1564 873 confusa
1613 810 1911 882 perveniat.
1969 807 2084 863 Non

495 915 638 970 enim
669 927 728 967 se
755 921 940 967 sancta
968 909 1300 966 conscientia
1345 903 1635 976 nogligenti
1665 901 1959 957 securitate
2001 911 2087 952 re-

497 1007 739 1070 miserat,
767 1004 862 1060 sed
892 1004 1059 1072 magis
1085 998 1228 1071 quod
1272 1002 1559 1066 acceperat
1591 992 1810 1047 humilis
1837 989 2088 1043 amittere

499 1097 841 1155 formidabat.
874 1094 966 1151 Sic
993 1093 1137 1149 enim
1170 1089 1426 1146 confundi
1480 1092 1711 1156 poterat,
1744 1084 1789 1138 si
1835 1079 2087 1152 perderet

507 1189 648 1259 quod
673 1189 911 1244 tenebat.
1266 1251 1268 1253 g

503 1311 508 1314 -
573 1284 723 1340 Vera.
765 1282 855 1338 '52.
905 1279 1054 1334 Viam
1081 1277 1443 1332 mandatorum
1473 1283 1676 1328 tuorum
1715 1266 1941 1331 cucurri,
1974 1278 2092 1317 cum

501 1375 750 1430 dilatare:
770 1388 858 1427 cor
885 1387 1074 1426 meum.
1111 1368 1208 1424 Via
1239 1369 1342 1423 ista
1368 1379 1529 1437 quam
1560 1360 1848 1417 multifario
1875 1357 2090 1423 dicitur,

506 1465 674 1534 quam
710 1464 924 1518 diversa
954 1461 1212 1532 qualitate
1243 1457 1538 1514 tractaturi
1573 1447 1716 1510 Dixit
1742 1451 1887 1508 enim
1925 1463 2095 1518 supe-

502 1560 654 1616 rius:
699 1557 817 1611 Vias
843 1571 982 1610 meas
1010 1553 1300 1616 enuntiavi;
1329 1547 1546 1615 deinde,
1586 1545 1734 1601 Viam
1762 1544 2096 1614 justiﬁcatio-

501 1670 624 1709 nam
653 1661 852 1706 tuarum
876 1650 1070 1703 instrue
1101 1662 1218 1711 me;
1258 1653 1313 1700 et
1341 1647 1560 1708 iterum,
1617 1639 1764 1694 Viam
1808 1636 2097 1704 iniquitatis

2189 533 2302 598 bui,
2331 540 2387 586 et
2417 547 2512 601 per
2540 531 2715 599 ipsum
2745 529 2974 592 servari,
3013 537 3067 581 et
3090 527 3207 596 ejus
3236 525 3408 594 gratia
3438 538 3656 593 semper
3679 539 3776 578 au-

2187 625 2324 695 geri.
2356 624 2421 677 Et
2447 623 2568 676 vide
2612 635 2772 691 qnam
2823 620 3051 690 pulchro
3091 619 3282 673 ordine
3311 624 3503 671 cuncta
3549 615 3776 670 descen—

2189 718 2339 773 dant.
2364 717 2517 772 Prius
2549 718 2701 786 petit,
2734 725 2788 768 ιιι
2819 715 2901 769 lea?
2921 713 2968 767 ei
2991 722 3284 784 poneretur,
3310 709 3362 765 id
3389 716 3474 764 est
3501 705 3638 763 Novi
3674 705 3778 763 To-

2190 809 2464 872 stameuti,
2489 808 2614 878 quia
2651 805 2857 861 Veteris
2880 804 2990 873 jam
3022 801 3274 867 tenebat;
3305 798 3522 868 deinde,
3555 806 3617 852 ut
3642 796 3778 868 legis

2193 903 2361 972 ipsius
2391 901 2744 955 intentionem
2795 910 3122 967 cognoscere
3173 893 3482 954 meruisset,
3513 900 3778 962 quatenus

2193 1009 2308 1050 eam
2341 992 2520 1049 cordis
2549 991 2858 1061 integritate
2879 997 3141 1044 servaret.

2270 1087 2421 1143 Vers.
2456 1087 2545 1142 35.
2593 1084 2770 1138 Deduc
2791 1099 2871 1136 me
2916 1083 2971 1136 in
3011 1083 3247 1135 semitam
3289 1076 3649 1130 mandatorum
3673 1084 3782 1126 tuo-

2192 1198 2330 1247 rum,
2361 1181 2483 1251 quia
2505 1180 2670 1247 ipsum
2690 1177 2849 1231 volui.
2877 1174 3012 1229 Cum
3051 1175 3104 1228 in
3145 1179 3335 1242 quarta
3382 1169 3559 1223 littera
3602 1182 3784 1221 cucur-

2159 1323 2166 1330 .
2197 1281 2324 1332 risse
2343 1292 2402 1332 se
2430 1276 2571 1330 dicat
2614 1275 2748 1327 viam
2795 1271 3178 1331 mandatorum,
3229 1265 3315 1320 hic
3344 1278 3405 1320 se
3449 1263 3505 1316 in
3531 1260 3778 1316 eamdem

2197 1372 2385 1428 deduci
2439 1370 2636 1424 iterum
2689 1363 2998 1436 postulavit.
3052 1360 3158 1416 Sed
3207 1357 3453 1412 mandata
3504 1355 3607 1410 ista
3656 1353 3784 1408 Novi

2199 1467 2528 1527 Testamenti
2560 1464 2818 1520 debemus
2861 1459 3128 1528 accipere,
3176 1455 3267 1510 ubi
3298 1469 3358 1508 se
3394 1449 3616 1522 perduci
3667 1464 3784 1503 ma-

2200 1575 2434 1633 gnopere
2481 1556 2822 1628 precabatur,
2875 1549 3123 1622 quoniam
3194 1544 3404 1601 Veteris
3451 1538 3784 1597 Testamenti

2202 1631 2534 1708 cucurrerat.
2564 1646 2639 1701 ita
2670 1645 2749 1709 iit,
2781 1654 2844 1697 ut
2870 1652 2924 1695 et
2952 1640 3072 1694 lidei
3115 1637 3450 1706 compleatur
3479 1631 3784 1688 desiderata

503 1759 676 1799 "mm
701 1752 734 1790 ⁸
756 1755 836 1794 me
861 1755 880 1804 ἶ
911 1737 1126 1807 repeti"
1166 1735 1312 1788 Viam
1337 1732 1569 1788 “mam
1593 1728 1721 1800 ⁸1⁸9⁵
1744 1743 1764 1792 ἶ
1791 1726 1860 1781 ad
1889 1733 2100 1795 βοείη·
2149 1748 2156 1760 ‘
2204 1740 2486 1814 perfectio,
2516 1748 2570 1794 et
2593 1744 2777 1792 sancta
2807 1735 3081 1801 Scriptura
3126 1728 3264 1784 nihil
3302 1724 3410 1780 sibi
3458 1720 3786 1779 contrarium

507 1855 670 1906 mum!
737 1835 882 1889 Viam
929 1833 1288 1886 mandammm
1343 1837 1548 1882 ““m‘m
1599 1823 1842 1888 “cum;
1897 1827 1957 1874 ω
1980 1819 2095 1873 δίη
2129 1826 2168 1884 Β
2199 1812 2399 1892 dixisse
2429 1833 2692 1887 videatur.
2725 1827 2858 1883 Nam
2890 1841 3009 1880 cum
3041 1821 3170 1877 dicit
3201 1839 3214 1874 :
3243 1819 3422 1888 Ipsam
3463 1817 3627 1881 volui,
3656 1812 3786 1867 Novi

506 1934 681 1996 bonae,
715 1929 829 1985 sive
859 1925 1014 1982 malae
1043 1925 1169 1979 vitae
1199 1923 1334 1977 aiant
1366 1919 1472 1975 dici
1499 1913 1830 1974 omnimodis
1860 1912 2092 1966 instrua-

506 2037 646 2078 mur.
671 2017 924 2075 Veritatis
967 2015 1218 2072 ordinem
1263 2026 1510 2076 servans,
1543 2005 1830 2062 cucurrisse
1857 2017 1918 2058 se
1965 2001 2096 2055 dicit

507 2116 638 2170 viam
662 2112 1038 2174 mandatorum,
1066 2106 1320 2178 quoniam
1345 2118 1434 2158 cor
1463 2115 1620 2156 suum
1643 2113 1672 2152 a
1697 2095 1924 2151 Domino
1945 2105 2095 2146 asse.

507 2209 578 2262 rit
602 2220 710 2260 esse
737 2204 1030 2258 dilatatam.
1083 2199 1200 2254 Non
1227 2197 1372 2253 enim
1418 2193 1682 2264 potuisset
1708 2191 1794 2245 vel
1820 2185 2096 2242 ambulare

514 2297 599 2355 vel
630 2293 1003 2361 currere,-nisi
1035 2308 1122 2345 cor
1147 2290 1264 2360 ejus
1297 2289 1348 2343 in
1375 2285 1658 2341 latitudine
1688 2279 1929 2336 scientia:
1961 2276 2094 2330 fuis-

510 2399 592 2448 set
617 2399 941 2450 extensum;
975 2398 1097 2438 nam
1129 2397 1250 2436 cum
1283 2381 1363 2434 via
1392 2377 1760 2431 mandatorum
1790 2369 1910 2440 ejus
1951 2368 2095 2437 lega-

511 2494 596 2539 tur
637 2487 882 2552 angusta,
913 2476 1014 2531 nisi
1039 2473 1260 2529 dilatato
1281 2469 1445 2526 corde
1485 2481 1590 2522 non
1612 2464 1874 2520 curritur.
1903 2458 2095 2515 Anima

511 2576 653 2632 enim
682 2549 895 2643 quando
923 2568 1100 2621 lumen
1145 2562 1388 2618 veritatis
1429 2556 1718 2628 acceperit,
1770 2555 1824 2607 in
1858 2549 2098 2606 multifa-

511 2670 619 2724 rias
647 2638 947 2736 agnitiones
977 2655 1254 2727 aperitur;
1292 2658 1348 2705 et
1393 2650 1550 2705 latior
1599 2647 1843 2703 redditur
1885 2638 2098 2696 virtuti-

513 2763 614 2816 bus
658 2734 905 2828 cognitis,
941 2766 1059 2822 qnte
1088 2749 1241 2820 prius
1281 2745 1456 2801 iuerat
1503 2748 1783 2813 angustata
1837 2734 2095 2806 peccatis.

513 2855 656 2910 Bene
683 2827 858 2905 autem
889 2845 1044 2910 dixit,
1075 2841 1297 2906 cucurri,
1331 2846 1390 2893 ut
1420 2833 1729 2891 ostenderet
1754 2846 1812 2887 se
1842 2829 1907 2884 ad
1935 2827 2098 2883 ﬁdem

513 2953 710 3002 rectam
737 2937 998 2996 velociter
1028 2931 1238 2989 Domini
1269 2943 1492 2985 munere
1519 2924 1854 2996 pervenisse.
1886 2921 2092 2975 Cucur-

515 3039 580 3092 rit
601 3035 751 3090 enim
775 3031 919 3086 viam
961 3026 1160 3097 justus,
1208 3022 1384 3078 donec
1434 3019 1596 3091 (sicut
1621 3015 1755 3071 dicit
1783 3011 2098 3082 Apostolus)

517 3123 790 3199 perveniat
829 3119 897 3175 ad
947 3117 1179 3190 palmam
1224 3125 1472 3183 superna:
1522 3105 1824 3164 vocationis
1863 3103 2098 3176 (Philip.

518 3233 570 3275 ιιι
591 3259 607 3286 ,
635 3214 744 3287 ιι).
1186 3255 1188 3259 .

587 3309 744 3366 Vers.
775 3306 866 3362 5'5.
895 3331 966 3345 -—-
1007 3316 1060 3355 v.
1108 3299 1212 3355 lie.
1252 3298 1438 3370 Legem
1485 3310 1617 3367 pone
1672 3290 1818 3356 mihi,
1865 3287 2101 3355 Domine,

517 3402 652 3456 viam
689 3394 1126 3468 justiﬁcationum
1175 3398 1469 3452 tuatum,et
1518 3386 1781 3457 exquiram
1811 3398 1925 3436 eam
1972 3396 2105 3435 sent-

517 3509 628 3565 per.
653 3489 732 3545 Ad
762 3487 1001 3558 quintam
1032 3483 1267 3537 litteram
1299 3480 1450 3548 plebs
1476 3479 1629 3533 beata
1655 3473 1940 3546 processit,
1963 3471 2108 3527 mul-

518 3564 591 3642 tis
633 3580 806 3638 modis
837 3585 1098 3647 expetens
1145 3579 1204 3626 ut
1254 3572 1307 3624 in
1357 3571 1473 3642 lege
1521 3569 1728 3624 Domini
1771 3566 1890 3638 ejus
1916 3564 2108 3620 debeat

520 3687 747 3731 munere
781 3665 1063 3726 custodiri.
1095 3661 1476 3732 lnquirendum
1519 3660 1675 3732 plane
1696 3673 1855 3729 quam
1886 3655 1990 3712 sibi
2034 3654 2109 3708 le-

519 3785 633 3840 gem
656 3774 802 3837 petat
831 3762 1055 3835 populus
1083 3759 1186 3816 iste
1211 3757 1485 3825 constitui,
1519 3756 1612 3826 qui
1656 3751 1905 3823 superius
1946 3748 2102 3814 dixit,

519 3872 565 3918 et
587 3863 642 3917 in
673 3860 784 3932 lege
805 3867 893 3912 tua
915 3857 1149 3912 miserere
1179 3856 1300 3910 mei.
1333 3851 1467 3909 lllud
1497 3849 1695 3905 dictum
1727 3854 1810 3902 est
1831 3845 1898 3900 de
1933 3841 2107 3898 Veteri

520 3953 902 4016 Testamento;
936 3963 1078 4004 nunc
1117 3958 1298 4004 autem
1331 3957 1522 4001 novam
1553 3941 1714 4013 legem
1746 3936 1982 4008 postulat
2006 3934 2106 3991 sibi

521 4047 720 4104 debere
747 4044 898 4115 poni,
937 4042 1190 4098 veniente
1237 4038 1444 4096 scilicet
1493 4035 1722 4091 Domino
1770 4031 2018 4094 Christo;
2053 4034 2112 4082 ut

523 4139 618 4198 illo
663 4137 894 4193 adventu
941 4142 1144 4190 sanctae
1187 4129 1574 4188 incarnationis
1616 4125 1832 4197 expleto
1881 4121 2000 4195 [min
2039 4117 2109 4172 G.

524 4242 575 4286 et
597 4231 703 4294 ed.,
737 4225 1032 4298 expletus],
1081 4223 1321 4295 perfecto
1365 4219 1684 4277 Christianae
1738 4215 1862 4270 tidei
1911 4211 2112 4267 robore

525 4323 862 4383 ﬁrmaretur;
895 4319 1034 4372 sicut
1061 4317 1264 4370 dictum
1307 4322 1427 4368 est:
1464 4309 1542 4364 De
1576 4308 1705 4362 Sion
1731 4304 1887 4362 exibit
1924 4303 2028 4369 lex,
2059 4309 2112 4355 et

525 4412 726 4468 verbum
767 4406 974 4461 Domini
1013 4407 1077 4459 de
1106 4402 1396 4458 Jerusalem
1443 4400 1598 4473 (lsai.
1648 4413 1722 4462 ll,
1751 4396 1830 4468 '5).
1863 4395 2110 4466 Denique

526 4505 717 4576 iugiter
736 4517 796 4557 se
817 4515 934 4556 eam
963 4499 1094 4555 dicit
1136 4496 1422 4566 exquirere.
1467 4492 1604 4548 lllud
1652 4491 1796 4546 enim
1839 4489 2110 4545 desiderio

2197 1927 2527 1986 Testamenti
2585 1920 2916 1992 Spiritualem
2996 1915 3220 1986 gratiam
3291 1911 3555 1982 probatur
3624 1920 3786 1974 expe-

2198 2031 2343 2086 tere,
2378 2033 2473 2088 per
2496 2029 2653 2086 quam
2692 2025 2751 2066 se
2771 2009 2838 2064 ad
2866 2007 3124 2063 etelorum
3154 2018 3314 2074 regna
3345 2007 3572 2055 noverat
3598 2010 3786 2067 pervc-

2199 2126 2336 2166 utre.

2269 2199 2425 2254 Vers.
2456 2196 2546 2250 36.
2589 2191 2795 2247 lnclina
2821 2203 2909 2242 cor
2947 2201 3112 2240 meum
3155 2185 3208 2238 in
3245 2180 3538 2237 testimonia
3583 2187 3695 2244 tua,
3739 2185 3788 2230 et

2200 2310 2303 2348 non
2323 2293 2377 2346 in
2404 2288 2689 2343 avaritiam.
2716 2277 3184 2352 D;ligenterverba
3207 2275 3308 2330 ista
3325 2272 3604 2328 tractanda
3638 2277 3782 2324 sunt.

2200 2385 2565 2440 Inclinaricor
2594 2393 2747 2433 snttm
2793 2376 2930 2444 petit
2980 2373 3032 2426 in
3067 2369 3356 2426 testimonia
3409 2365 3642 2429 Domini,
3701 2361 3790 2416 ubi

2201 2491 2307 2530 non
2336 2489 2430 2543 per
2461 2483 2708 2540 rapacem
2741 2463 3046 2529 avaritiam,
3081 2459 3179 2514 sed
3209 2474 3304 2528 per
3334 2455 3650 2512 laudabilem
3685 2451 3786 2506 hu-

2202 2542 2483 2624 militatem
2555 2565 2842 2631 praestante
2895 2553 3124 2609 Domino
3167 2549 3493 2620 pervenitur.
3539 2542 3789 2596 Inclinati

2202 2662 2346 2718 enim
2387 2656 2579 2713 melius
2609 2650 2972 2720 conSpicimus
3003 2662 3122 2717 qua:
3177 2655 3301 2699 ante
3350 2641 3537 2698 oculos
3580 2647 3792 2692 nostros

2202 2768 2321 2811 esse
2353 2753 2751 2809 monstrantur;
2787 2757 2908 2796 nam
2962 2740 3040 2793 illi
3099 2738 3188 2808 qui
3240 2733 3409 2792 erecti
3454 2743 3510 2789 et
3549 2731 3791 2786 vanitate

2205 2843 2377 2914 supini
2406 2847 2554 2904 sunt,
2587 2848 2922 2906 nequaquam
2971 2837 3197 2901 possunt
3225 2828 3467 2898 subjecta
3515 2825 3689 2881 oculis
3719 2824 3792 2878 in-

2205 2938 2360 2994 tueri.
2398 2932 2635 2998 Addidit,
2667 2937 2715 2986 et
2743 2943 2844 2982 non
2866 2928 2918 2980 in
2947 2923 3241 2978 avaritiam.
3273 2921 3462 2978 Sciens
3485 2920 3573 2974 illa
3599 2918 3794 2973 cohors

2205 3040 2509 3086 sanctorum
2539 3024 2811 3078 avaritiam
2833 3033 3084 3088 capacem
3127 3030 3248 3072 esse
3289 3014 3568 3075 vitiorum,
3602 3010 3740 3064 hanc
3761 3024 3792 3062 a

2205 3138 2263 3178 se
2291 3120 2490 3190 expetit
2517 3115 2774 3182 amoveri,
2804 3121 2863 3167 ut
2904 3112 3161 3182 pctuissel
3188 3116 3300 3162 toto
3329 3105 3495 3161 corde
3535 3103 3606 3157 ad
3649 3101 3793 3157 Scri-

2135 3217 2179 3279 C
2215 3227 2397 3288 pturas
2447 3209 2837 3268 sacratissimas
2889 3203 3175 3260 salubriter
3228 3199 3496 3256 inclinari.
3564 3195 3795 3251 Avaritia

2203 3311 2348 3366 enim
2376 3317 2457 3364 est
2489 3301 2864 3375 temporalium
2901 3313 3082 3354 rerum
3125 3295 3356 3364 ﬂagrans
3385 3289 3612 3347 omnino
3657 3285 3796 3342 desi-

2207 3402 2435 3464 derium,
2465 3398 2611 3453 unde
2640 3403 2694 3450 et
2724 3394 2930 3463 primus
2977 3389 3140 3442 homo
3171 3383 3432 3455 peccavit,
3482 3389 3538 3436 et
3563 3378 3676 3432 suis
3705 3390 3797 3447 po~

2209 3494 2368 3549 steris
2400 3491 2526 3546 vitia
2573 3487 2842 3543 incentiva
2896 3479 3204 3549 dereliquit.
3257 3477 3392 3532 llinc
3445 3483 3501 3530 et
3552 3470 3798 3527 diabolus

2207 3585 2480 3641 accusavit
2503 3581 2626 3648 Job,
2658 3579 2844 3634 dicens
2875 3575 3017 3646 (Job.
3047 3589 3101 3638 ι,
3135 3571 3262 3641 l0):
3306 3571 3537 3636 Pr0pter
3573 3566 3794 3620 divitias

2210 3693 2341 3749 quas
2371 3676 2445 3731 illi
2476 3674 2720 3734 dederat,
2772 3683 2876 3724 non
2909 3674 3126 3737 propter
3170 3664 3340 3731 ipsam
3384 3657 3799 3728 contemplatio-

2209 3783 2330 3825 nem
2354 3781 2458 3838 qua
2499 3765 2674 3820 bonus
2695 3773 2797 3824 eat,
2825 3759 2894 3814 ab
2921 3773 2986 3813 eo
3018 3755 3300 3810 Dominum
3325 3751 3488 3805 fuisse
3516 3749 3796 3804 dilectum.

2211 3861 2362 3931 Quod
2393 3871 2626 3926 sequens
2660 3850 2996 3922 impugnavit
3023 3856 3272 3910 eventus,
3319 3841 3533 3913 quando
3561 3842 3644 3893 vir
3669 3853 3798 3892 san-

2212 3967 2331 4009 ctus
2375 3951 2430 4005 in
2461 3947 2714 4002 omnibus
2743 3941 2986 3999 adversis
3019 3937 3247 3994 Domino
3277 3935 3473 4006 gratias
3523 3931 3790 3984 actitavit.

2215 4045 2353 4102 Petit
2381 4057 2508 4112 ergo
2536 4039 2760 4110 populus
2789 4037 2978 4089 beatus
3007 4041 3063 4085 ut
3088 4030 3226 4083 hanc
3255 4027 3521 4081 avaritiam
3545 4022 3612 4075 de
3632 4019 3798 4074 corde

2214 4139 2330 4208 ejus
2360 4145 2630 4195 antoveat,
2661 4137 2710 4186 et
2744 4128 2808 4182 ad
2843 4121 3148 4182 testimonia
3179 4119 3386 4174 Domini
3420 4115 3537 4171 snio
3566 4110 3800 4184 probita~

2220 4234 2289 4286 tis
2315 4229 2569 4284 invitetur
2599 4223 2814 4278 all'ertu.

2286 4321 2438 4375 Vers.
2469 4319 2557 4373 ⁸57.
2604 4317 2776 4368 Averte
2794 4311 2968 4366 oculos
2991 4325 3126 4362 meos
3170 4322 3228 4359 ne
3254 4305 3460 4359 videant
3491 4299 3796 4356 vaititatsm.

2216 4417 2270 4471 in
2299 4415 2378 4468 via
2403 4423 2490 4466 tua
2530 4408 2730 4478 vivi/ica
2775 4421 2872 4460 me.
2909 4402 3054 4457 Multi
3079 4400 3238 4469 hujus
3287 4396 3467 4451 smcnli
3502 4392 3794 4462 prudentes

2215 4503 2560 4563 continentia!
2587 4515 2646 4554 se
2678 4500 2791 4568 lege
2817 4493 3075 4549 moderati
3111 4499 3256 4554 sunt,
3286 4498 3344 4543 ut
3376 4487 3656 4540 hominum
3692 4495 3798 4534 ma-

527 4597 901 4655 inardescente
924 4606 1141 4662 semper
1164 4587 1486 4659 exquiritur,
1515 4583 1658 4656 quod
1688 4583 1874 4640 venire
1902 4581 2106 4653 magnis
2140 4613 2193 4674 D
2219 4601 2298 4670 gis
2343 4611 2501 4668 quam
2533 4593 2747 4648 Domini
2799 4588 3004 4660 judicio
3034 4583 3197 4657 404
3245 4583 3669 4650 complacerent.
3703 4573 3800 4630 Sed

529 4691 780 4763 precibus
807 4690 1126 4760 postulatur.

603 4783 758 4840 Vers.
788 4781 877 4837 5i.
920 4778 1004 4833 Da
1048 4777 1174 4832 uti/ti
1201 4775 1535 4838 intellectum,
1565 4779 1612 4826 et
1644 4769 1911 4826 scrutabor
1954 4767 2114 4838 legem

532 4887 706 4940 tuam;
736 4885 784 4929 et
805 4873 1092 4929 custodiam
1122 4869 1270 4924 illam
1294 4869 1350 4922 in
1372 4875 1476 4922 toto
1502 4866 1657 4921 corde
1684 4880 1818 4920 meo.
1849 4862 2113 4918 Conside-

534 4969 760 5025 randum
797 4965 1035 5036 estquid
1077 4963 1179 5020 sibi
1219 4961 1348 5017 velit
1379 4959 1519 5031 quod
1564 4959 1760 5013 iterum
1802 4956 1953 5025 petit,
2001 4968 2120 5022 quae

535 5061 688 5128 prius
719 5073 778 5113 se
802 5057 1072 5123 accepisse
1109 5053 1446 5116 memoravit,
1481 5049 1534 5104 id
1563 5058 1666 5113 est,
1704 5046 1856 5102 Viam
1898 5044 2118 5098 manda-

535 5157 932 5206 torunttttorum
972 5147 1219 5210 cucurri;
1275 5143 1480 5198 scilicet
1531 5140 1654 5206 quia
1711 5137 1850 5190 dona
1907 5135 2119 5190 Domini

538 5242 793 5298 continue
816 5249 939 5295 sunt
961 5239 1210 5307 petenda.
1241 5232 1470 5306 Semper
1497 5233 1640 5289 enim
1666 5237 1886 5300 praestat
1911 5229 1999 5298 qui
2029 5229 2122 5281 do-

539 5345 662 5389 nata
688 5340 998 5397 conservat;
1025 5339 1077 5384 et
1103 5328 1364 5400 probabili
1395 5326 1667 5382 desiderio
1698 5323 1953 5378 continue
1985 5319 2123 5390 peti-

537 5443 680 5493 mus,
710 5424 848 5494 quod
892 5425 946 5479 in
987 5423 1142 5478 nobis
1173 5435 1486 5490 permanere
1518 5419 1716 5489 jugiter
1769 5415 2116 5486 postulamus.

535 5519 656 5592 ipse
685 5517 830 5573 enim
855 5521 1224 5586 perscrutatur
1265 5511 1403 5566 hanc
1459 5510 1656 5580 legem,
1705 5506 1790 5560 cui
1820 5504 2122 5560 intellectus

536 5620 875 5686 pra-statura
907 5607 1156 5662 Domino.
1203 5605 1268 5661 Et
1297 5614 1354 5660 ut
1399 5605 1756 5659 constantiam
1805 5597 1908 5669 piae
1953 5597 2124 5667 perle-

435 5704 441 5714 ’
535 5707 730 5763 etionis
751 5702 1081 5769 ostenderet,
1104 5715 1222 5756 eam
1249 5714 1308 5755 se
1335 5698 1464 5753 dicit
1486 5699 1541 5751 'm
1569 5706 1674 5750 toto
1717 5692 1874 5748 Corde
1901 5705 2000 5747 suo
2031 5689 2122 5744 Di-

537 5800 774 5856 viuitatis
817 5809 1042 5854 munere
1067 5792 1323 5849 custodire
1355 5807 1373 5845 :
1414 5790 1699 5844 declarans
1731 5801 1824 5855 per
1849 5785 2125 5839 universas

2221 4694 2310 4748 isti
2333 4704 2550 4761 operam
2581 4702 2730 4742 suam
2766 4698 2906 4737 vano
2937 4679 3114 4738 studio
3144 4677 3521 4748 perdiderunt;
3556 4670 3802 4743 quoniam

2221 4782 2478 4850 scriptum
2530 4787 2614 4833 est
2645 4794 2658 4830 :
2692 4774 2776 4829 Ne
2805 4773 3012 4845 faciatis
3051 4768 3312 4841 justitiam
3359 4774 3581 4820 vestram
3641 4775 3803 4816 coraut

2184 4871 2512 4943 .hominibns
2544 4865 2758 4936 (Matth.
2787 4879 2875 4932 vr,
2929 4860 3002 4933 Ι).
3060 4859 3211 4915 Unde
3261 4871 3402 4910 nunc
3461 4855 3612 4922 plebs
3660 4852 3806 4906 beata

2225 4967 2544 5032 deprecatur
2571 4971 2626 5014 ut
2654 4959 2829 5012 oculos
2857 4955 3036 5011 cordis
3083 4955 3201 5020 ejus
3231 4965 3261 5004 a
3293 4948 3380 5003 tali
3409 4945 3687 5017 proposito
3713 4944 3806 4996 Do-

2227 5057 2402 5112 minus
2428 5054 2680 5124 dignetur
2715 5057 2937 5103 avertere
2960 5063 2978 5100 :
3026 5061 3093 5101 ne
3143 5055 3392 5114 perversa
3425 5035 3808 5092 consuetudine

2227 5147 2512 5202 mundanis
2542 5143 2708 5214 possit
2742 5137 3186 5196 delectatiunibus
3220 5130 3480 5202 impii-ari
3509 5148 3521 5180 :
3559 5129 3685 5197 quia
3714 5141 3809 5182 nos

2225 5251 2276 5296 et
2306 5255 2400 5310 per
2427 5238 2614 5292 oculos
2647 5247 2874 5298 peccare
2913 5247 3018 5285 non
3049 5228 3270 5283 dubium
3298 5233 3400 5286 est,
3423 5221 3550 5274 dum
3580 5233 3808 5287 c0uspe-

2224 5345 2430 5385 etarutn
2456 5343 2632 5382 rerum
2662 5323 2955 5378 ambitione
2973 5318 3319 5374 traducimur.
3348 5315 3427 5366 Ab
3456 5312 3554 5365 hac
3581 5311 3727 5363 enim
3754 5322 3809 5361 se

2231 5420 2464 5474 vanitate
2496 5417 2610 5471 ﬁeri
2645 5416 2747 5481 dep
2777 5423 2962 5468 ocatur
3008 5410 3264 5470 alienum,
3311 5402 3564 5473 quoniam
3617 5400 3812 5454 sciebat

2231 5515 2356 5568 inde
2379 5511 2670 5566 maximum
2697 5506 2881 5562 venire
2935 5512 3232 5574 peccatum.
3287 5497 3419 5552 llinc
3462 5505 3716 5548 notantur
3763 5497 3812 5544 et

2234 5605 2311 5659 illi
2343 5601 2434 5674 qui
2488 5601 2719 5656 diversis
2770 5595 3089 5666 spectaculis
3141 5598 3500 5658 occupantur;
3562 5586 3688 5639 hinc
3727 5582 3812 5651 qui

2236 5695 2516 5750 mulierum
2545 5692 2684 5747 ταξᾶο
2707 5704 2892 5743 amore
2922 5686 3232 5756 rapiuntur;
3257 5681 3381 5736 hinc
3406 5679 3496 5747 qui
3522 5677 3810 5731 alienarum

2231 5802 2408 5844 rerum
2486 5782 2880 5855 possessionem
2959 5777 3204 5847 improbe
3255 5770 3663 5842 concupiscunt.
3717 5762 3812 5820 Sed
