4032 6340
271 420 376 477 849

1171 408 1525 472 EXPOSITIO
1565 408 1626 463 IN
1669 404 2127 463 PSALTERIUM.
2170 403 2363 464 PSAL.
2405 404 2631 462 CXVIII.

3444 397 3547 452 8250

275 538 399 593 huic
422 532 665 605 petitioni
691 529 903 585 additur
932 536 986 585 et
1009 527 1100 583 illa
1129 527 1419 598 perfectio;
1444 533 1503 580 ut
1528 525 1584 578 in‘
1610 523 1692 576 via
1732 535 1850 579 sua,
1883 518 1933 578 A
1963 518 2215 574 Precatur
2243 535 2372 589 ergo
2405 528 2462 574 ut
2502 532 2660 587 supra
2692 531 2809 573 eam
2862 515 3121 571 Dominus
3163 513 3412 570 Salvator
3457 513 3553 567 ad-

274 628 325 683 id
361 637 445 683 est
493 626 546 680 in
601 623 829 678 Domino
874 620 1089 676 Christo
1131 635 1254 675 eum
1288 618 1544 683 vivi/icore
1584 614 1854 683 dignetur,

274 718 330 774 in
358 731 467 784 quo
504 728 634 770 vere
659 712 966 781 oiviﬁcatur,
1000 708 1125 780 quia
1166 721 1312 764 mors
1336 708 1451 775 ejus
1476 706 1673 760 virtute
1702 716 1860 773 supe-

274 819 447 866 ratur.
1512 868 1515 871 ,

354 898 510 952 νει-ς.
558 894 650 951 38.
694 894 879 948 Statue
899 909 1044 947 servo
1094 901 1180 947 tuo
1217 892 1475 960 eloquium
1521 898 1665 944 tuum
1720 888 1774 943 in
1796 888 1860 941 ti-

271 1008 418 1048 mare
450 999 558 1044 tuo.
590 986 793 1051 Statue,
821 985 972 1051 dicit,
1015 993 1161 1040 stare
1196 983 1301 1049 fac,
1326 982 1380 1036 id
1404 990 1509 1048 est,
1536 980 1717 1048 inﬁge,
1747 992 1866 1031 con-

273 1082 452 1141 solida
483 1090 646 1151 atque
676 1077 935 1134 conﬁrma
967 1094 980 1129 :
1014 1092 1082 1132 ne
1122 1082 1366 1132 sanctum
1391 1071 1663 1142 eloquium
1695 1068 1865 1141 fugari

274 1176 555 1232 oblivione
584 1170 887 1235 dilabatur;
914 1169 1158 1240 quodin
1209 1168 1412 1223 nostris
1467 1180 1683 1234 semper
1709 1163 1870 1219 debet

272 1268 527 1326 sensibus
550 1263 814 1321 stabiliter
841 1274 1181 1331 permanere.
1213 1256 1312 1316 Cui
1354 1257 1433 1314 rei
1478 1257 1617 1312 bene
1639 1254 1867 1319 addidit,

275 1361 538 1426 timorem,
570 1369 629 1415 ut
651 1375 869 1431 semper
893 1373 1109 1415 oremus
1136 1373 1207 1415 ne
1232 1366 1480 1427 suscepta
1498 1370 1720 1410 munera
1746 1367 1869 1423 pos-

275 1452 450 1509 simus
495 1452 769 1519 amittere,
813 1460 867 1507 et
905 1452 1119 1521 gravius
1160 1451 1231 1505 sit
1257 1448 1592 1504 dulcedinem
1622 1445 1874 1501 didicisse

278 1556 402 1611 qua:
434 1550 637 1611 pereat.
680 1541 988 1610 Subiunxit,
1036 1552 1141 1607 tuo,
1174 1539 1265 1610 qui
1312 1539 1380 1595 ab
1423 1539 1657 1594 lmmano
1682 1536 1875 1591 timore

284 1631 447 1703 longe
467 1633 731 1688 discretus
780 1642 882 1688 est.
912 1631 1015 1687 Iste
1045 1631 1186 1687 enim
1240 1631 1318 1685 sic
1365 1628 1635 1695 tormidat,
1667 1634 1727 1681 ut
1754 1625 1879 1681 dili-

1965 609 2165 676 veniat,
2193 609 2284 678 qui
2314 619 2396 664 est
2418 609 2770 663 misericordia
2798 615 3165 676 peccatorum,
3198 611 3254 658 et
3278 603 3382 657 vita
3416 600 3548 658 ﬁde-

1966 700 2117 755 lium.
2149 700 2222 754 Et
2264 710 2324 755 ut
2382 701 2525 755 hanc
2570 698 2992 754 misericordiam
3044 692 3351 767 specialiter
3377 694 3553 764 ipsum

1963 794 2243 851 debuisses
2265 795 2568 863 advertere,
2617 804 2861 851 secutum
2918 804 3037 859 est,
3089 794 3317 847 salutare
3368 800 3555 857 tuum;

1965 900 2153 941 revera
2193 900 2289 955 per
2327 900 2488 956 quem
2537 884 2687 941 salus
2742 885 2996 956 gentibus
3017 883 3186 949 venit,
3224 883 3315 953 qui
3355 882 3557 938 mundo

1966 978 2248 1047 aegrotanti
2279 977 2601 1033 medicinam
2647 992 2762 1033 sua:
2802 977 3014 1048 pietatis
3047 976 3312 1032 attribuit.
3355 974 3558 1033 Secun-

1968 1071 2089 1123 dum
2118 1069 2386 1141 eloquium
2415 1078 2582 1137 tuum,
2616 1069 2771 1138 dixit,
2807 1069 2858 1124 id
2889 1077 2972 1124 est
2999 1067 3291 1124 secundum
3324 1068 3559 1138 promis-

1968 1160 2173 1215 sionem
2207 1169 2374 1229 tuam,
2396 1176 2555 1232 quam
2588 1176 2682 1231 per
2703 1161 2993 1231 prophetas
3021 1161 3364 1233 cognosceris
3394 1160 3560 1217 fuisse

1974 1250 2262 1323 pollicitus.

2048 1343 2201 1399 Vers.
2234 1343 2325 1399 42.
2368 1344 2435 1397 Et
2476 1345 2790 1415 respondebo
2827 1343 3252 1416 exprobrantibus
3297 1358 3424 1397 nunt
3452 1358 3561 1398 ver-

1974 1436 2112 1503 bum,
2140 1436 2259 1506 quia
2282 1435 2480 1507 speravi
2501 1436 2553 1488 in
2580 1434 2896 1491 sermonibus
2924 1436 3043 1490 tuis.
3082 1433 3205 1489 Haec
3232 1433 3389 1490 nobis
3421 1433 3562 1488 indis

1974 1536 2062 1583 cat
2099 1529 2342 1583 absoluta
2373 1526 2494 1600 [ηις.
2529 1526 2596 1582 G.
2620 1536 2664 1582 et
2690 1528 2801 1595 ed.,
2843 1525 3108 1597 absolute]
3130 1527 3413 1593 sententia,
3442 1542 3592 1581 cum

1976 1619 2378 1676 adversantium
2439 1619 2602 1674 fuerit
2651 1619 2861 1688 objecta
2914 1619 3183 1684 versutia;
3240 1619 3329 1688 qui
3390 1627 3567 1672 tamen

284 1730 410 1790 gat;
462 1722 539 1777 sic
581 1721 794 1791 quaerit,
828 1730 886 1776 ut
920 1735 1191 1791 nunquam
1242 1719 1452 1774 desinat
1492 1732 1674 1772 amare
1718 1730 1877 1786 quem
1978 1720 2203 1782 possunt
2230 1712 2475 1781 recipere
2502 1710 2791 1778 rationem,
2821 1726 2925 1766 non
2960 1710 3114 1765 nobis
3136 1710 3441 1775 tacendum,
3467 1710 3565 1764 sed

282 1812 494 1867 metuit.
544 1812 613 1868 Et
644 1813 766 1879 quia
796 1811 1011 1882 plurimi
1053 1810 1267 1881 eloquia
1319 1807 1530 1863 Domini
1580 1806 1881 1876 suscipiunt
1981 1800 2413 1872 respondendum
2454 1815 2576 1856 esse
2604 1800 2833 1855 viriliter
2867 1818 2881 1853 :
2931 1814 2999 1854 ne
3029 1799 3129 1853 sibi
3163 1798 3601 1869 tnalignantium.:

285 1903 638 1974 negligenter,
657 1913 713 1958 et
737 1911 988 1972 tanquam
1016 1901 1224 1956 fabulas
1262 1899 1478 1954 inutiles
1507 1897 1692 1952 audire
1708 1895 1877 1951 decli-
1906 1905 1955 1966 Β
1981 1893 2328 1967 prtesumptio
2357 1894 2603 1964 superior
2631 1906 2752 1948 esse
2779 1892 3046 1947 videatur.
3074 1890 3403 1963 Exprobrant
3427 1889 3588 1945 enim.

284 2004 437 2060 nant,
481 1994 676 2050 merito
696 1992 924 2058 addidit,
956 1994 1010 2047 in
1055 1993 1237 2047 timore
1266 1999 1375 2057 tuo,
1430 1988 1522 2043 ubi
1568 2002 1671 2044 nec
1720 1987 1876 2058 culpa

286 2087 651 2156 conquiritur,
674 2099 774 2142 nec
810 2083 878 2140 ad
906 2082 1127 2140 desidiae
1154 2082 1465 2138 discrimina
1496 2079 1827 2151 pervenitur.

367 2178 524 2236 Vers.
565 2177 656 2235 59.
696 2179 925 2247 Amputa
965 2176 1295 2248 opprobrium
1338 2189 1509 2227 nteant
1548 2171 1684 2242 quod
1713 2170 1881 2241 suspi-

287 2278 442 2325 catus
467 2285 599 2338 sum,
630 2270 751 2341 quia
777 2268 970 2337 iudicia
993 2277 1084 2322 tua
1106 2264 1360 2333 iucunda.
1387 2264 1449 2319 In
1476 2264 1577 2319 hac
1612 2261 1881 2318 sententia

289 2362 589 2418 maximum
621 2363 807 2417 vitium
837 2359 1184 2416 humanitatis
1208 2357 1516 2428 exponitur.
1550 2354 1698 2409 Multi
1730 2353 1875 2408 enim

291 2454 350 2511 in
381 2454 707 2525 opprobrium
744 2453 945 2508 cadunt
973 2452 1129 2507 aliter
1156 2464 1313 2520 quam
1343 2448 1537 2503 habeat
1562 2446 1758 2502 veritas
1787 2459 1879 2499 su-

290 2545 577 2616 spicando;
632 2560 792 2617 quam
826 2546 1037 2615 culpam
1091 2559 1124 2599 a
1171 2557 1231 2598 se
1272 2541 1547 2597 desiderat
1594 2536 1881 2608 amputari.

294 2639 401 2694 Pro
426 2639 607 2694 multis
633 2639 777 2694 enim
810 2639 968 2694 malis
988 2652 1137 2707 stupe
1162 2636 1362 2691 bonum
1391 2631 1757 2690 testimonium
1791 2631 1885 2683 da-

293 2746 438 2797 mus,
469 2741 629 2801 atque
656 2730 848 2785 iterum
878 2730 946 2786 de
975 2729 1130 2785 bonis
1173 2728 1314 2783 mala
1359 2725 1591 2781 dicimus
1637 2722 1885 2777 nescien-

296 2830 414 2887 tes;
441 2828 496 2877 et
516 2835 743 2876 necesse
782 2828 866 2877 est
904 2817 1286 2876 verecundiam
1319 2817 1579 2879 incurrat,
1616 2813 1705 2882 qui
1732 2812 1889 2882 igno-

297 2926 426 2967 rans
449 2912 647 2983 aliquid
670 2919 970 2968 asseverat.
1010 2908 1258 2979 Suspicio
1278 2907 1419 2962 enim
1448 2904 1745 2975 smpissime
1770 2918 1891 2973 pro-

296 3000 457 3057 batur
486 3002 711 3065 incerta,
744 3017 863 3072 quae
904 3003 1022 3056 viro
1076 3013 1183 3054 non
1227 2995 1482 3053 convenit
1532 2993 1887 3060 Christiano;

297 3091 423 3148 haec
468 3108 594 3163 ergo
642 3093 879 3163 suspicio
925 3092 1073 3147 ducit
1101 3090 1169 3145 ad
1202 3089 1577 3160 opprobrium,
1628 3087 1769 3156 quod
1825 3101 1891 3141 ex

298 3191 527 3253 peccato
552 3184 804 3239 nascitur.
838 3182 968 3239 Jure
994 3196 1124 3252 ergo
1161 3181 1264 3238 sibi
1307 3179 1583 3251 quaerebat
1612 3177 1889 3247 amputari,

1982 1988 2170 2055 verbo,
2205 1988 2299 2059 qui
2328 1987 2525 2044 Filium
2556 1988 2741 2043 dicunt
2761 2001 2886 2043 esse
2917 1986 3199 2051 minorem,
3222 1985 3306 2040 vel
3335 1984 3424 2055 qui
3454 1999 3569 2040 eum

1982 2096 2144 2138 carne
2173 2095 2389 2151 passum
2422 2081 2643 2135 minime
2672 2079 3054 2143 crediderunt;
3086 2078 3225 2133 sicut
3253 2077 3385 2132 dicit
3420 2078 3567 2147 Apo-

1983 2174 2151 2229 stolus
2176 2191 2189 2228 :
2224 2172 2288 2229 Si
2309 2173 2443 2227 enim
2464 2172 2837 2243 cognovissent,
2857 2188 3120 2242 nunquam
3144 2170 3424 2224 Dominum
3458 2170 3571 2241 glo-

1982 2265 2076 2319 riae
2096 2264 2471 2334 cruciﬁxissent
2492 2262 2541 2333 (ι
2567 2263 2686 2318 Cor.
2718 2278 2777 2329 tt,
2805 2262 2887 2332 8).
2914 2262 3008 2316 llis
3037 2261 3454 2331 praesumptione
3479 2260 3556 2313 Do

1985 2354 2116 2412 mini
2171 2355 2604 2427 respondendum
2645 2364 2749 2420 est,
2796 2356 2885 2423 qui
2940 2354 3239 2409 doctrinam
3283 2352 3572 2407 salutarem

1986 2464 2092 2504 non
2123 2448 2190 2504 ad
2222 2448 2579 2505 reverentiam
2612 2447 2868 2512 audiunt,
2898 2445 2994 2502 sed
3021 2445 3088 2501 ad
3114 2444 3361 2515 injuriam
3396 2444 3575 2514 potius

1985 2539 2418 2611 exprobrationis
2447 2538 2743 2595 adducunt.
2801 2537 3074 2609 Sequitur,
3122 2536 3246 2607 quia
3292 2534 3492 2605 speravi
3519 2534 3576 2589 in

1988 2632 2308 2688 sermonibus
2358 2631 2483 2686 tuis.
2523 2632 2700 2700 Atque
2728 2629 2857 2702 [ed.,
2891 2626 3098 2700 utique]
3150 2626 3271 2682 ideo
3312 2625 3443 2681 dicit
3491 2640 3575 2680 re-

1995 2724 2394 2794 spondendum,
2427 2723 2549 2793 quia
2598 2722 2816 2793 speravit
2862 2722 2917 2774 in
2971 2718 3287 2774 sermonibus
3336 2717 3569 2785 Domini,

1990 2819 2079 2889 qui
2112 2818 2241 2874 dicit
2266 2835 2283 2877 :
2312 2816 2441 2873 Cum
2467 2818 2704 2872 veneritis
2730 2826 2849 2871 ante
2897 2815 3153 2885 principes
3195 2820 3243 2868 et
3273 2819 3570 2883 potestates,

1992 2908 2149 2963 nolite
2186 2908 2410 2979 cogitare
2438 2907 2691 2977 quomodo
2732 2915 2821 2960 aut
2862 2906 2982 2976 quid
3012 2904 3336 2975 loquamini;
3380 2902 3579 2955 dabitur

2001 3004 2135 3059 enim
2176 3003 2312 3055 vobis
2338 3003 2391 3055 in
2421 3001 2513 3055 illa
2540 3000 2668 3055 liora
2696 3000 2819 3069 quid
2854 2998 3155 3069 loquamini.
3186 2996 3311 3051 Non
3336 2995 3471 3049 enim
3496 3009 3578 3051 vot

2002 3094 2120 3148 estis
2141 3093 2227 3164 qui
2246 3092 2534 3164 loquimini,
2552 3092 2643 3147 sed
2670 3092 2897 3164 Spiritus
2922 3088 3100 3143 Patris
3123 3088 3271 3143 vestri
3296 3086 3383 3157 qui
3410 3083 3579 3154 loqui-

2003 3197 2089 3241 tur
2116 3188 2169 3242 in
2196 3188 2333 3242 vobis
2357 3186 2571 3256 (Matth.
2605 3202 2657 3250 x,
2697 3186 2779 3252 i9,
2812 3185 2925 3256 23).

300 3273 448 3329 unde
480 3288 604 3330 reus
631 3281 843 3343 poterat
880 3272 1132 3329 inveniri.
1165 3272 1345 3327 Primo
1374 3270 1653 3325 confessus
1682 3280 1767 3324 est
1808 3268 1888 3323 in-

2074 3278 2228 3334 Vers.
2259 3280 2348 3333 45.
2382 3277 2448 3331 Ει
2478 3294 2540 3331 ne
2567 3279 2773 3347 auferas
2801 3276 2865 3329 de
2889 3291 2974 3329 ore
2994 3290 3105 3328 meo
3128 3287 3334 3328 verbum
3360 3270 3581 3326 veritatis

298 3364 610 3423 ﬁrmitatem
637 3382 809 3433 suam,
845 3381 983 3421 nunc
1030 3365 1235 3420 Domini
1278 3365 1623 3434 cognoscitur
1670 3361 1891 3418 laudare

296 3458 515 3527 judicia,
542 3459 693 3529 cujus
717 3458 935 3513 verbum
966 3472 1150 3513 verum
1175 3468 1259 3513 est
1289 3456 1552 3525 ﬁrmaque
1594 3454 1887 3510 sententia.

296 3534 643 3621 Quapropter
696 3559 901 3604 amator
930 3548 1173 3603 veritatis
1214 3550 1407 3602 merito
1452 3545 1552 3600 sibi
1593 3544 1891 3614 jucundum

301 3639 517 3695 Domini
555 3640 768 3695 dicebat
804 3654 923 3696 esse
952 3640 1251 3705 decretum,
1299 3655 1394 3709 per
1423 3653 1580 3709 quem
1629 3653 1687 3693 se
1719 3646 1773 3693 et
1822 3652 1902 3691 re-

302 3729 485 3802 quiem
516 3730 757 3800 reperire
783 3740 1011 3785 noverat
1039 3741 1093 3784 et
1122 3744 1414 3796 coronam;
1445 3731 1585 3784 sicut
1606 3728 1897 3797 Apostolus

302 3820 472 3875 dicit:
502 3819 701 3874 Bonum
728 3832 986 3875 certamen
1016 3820 1226 3886 certavi,
1272 3834 1482 3873 cursum
1522 3819 1896 3882 consummavi,

304 3910 463 3979 ﬁdem
494 3912 728 3975 servavi;
758 3911 819 3965 de
848 3912 1043 3981 reliquo
1067 3911 1291 3981 reposita
1331 3918 1404 3966 est
1434 3910 1561 3965 milii
1586 3925 1778 3965 corona
1799 3912 1899 3980 ju—

302 4003 462 4056 stitite
482 3998 573 4072 (II
596 4000 732 4057 Tim.
767 4018 842 4070 tv,
877 4004 954 4073 7).

384 4096 536 4153 Vers.
563 4096 653 4153 40.
693 4095 827 4152 Ecce
850 4097 1116 4169 concupiui
1140 4097 1386 4152 mandata
1426 4104 1549 4162 tua;
1572 4096 1628 4149 in
1660 4094 1901 4164 tequitale

304 4200 399 4244 tua
420 4190 617 4258 vivi/ica
665 4206 764 4244 me.
798 4190 1018 4246 Diversa
1070 4189 1333 4245 beneﬁcia
1380 4188 1627 4259 superius
1658 4186 1759 4242 sibi
1810 4201 1902 4240 co-

307 4278 442 4334 hors
474 4288 658 4335 sancta
701 4281 861 4335 tribui
888 4280 1211 4350 postulavit;
1243 4279 1336 4334 sed
1366 4280 1418 4334 in
1447 4278 1549 4333 hoc
1572 4292 1732 4332 versu
1772 4290 1903 4330 con-

305 4379 550 4425 secutam
580 4385 639 4425 se
668 4370 794 4426 dicit
836 4370 1224 4440 plenitudinem
1254 4371 1567 4441 gratiarum,
1611 4368 1734 4438 quia
1763 4383 1891 4421 con-

306 4463 577 4530 cupiverat
622 4463 866 4516 mandata
918 4463 1152 4529 Domini,
1204 4478 1324 4533 quas
1351 4478 1531 4518 veram
1564 4462 1900 4532 prudentiain

306 4553 596 4609 conferunt
617 4565 669 4610 et
688 4556 939 4610 salutem.
975 4555 1115 4609 Petit
1142 4562 1322 4609 autem
1352 4556 1403 4609 in
1426 4556 1664 4624 (equitate
1687 4552 1900 4607 Domini

2001 3385 2379 3440 usquequaque,
2405 3370 2522 3438 quia
2543 3369 2595 3421 in
2608 3367 2822 3441 judiciis
2854 3369 2955 3422 tuis
2982 3367 3178 3438 speravi
3194 3364 3346 3437 [ωδε.
3372 3366 3463 3430 Δ..
3493 3362 3581 3427 Β..

2001 3460 2084 3527 F.,
2112 3458 2511 3532 supersperavi].
2536 3454 2714 3531 Rogat
2744 3468 2799 3513 ut
2826 3458 3217 3514 confessionem
3245 3456 3487 3512 veritatis
3516 3455 3583 3510 de

2001 3553 2118 3623 ejus
2146 3569 2241 3608 ore
2276 3554 2437 3608 nullae
2471 3568 2661 3621 pmnax.
2698 3552 2872 3607 nllus
2899 3560 3076 3606 terror
3104 3556 3455 3619 extorqueat;
3487 3549 3582 3603 sed

2001 3646 2253 3716 quaslibet
2279 3655 2542 3700 tormenta
2585 3644 2783 3699 fuerint
2813 3642 3010 3699 inﬂicta
3055 3643 3109 3695 in
3133 3655 3239 3695 una
3292 3654 3421 3695 voce
3456 3655 3584 3694 con-

2001 3734 2214 3790 stantiae
2262 3742 2607 3803 perseveret:
2639 3733 2760 3802 quia
2807 3747 2911 3787 non
2966 3733 3017 3785 in
3056 3730 3257 3785 viribus
3312 3729 3583 3795 humanis,

2003 3829 2096 3885 sed
2152 3830 2205 3884 in
2261 3830 2459 3884 divinis
2507 3828 2847 3895 cognoscitur
2888 3840 3135 3893 sperasse
3181 3823 3419 3892 judiciis.
3475 3823 3579 3877 Sed

2002 3938 2124 3979 cum
2150 3923 2297 3985 dicit,
2329 3936 2708 3991 usquequaque,
2738 3916 3004 3987 signiﬁcat
3027 3918 3230 3969 verbum
3252 3914 3474 3967 veritatis
3516 3914 3582 3967 ad

2004 4022 2216 4083 tempus
2255 4012 2523 4081 aliquibus
2553 4009 2720 4063 fuisse
2747 4006 3033 4069 sublatum,
3064 4014 3122 4060 ut
3155 4005 3311 4058 Petro
3342 4004 3589 4072 apostolo

2003 4104 2249 4172 contigit,
2276 4107 2365 4173 qui
2396 4111 2519 4156 ante
2544 4101 2664 4170 galli
2693 4106 2907 4155 cantum
2926 4098 3020 4152 ter
3040 4095 3321 4151 Dominum
3351 4095 3584 4166 denega-

2004 4194 2082 4249 vit
2114 4193 2265 4265 (Luc.
2301 4209 2411 4247 χχιι
2433 4234 2447 4258 ,
2477 4194 2592 4263 57).
2628 4194 2731 4249 Sed
2760 4209 2863 4247 non
2886 4206 3249 4263 usquequaque
3268 4190 3496 4245 ablatum
3517 4201 3609 4245 est

2004 4286 2210 4340 uerbum
2247 4284 2471 4339 veritatis
2501 4285 2564 4337 de
2588 4300 2674 4338 ore
2714 4284 2904 4354 ipsius,
2936 4284 3149 4355 quando
3174 4283 3388 4354 culpam
3430 4298 3582 4338 suam

2003 4384 2059 4434 et
2088 4375 2298 4432 ﬂetibus
2334 4374 2507 4441 diluit,
2556 4383 2610 4430 et
2653 4375 2927 4445 sanguinis
2980 4374 3243 4430 effusione
3285 4374 3579 4429 mundavit.

2005 4468 2259 4539 Sequitur
2284 4481 2450 4538 quare
2478 4481 2586 4522 non
2612 4466 2807 4523 debeat
2831 4467 2900 4522 de
2927 4481 3023 4522 ore
3056 4466 3223 4536 ipsius
3236 4466 3432 4521 veritas
3456 4479 3587 4519 con—

2006 4558 2255 4615 fessionis
2280 4558 2499 4624 auferri,
2523 4559 2644 4627 quia
2672 4559 2725 4611 in
2748 4559 2967 4629 judiciis
2996 4559 3096 4611 tuis
3124 4558 3342 4628 speravi.
3378 4555 3595 4610 Iudicia

306 4660 373 4700 se
402 4644 671 4715 viviﬁcari,
701 4646 791 4716 qui
823 4645 999 4700 adhuc
1023 4653 1298 4715 superstes
1326 4658 1446 4701 esse
1483 4644 1800 4710 Videbalur,
1840 4651 1899 4698 Ill
1928 4652 1980 4713 D
2003 4660 2158 4707 erant
2192 4650 2421 4715 Domini,
2452 4650 2592 4720 quod
2626 4652 2797 4704 turba:
2819 4661 3111 4719 martyrum
3137 4648 3360 4703 diversis
3383 4648 3593 4703 crucia-

307 4739 677 4809 intelligamus
731 4755 835 4794 non
908 4755 1030 4796 esse
1082 4739 1503 4806 veracissimam,
1540 4738 1748 4804 vitam,
1802 4737 1902 4790 nisi

307 4844 473 4901 quam
514 4829 768 4884 Dominus
820 4829 1067 4885 Christus
1114 4830 1277 4886 fuerit
1328 4839 1584 4900 praestare
1630 4828 1899 4898 dignatus.

310 4919 566 4991 JEquitas
596 4928 775 4975 autem
809 4920 979 4976 Patris
1008 4920 1242 4977 Verbum
1270 4936 1397 4977 caro
1425 4920 1623 4977 factum
1672 4928 1780 4985 est,
1816 4919 1900 4974 cui

313 5027 482 5069 omne
509 5012 767 5080 judicium
798 5012 968 5082 dedit,
999 5021 1059 5067 ut
1083 5014 1233 5069 orbis
1259 5024 1522 5068 terrarum
1549 5014 1602 5067 in
1633 5012 1752 5082 ejus
1779 5026 1907 5065 exa-

312 5104 463 5159 mine
487 5103 810 5173 judicandus
847 5107 1095 5168 assistat;
1130 5105 1271 5159 sicut
1296 5104 1585 5173 Apostolus
1609 5104 1770 5159 dicit:
1806 5102 1909 5169 Qui

316 5196 483 5254 factus
513 5205 584 5249 est
612 5196 868 5265 sapientia
900 5196 1043 5250 nobis
1070 5214 1102 5250 a
1129 5193 1257 5259 Deo,
1296 5204 1344 5248 et
1378 5196 1607 5266 justitia,
1650 5205 1698 5251 et
1724 5198 1909 5252 sancti-

313 5290 515 5356 ﬁcatio,
540 5301 586 5343 et
608 5290 888 5359 redemptio
919 5288 973 5361 (Ι
990 5288 1108 5343 Cor.
1143 5304 1191 5354 ι,
1223 5286 1339 5357 '50).
1578 5358 1581 5359 ν

386 5380 548 5436 Vers.
577 5381 666 5441 41.
696 5410 769 5425 ——
796 5398 867 5437 vt.
920 5382 1057 5438 Vau.
1103 5380 1167 5437 Et
1214 5383 1380 5435 veniat
1402 5398 1558 5450 super
1599 5399 1679 5438 me
1708 5384 1910 5439 miseri-

313 5473 498 5530 cordia
524 5481 633 5540 tua,
661 5473 875 5528 Domine
896 5474 1156 5538 ;salutare
1177 5481 1322 5527 tuum
1342 5475 1618 5527 secundum
1649 5472 1904 5543 eloquium

315 5578 485 5623 tuum.
523 5567 603 5622 Ad
633 5576 838 5622 sextam
873 5567 1105 5622 litteram
1135 5568 1483 5637 congregatio
1508 5577 1688 5623 sancta
1718 5584 1905 5637 perve-

318 5657 401 5712 nit
427 5675 437 5709 :
470 5657 523 5710 in
552 5672 656 5726 qua
687 5657 786 5712 sibi
818 5657 1049 5726 postulat
1075 5657 1365 5712 salutarem
1400 5658 1682 5713 Dominum
1707 5658 1906 5715 deherc

320 5748 563 5816 concedi,
589 5760 649 5805 ut
686 5751 931 5806 inimicos
959 5750 1026 5805 de
1054 5760 1197 5804 tanta
1221 5751 1652 5806 remuneratione
1678 5751 1905 5807 confun-

320 5841 435 5902 dat.
476 5849 531 5897 et
560 5839 612 5897 in
645 5842 761 5905 lege
791 5841 1000 5899 Domini
1030 5841 1242 5897 assidua
1276 5841 1620 5899 meditatione
1642 5844 1904 5912 proficiat.

2007 4743 2149 4796 tibus
2175 4740 2488 4809 agebantur.
2520 4739 2625 4795 Sed
2659 4740 2710 4794 in
2757 4740 2840 4792 his
2884 4753 2945 4793 se
2990 4738 3159 4807 magis
3209 4752 3358 4807 spem
3403 4754 3597 4808 gerere

2009 4833 2311 4904 proﬁtetur,
2344 4834 2466 4902 quia
2493 4830 2654 4902 405
2685 4832 2941 4900 scriptum
2985 4840 3069 4887 cst
3103 4849 3115 4883 :
3168 4829 3427 4901 Flagellat
3485 4848 3594 4886 om-

2008 4941 2120 4979 nem
2152 4924 2316 4991 ﬁlium
2337 4939 2488 4995 quem
2514 4924 2692 4994 recipit
2721 4922 2907 4996 (Hebr.
2958 4938 3060 4987 xu,
3084 4984 3089 4985 γ
3115 4922 3193 4993 6).
3226 4924 3401 4994 Iniqui
3449 4925 3591 4980 enim

2012 5030 2132 5071 cum
2166 5015 2517 5070 niolcstantur
2553 5015 2884 5085 desperant;
2918 5016 3087 5070 sancti
3131 5016 3257 5083 viri,
3288 5016 3330 5071 si
3354 5016 3613 5087 afﬁigan~

2015 5116 2120 5175 tur,
2155 5123 2302 5178 spem
2336 5108 2507 5178 magis
2535 5123 2645 5162 sua:
2676 5107 2979 5163 dilectionis
3006 5108 3292 5177 accipiunt.
3326 5109 3594 5164 llactcnus

2013 5201 2209 5256 littera:
2262 5201 2419 5256 istius
2464 5214 2654 5253 versus
2704 5201 3008 5255 habuerunt
3051 5202 3369 5268 orationem,
3403 5203 3593 5258 subse-

2013 5302 2238 5363 quentes
2260 5307 2390 5348 vero
2420 5306 2586 5363 usque
2630 5293 2697 5348 ad
2728 5291 2887 5349 ﬁnem
2920 5295 3242 5351 narrationis
3267 5295 3455 5352 ordine
3492 5298 3598 5353 dc-

2015 5393 2354 5455 promuntur.

2078 5476 2227 5532 Vers.
2251 5478 2343 5531 45.
2369 5477 2435 5531 Et
2463 5478 2749 5532 custodiam
2771 5478 2931 5551 legem
2951 5488 3095 5535 tuam
3117 5498 3333 5553 semper,
3361 5483 3412 5536 in
3429 5499 3591 5538 stecu-

2010 5568 2114 5625 lun:
2134 5578 2182 5623 et
2211 5568 2266 5621 in
2292 5568 2538 5635 steculum
2556 5570 2754 5624 surculi.
2789 5570 2891 5626 Iste
2917 5584 2971 5627 ct
2992 5574 3082 5627 alii
3126 5589 3310 5629 versus
3336 5588 3501 5643 usque
3521 5577 3587 5629 ad

2012 5661 2169 5714 ﬁnem
2201 5658 2394 5714 littera:
2421 5673 2526 5714 non
2559 5660 2762 5717 habent
2796 5662 3250 5734 deprecationem,
3276 5665 3370 5720 sed
3395 5680 3584 5721 narra-

2012 5750 2231 5805 tionem.
2283 5748 2540 5818 Superius
2570 5753 2711 5807 enim
2746 5755 2900 5822 petiit
2929 5766 2985 5809 ut
3014 5756 3300 5825 acciperet,
3351 5757 3436 5812 hic
3476 5756 3589 5828 jam

2013 5846 2081 5899 de
2102 5843 2363 5914 perceptis
2390 5844 2664 5903 beneﬁciis
2686 5847 2884 5915 gratias
2906 5848 3039 5918 agit.
3060 5847 3328 5903 Cttslodire
3348 5864 3405 5904 se
3432 5851 3591 5923 legem
