4032 6340
567 377 664 432 851

1803 381 1870 434 Μ.
1917 379 2145 434 AUREL

2236 379 2631 435 cassmoout
3672 405 3745 463 εδ,

567 494 777 548 Domini
807 511 1005 564 semper
1028 496 1280 561 afﬁrmat,
1309 494 1431 564 quia
1461 495 1515 548 in
1549 495 1662 563 ipsa
1688 496 1879 550 variari
1905 496 2034 569 [ed.,
2061 511 2152 551 va-
2183 497 2230 555 Λ
2261 504 2435 564 potest
2476 495 2694 551 dilectio
2733 497 2977 567 reperiri.
3026 498 3141 555 Non
3184 502 3319 559 enim
3363 517 3418 562 ut
3457 509 3544 565 alia
3586 513 3744 575 dilectio

565 586 730 660 riare]
779 588 1063 644 uelandum
1111 598 1217 644 est.
1250 586 1342 653 Sic
1389 589 1533 643 enim
1580 589 1833 642 custodire
1865 598 2058 658 potest,
2104 590 2150 645 si

564 680 725 749 (quod
756 680 1001 748 superius
1029 678 1187 749 dixit)
1222 696 1322 734 non
1341 682 1545 750 auferat
1577 681 1639 734 de
1690 698 1778 734 ore
1808 683 1974 751 ipsius
2024 684 2154 737 veri-

564 778 682 831 tatis
733 777 956 831 verbum.
1012 776 1288 832 Interdum
1342 794 1541 849 semper
1593 778 1809 847 ponitur
1866 791 2035 846 usque
2084 775 2151 831 ad

562 871 720 925 ﬁnem
771 870 931 940 hujus
976 872 1179 926 saeculi.
1229 872 1333 927 Sed
1392 873 1478 927 hic
1533 886 1656 928 cum
1711 871 1841 926 dicit
1893 870 1948 924 in
1992 885 2153 924 sitcu-

562 963 670 1016 lum
714 966 909 1031 seaculi,
942 964 1088 1020 illam
1140 965 1531 1035 perennitatem
1579 963 1843 1034 signiﬁcat
1872 978 1993 1033 quas
2041 977 2150 1018 non

563 1054 720 1115 habet
766 1054 946 1111 linem.
993 1056 1099 1111 Sed
1149 1072 1270 1112 eum
1330 1057 1579 1126 superius
1626 1056 1925 1110 dixerimus
1979 1056 2151 1125 legem

564 1145 805 1201 umbram
835 1146 1000 1202 fuisse
1049 1148 1372 1214 futurorum,
1405 1148 1455 1202 id
1505 1158 1609 1213 est,
1642 1147 1923 1202 immolare
1953 1162 2150 1216 agnum

562 1237 959 1292 immaculatum
978 1281 991 1301 ,
1020 1249 1211 1295 octavo
1240 1239 1327 1295 die
1355 1240 1513 1293 ritum
1546 1240 1972 1295 circumcisionis
2003 1239 2153 1293 adhi-

562 1327 694 1382 bere
737 1328 870 1400 [ed.,
927 1328 1218 1401 adhiberi],
1270 1330 1355 1385 vel
1403 1330 1485 1385 his
1533 1329 1766 1385 similia:
1807 1330 2153 1399 quemadmo-

562 1420 688 1474 dum
751 1420 802 1474 in
859 1431 1118 1476 mternum
1171 1423 1329 1493 legem
1386 1437 1445 1476 se
1502 1422 1761 1476 custodire
1810 1422 1979 1487 dicit,
2029 1437 2150 1477 cum

561 1525 669 1567 non
712 1513 886 1567 solum
919 1522 1038 1581 post
1074 1513 1528 1568 resurrectionem
1560 1513 1790 1567 futuram
1836 1514 2152 1568 necessaria

561 1618 669 1658 non
693 1605 800 1659 sint
829 1607 952 1671 ista,
986 1604 1078 1660 sed
1112 1604 1197 1660 hic
1227 1619 1439 1674 quoque
1471 1604 1583 1674 jam
1622 1605 1903 1660 videantur
1930 1606 2150 1660 abolita.

562 1691 670 1746 Sed
726 1693 795 1747 ibi
848 1692 952 1747 alia
1004 1695 1087 1747 lea:
1139 1693 1243 1748 erit
1292 1693 1523 1760 Domini,
1575 1710 1734 1763 quam
1778 1710 1837 1750 se
1894 1697 2156 1765 promittit

562 1783 791 1852 populus
833 1784 1094 1837 custodire
1122 1784 1526 1851 sanctissimus;
1575 1786 1678 1841 scit
1719 1786 1861 1839 enim
1895 1801 1989 1855 per
2016 1789 2154 1841 hanc

2256 587 2628 642 mandatorum
2674 588 2886 646 Domini
2953 593 3234 651 mediocris
3281 612 3395 655 esse
3448 611 3628 675 potest,
3673 614 3742 667 nisi

2256 683 2575 740 vehementer
2624 686 2806 754 (quod
2857 686 2944 742 hic
3000 690 3298 760 expetitur)
3354 692 3589 765 diligatur.
3639 704 3742 769 Qus.

2257 786 2478 845 propter
2509 776 2761 832 mandata
2787 778 2996 834 Domini
3025 782 3146 849 jure
3173 783 3467 839 vehementer
3493 790 3655 861 dileril,
3677 813 3744 867 per

2254 882 2373 939 qua:
2404 868 2457 923 in
2486 870 2664 926 cordis
2690 870 2970 928 latitudine
2999 873 3316 930 ﬁducialiter
3357 878 3639 941 ambulabat.

2326 960 2481 1016 Vers.
2513 961 2605 1016 48.
2648 962 2714 1017 Et
2747 966 2901 1019 levavi
2931 982 3113 1020 manus
3162 984 3297 1021 meas
3342 971 3404 1023 ad
3444 976 3650 1031 mandata
3684 990 3744 1037 lus

2254 1070 2365 1125 qute
2387 1055 2543 1110 dilexi
2571 1056 2744 1123 nimis,
2781 1067 2830 1111 et
2859 1059 3125 1113 exercebar
3152 1059 3205 1112 in
3224 1061 3630 1131 justiﬁcationibus
3653 1074 3739 1130 tuis.

2256 1146 2529 1227 Superiori
2561 1162 2722 1203 versu
2766 1149 2905 1204 dixit
2933 1168 2947 1202 :
3001 1148 3290 1206 Meditabar
3322 1152 3374 1205 in
3402 1156 3619 1212 mandatis
3655 1163 3740 1227 tuis,

2258 1224 2400 1307 quod
2436 1237 2502 1292 ad
2531 1239 2780 1294 virtutem
2812 1240 3034 1309 respicit
3062 1241 3440 1311 inspectivam;
3470 1245 3602 1303 modo
3617 1224 3739 1305 autem

2255 1331 2423 1385 dicit:
2460 1329 2662 1385 Lavabo
2707 1346 2890 1386 manus
2920 1348 3078 1396 meas,
3108 1332 3246 1401 quod
3276 1333 3339 1388 ad
3366 1347 3550 1402 partem
3574 1342 3736 1405 pertinet

2256 1423 2542 1478 actualem.
2571 1423 2763 1479 Levare
2799 1425 2941 1480 enim
2971 1441 3156 1478 manus
3182 1426 3439 1494 signiﬁCat
3462 1428 3591 1485 bonis
3605 1435 3731 1502 Operi.

2259 1515 2357 1570 bus
2379 1517 2653 1585 occupari.
2701 1516 2970 1571 Caeterum
2999 1516 3089 1587 qui
3116 1517 3270 1571 malis
3298 1518 3566 1575 actionibus
3588 1522 3735 1579 detine-

2258 1617 2360 1673 tur,
2394 1622 2498 1661 non
2531 1608 2661 1662 levat
2689 1623 2872 1661 manus
2901 1622 3044 1671 suas,
3076 1608 3169 1663 sed
3197 1608 3394 1677 dejicit.
3422 1609 3483 1665 Et
3507 1612 3623 1680 vide,
3655 1616 3738 1684 quia

2258 1698 2310 1752 in
2331 1697 2569 1768 utrisque
2584 1698 2824 1767 partibus
2842 1698 3011 1766 ponit,
3029 1713 3147 1768 quae
3160 1698 3348 1763 dilexi;
3368 1700 3457 1767 ibi,
3474 1704 3736 1769 vehementer;

2259 1790 2365 1853 hic,
2397 1789 2587 1854 nimis;
2614 1789 2867 1860 quoniam
2894 1798 3184 1860 utrumque
3212 1805 3341 1859 opus
3366 1794 3457 1847 sub
3481 1808 3632 1864 magna
3655 1810 3735 1851 am-

563 1876 805 1930 umbram
838 1876 971 1947 legis
1019 1877 1086 1930 ad
1118 1878 1434 1949 mysterium
1461 1889 1678 1933 aeterna:
1730 1879 1861 1949 legis
1891 1880 2147 1946 aseendi;
2184 1879 2227 1939 Β
2258 1879 2460 1935 bitione
2507 1878 2810 1935 faciendum
2860 1891 2964 1945 est,
3011 1890 3073 1935 ut
3125 1883 3346 1936 tractum
3398 1885 3546 1952 possit
3583 1884 3738 1952 habere,

563 1970 712 2024 novit
742 1970 902 2024 etiam
936 1970 1385 2026 consuetudinem
1409 1971 1720 2041 angelorum
1747 1980 1802 2027 et
1832 1980 2149 2039 p0testatum

564 2061 849 2114 Dominum
879 2062 996 2115 sine
1028 2063 1133 2116 ﬁne
1162 2061 1409 2127 laudare;
1440 2063 1538 2117 scit
1565 2077 1786 2118 summa;
1807 2062 2151 2119 beatitudinis

563 2167 683 2206 esse
736 2152 1133 2209 solemnitatem
1181 2154 1382 2226 jugiter
1413 2154 1697 2211 Dominum
1726 2155 1999 2222 contueri;
2051 2155 2153 2210 scit

562 2240 796 2313 denique
826 2245 1063 2301 lidelium
1096 2246 1165 2300 ibi
1198 2262 1321 2303 esse
1367 2247 1531 2318 leges,
1585 2263 1721 2318 quas
1770 2262 1832 2304 se
1876 2247 2150 2318 professus

563 2345 644 2389 e.-t
668 2336 785 2390 sine
816 2336 920 2392 ﬁne
946 2353 1183 2392 servare.

633 2425 790 2481 Vers.
822 2426 913 2484 45.
956 2426 1024 2482 Et
1071 2430 1395 2484 ambulabant
1439 2432 1493 2485 in
1524 2432 1816 2499 latitudine,
1846 2435 1969 2505 quia
2003 2452 2152 2490 man-

563 2519 683 2571 data
714 2527 803 2572 tua
842 2521 1112 2590 exquisivi.
1145 2520 1260 2591 Ipsa
1291 2533 1375 2578 est
1404 2524 1645 2592 latitudo,
1684 2540 1844 2594 quam
1875 2525 1932 2581 in
1958 2536 2148 2596 quarta

562 2606 738 2664 littera
769 2609 939 2665 dixit:
979 2609 1127 2665 Viam
1160 2613 1518 2667 mandatorum
1546 2625 1750 2669 tuorum
1778 2616 2003 2681 cucurri,
2034 2632 2151 2670 cum

562 2699 806 2755 dilatam
838 2718 925 2756 cor
953 2718 1154 2773 meum;
1185 2704 1410 2761 scientia
1436 2706 1645 2763 scilicet
1676 2707 1957 2775 multiplex
1982 2720 2148 2778 atque

560 2793 831 2862 salutaris,
864 2809 1021 2864 quam
1045 2795 1167 2851 ideo
1190 2799 1407 2866 meruit,
1439 2798 1563 2869 quia
1586 2800 1962 2857 mandatorum
1985 2801 2147 2860 intel-

558 2884 834 2955 ligentiam
887 2888 1210 2957 requisivit;
1265 2904 1425 2960 quam
1488 2891 1684 2947 merito
1736 2891 1965 2949 dicimus
2027 2908 2148 2952 esse

561 2975 895 3042 charitatem,
921 2978 989 3033 de
1010 2994 1114 3049 qua
1132 2981 1391 3050 scriptum
1419 2989 1540 3038 est:
1573 2981 1812 3038 Charitas
1836 2983 1931 3039 Dei
1952 2985 2148 3054 di/fusa

560 3081 635 3127 est
686 3072 742 3127 in
787 3074 1026 3129 cordibus
1084 3076 1274 3129 nostris
1330 3092 1422 3147 per
1453 3075 1705 3147 Spiritum
1748 3088 2011 3146 sanctum,
2060 3082 2147 3150 qui

561 3165 709 3220 datus
733 3176 805 3221 est
826 3166 968 3221 nobis
995 3166 1176 3237 (Rom.
1208 3184 1261 3234 v,
1285 3166 1363 3237 5).
1388 3167 1585 3224 Contra
1614 3180 1955 3239 peccatorum
1980 3173 2142 3229 corda

2257 1969 2486 2026 Domino
2515 1972 2828 2038 miserante,
2858 1975 2950 2042 qui
2984 1975 3214 2043 perﬁcit.
3245 1975 3466 2043 Addidit,
3488 1987 3529 2032 et
3547 1981 3741 2034 exercebar

2254 2064 2306 2117 in
2328 2065 2782 2135 justiﬁcationibus
2830 2068 2951 2122 tuis.
2986 2067 3064 2122 lbi
3097 2068 3445 2136 meditabatur,
3487 2070 3562 2127 ubi
3601 2074 3740 2128 mentis

2256 2155 2554 2211 intentione
2603 2157 2895 2212 translatus
2926 2167 3039 2223 est;
3071 2158 3160 2214 hic
3187 2160 3515 2225 exercebatur,
3542 2162 3615 2217 ubi
3643 2176 3739 2233 qua

2253 2247 2405 2302 rebat
2435 2247 2612 2316 operis
2642 2247 3070 2318 frequentatione
3111 2251 3389 2318 prolicere.
3433 2249 3493 2305 Et
3519 2260 3620 2307 nota
3644 2251 3739 2323 quod

2253 2338 2570 2393 exercitatio
2614 2338 2668 2392 in
2716 2338 3010 2410 Scripturis
3038 2338 3240 2395 divinis
3271 2342 3550 2413 plerumque
3572 2343 3612 2396 in
3643 2341 3739 2400 bono

2253 2430 2503 2499 ponitur;
2535 2430 2589 2485 in
2617 2429 2812 2486 litteris
2856 2439 3035 2487 autem
3085 2433 3442 2502 szecularibus,
3483 2438 3554 2489 vel
3576 2434 3738 2489 incom-

2254 2521 2402 2575 muni
2430 2520 2726 2587 locutione,
2757 2520 2810 2575 in
2831 2521 2972 2577 bono
2997 2533 3091 2577 aut
3106 2537 3372 2594 nunquam
3397 2531 3479 2578 aut
3503 2539 3601 2579 raro
3622 2523 3731 2594 poni-

2256 2620 2359 2665 tur.
2393 2610 2564 2679 Quam
2596 2612 2921 2668 locutionem
2951 2613 3346 2683 Seripturarum
3373 2615 3625 2671 divinarum
3645 2630 3736 2686 pro-

2254 2704 2427 2773 priam
2458 2719 2580 2761 esse
2624 2705 2874 2761 dicimus.
2905 2705 2971 2760 In
2996 2708 3440 2777 iustiﬁcationibus
3465 2709 3551 2762 tuis
3571 2709 3738 2779 pertinet

2252 2794 2320 2850 ad
2349 2803 2666 2867 utrumque;
2703 2807 2761 2853 ut
2804 2806 2862 2854 et
2890 2799 3146 2856 mandata
3195 2800 3397 2855 Domini
3422 2813 3525 2855 cum
3563 2800 3735 2855 delecta-

2250 2886 2397 2942 tione
2423 2888 2797 2955 meditaretur,
2827 2898 2883 2944 ct
2911 2904 3107 2960 operas
3139 2906 3387 2946 manuum
3416 2907 3518 2947 cum
3541 2890 3731 2946 ebaritate

2250 2978 2557 3047 perﬁceret.
2587 2979 2690 3035 Ista
2716 2980 2858 3035 enim
2888 2981 2994 3035 duo
3017 2990 3150 3036 sunt
3172 2983 3252 3053 (ut
3276 2997 3413 3053 stepe
3438 2978 3626 3051 dicimus)
3645 2994 3733 3051 qua:

2251 3069 2517 3139 perfectos
2548 3070 2748 3126 faciunt
2796 3071 2979 3143 utique
3021 3072 3368 3130 christianos.
3398 3074 3543 3129 Finita
3568 3081 3629 3128 est
3648 3085 3737 3126 cum

2253 3160 2429 3216 littera
2444 3163 2703 3228 narratio,
2722 3178 2881 3233 quam
2898 3178 2927 3217 a
2944 3178 3101 3219 versu
3117 3175 3311 3234 quarto
3327 3165 3509 3220 scilicet
3526 3160 3740 3218 inchoavit.

562 3256 612 3317 in
658 3257 899 3314 bonitate
945 3267 1235 3328 coangusta
1280 3270 1426 3327 sunt,
1459 3260 1601 3331 quod
1630 3263 1800 3333 tangit
1851 3263 2142 3333 Apostolus

2322 3253 2477 3313 Vers.
2525 3254 2617 3310 49.
2646 3285 2715 3295 --
2752 3271 2844 3310 vu.
2887 3255 3039 3311 ZAIN.
3084 3255 3346 3313 Memento
3388 3258 3505 3312 verbi
3545 3257 3605 3310 tui
3641 3268 3741 3309 serto

561 3363 677 3406 eum
703 3350 867 3404 dicit:
902 3349 1022 3403 Non
1061 3352 1429 3421 angustiamitti
1474 3353 1527 3407 in
1570 3353 1735 3421 nobis,
1773 3358 2143 3426 angustiamini

562 3448 729 3493 autem
776 3440 829 3492 in
872 3440 1144 3494 visceribus
1194 3442 1369 3496 vestris
1421 3441 1504 3514 (Il
1552 3441 1673 3499 C'or.
1725 3460 1797 3513 vt,
1852 3444 1976 3516 l2);
2021 3448 2145 3517 quia

563 3531 730 3589 Deum
779 3546 932 3587 mens
981 3544 1295 3603 coangusta,
1340 3535 1392 3589 id
1419 3546 1502 3592 est
1542 3536 1747 3607 polluta
1782 3553 1887 3594 non
1932 3542 2143 3611 recipit;

563 3621 661 3677 sed
712 3623 767 3677 in
812 3623 1085 3679 latitudine
1127 3625 1322 3680 mentis
1359 3627 1667 3697 suscipitur,
1716 3644 1748 3684 a
1794 3645 1903 3700 quo
1949 3634 2143 3688 ctelum

562 3720 815 3782 terraque
844 3713 1165 3784 completur.
1196 3714 1439 3771 Patulum
1462 3716 1605 3773 enim
1626 3719 1958 3776 domicilium
1986 3722 2147 3778 debet

562 3817 705 3872 esse,
737 3812 796 3859 ut
825 3814 1027 3860 tantam
1055 3818 1321 3863 mereatur
1350 3810 1593 3880 recipere
1626 3810 1979 3881 majestatem.

633 3896 786 3953 Vers.
838 3900 929 3954 ιϐ.
971 3898 1039 3953 Et
1083 3900 1323 3971 loquebar
1349 3902 1413 3955 de
1464 3904 1761 3959 testimoniis
1811 3904 1913 3960 tuis
1940 3907 1993 3961 in
2024 3923 2147 3962 con-

560 3997 734 4059 spectu
758 4005 961 4060 regum,
983 4000 1028 4045 et
1051 4008 1152 4045 non
1178 3994 1547 4062 confundebar.
1572 3993 1894 4066 Loquebatur
1919 3997 1983 4051 de
2005 4000 2147 4052 testi-

559 4082 742 4136 moniis
775 4081 1023 4150 Domini,
1068 4084 1320 4153 quoniam
1372 4086 1632 4156 petiverat
1680 4096 1736 4144 et
1765 4098 2049 4157 acceperat
2089 4097 2147 4144 ut

559 4173 911 4244 responderet
935 4175 1386 4243 exprobrantibus
1426 4176 1528 4233 sibi
1555 4178 1802 4234 verbum.
1833 4179 1947 4247 Qua
1978 4180 2147 4236 ﬁrmi-

560 4272 670 4319 tate
693 4263 981 4319 roboratus
1023 4274 1149 4321 ante
1193 4280 1348 4337 reges
1376 4268 1582 4332 saeculi.
1607 4270 1699 4339 qui
1730 4280 1976 4339 poterant
2004 4271 2145 4329 elata

559 4362 831 4426 potestate
878 4362 1106 4421 terrere,
1132 4371 1237 4412 non
1282 4372 1340 4413 se
1369 4359 1500 4414 dicit
1522 4358 1686 4417 fuisse
1714 4363 2018 4427 confusum,
2047 4363 2146 4420 sed

559 4447 861 4516 veritatem,
882 4462 1041 4518 quam
1069 4460 1247 4505 mente
1274 4460 1618 4521 conceperat,
1643 4454 1920 4521 intrepidis
1939 4470 2150 4511 sermo-

557 4537 717 4593 nibus
759 4538 1070 4594 exercebat.
1118 4538 1467 4611 Confunditur
1512 4551 1691 4598 autem
1720 4543 1835 4610 ille,
1867 4543 2022 4614 cujus
2051 4562 2147 4615 per

2250 3354 2359 3410 tuo,
2396 3348 2450 3401 in
2482 3362 2581 3417 quo
2607 3347 2733 3402 mihi
2764 3365 2908 3419 spem
2938 3350 3148 3406 dedisti.
3182 3352 3261 3405 Ad
3290 3353 3543 3421 septimam
3574 3350 3742 3404 litteram

2250 3438 2402 3493 venit
2429 3437 2625 3493 chorus
2677 3439 2768 3495 ille
2810 3451 3155 3509 sanctorum,
3187 3445 3237 3497 in
3267 3458 3364 3511 qua
3409 3457 3538 3512 spem
3576 3440 3739 3511 promis-

2247 3528 2459 3583 sionum
2483 3528 2693 3585 Domini
2725 3530 2973 3586 sensibus
2996 3534 3203 3587 nostris
3224 3534 3431 3588 omnino
3454 3529 3737 3595 commendat,

2252 3630 2313 3675 ut
2341 3622 2551 3677 ﬁrmum
2577 3621 2632 3676 in
2673 3632 2854 3679 mente
2882 3633 3063 3680 nostra
3093 3636 3405 3696 permaneat
3425 3625 3545 3697 quod
3568 3623 3738 3695 gloriosa

2249 3712 2443 3768 veritas
2492 3712 2819 3782 pollicetur,
2879 3728 3132 3771 asserens
3184 3727 3395 3788 prepter
3452 3731 3553 3772 eam
3602 3713 3739 3769 ﬁdeles

2249 3803 2474 3859 adversa
2525 3803 2684 3875 hujus
2737 3806 2924 3862 mundi
2977 3807 3335 3865 tolerabiliter
3378 3818 3430 3864 et
3477 3804 3743 3863 libentissime

2250 3894 2540 3950 sustinere.
2587 3895 2719 3962 Quis
2765 3897 2911 3951 enim
2957 3907 3188 3955 mortem
3222 3900 3543 3971 temporalem
3574 3901 3737 3961 metuat,

2248 3986 2335 4040 cui
2363 3995 2569 4040 aeterna
2591 3985 2697 4040 vita
2721 3987 3089 4055 promittitur?
3118 3989 3252 4058 Quis
3275 3990 3510 4047 orbitates
3535 3987 3740 4058 pignorum

2250 4075 2471 4146 cogitet,
2489 4091 2616 4131 eum
2634 4091 2695 4132 se
2708 4077 3037 4149 jungendum
3055 4083 3236 4138 choris
3259 4082 3457 4138 noverit
3475 4074 3744 4150 angelorum?

2251 4167 2384 4237 Quis
2416 4168 2630 4226 labores
2675 4171 2855 4225 carnis
2900 4171 3107 4237 timeat,
3157 4189 3276 4229 cum
3321 4189 3377 4230 se
3419 4174 3466 4229 in
3510 4176 3745 4242 perpetuam

2251 4260 2493 4330 requiem
2547 4261 2757 4316 noverit
2803 4262 3226 4320 collocandum?
3281 4266 3356 4321 Ex
3414 4266 3613 4319 humana
3653 4269 3747 4311 vero

2252 4353 2641 4409 consuetudine
2672 4365 2922 4409 memento
2948 4355 3145 4412 dicitur
3179 4358 3309 4426 Deo,
3358 4357 3440 4428 qui
3469 4354 3583 4411 nihil
3621 4354 3747 4421 potest

2254 4447 2520 4503 ullatenus
2568 4448 2843 4515 oblivisci;
2897 4466 3003 4505 non
3045 4452 3168 4521 quia
3217 4453 3427 4524 dignum
3471 4457 3571 4506 erat
3608 4448 3651 4502 in
3683 4443 3746 4498 illa

2254 4540 2532 4609 majestate
2576 4555 2777 4609 ponere
2826 4542 3112 4598 oblivionis
3158 4543 3424 4614 injuriam,
3456 4541 3537 4596 sed
3562 4542 3747 4608 precatur

558 4629 1027 4707 ratiocinationem
1079 4629 1221 4686 dicta
1280 4631 1585 4689 vincuntur.
1635 4633 1717 4690 Ad
1767 4635 2144 4693 verecundiam
2176 4643 2226 4703 1)
2253 4642 2311 4688 ut
2336 4634 2443 4689 cito
2473 4649 2617 4688 servo
2638 4647 2737 4689 suo
2779 4633 3021 4691 conferat
3051 4635 3472 4691 clementissimae
3500 4626 3748 4702 promissio.

558 4726 703 4783 enirn
749 4727 936 4783 venire
980 4743 1087 4782 non
1138 4737 1335 4798 potest,
1369 4730 1459 4798 qui
1506 4729 1747 4785 veritatis
1795 4730 1963 4802 ipsius
1994 4731 2149 4787 teriti-

561 4819 746 4873 monio
797 4819 1102 4875 roboratur.
1137 4820 1251 4877 Non
1282 4820 1423 4875 enim
1456 4820 1546 4876 ille
1574 4821 1674 4876 sub
1702 4823 1937 4891 qualibet
1959 4838 2150 4880 neces-

557 4912 715 4967 sitate
765 4914 1041 4983 negaudus
1088 4925 1204 4979 est,
1252 4915 1344 4984 qui
1390 4915 1561 4973 dicit:
1625 4916 1727 4984 Qui
1771 4934 1851 4972 me
1894 4922 2151 4991 negaverit

556 5018 728 5056 coram
770 5003 1102 5072 hominibus,
1151 5006 1341 5076 negabo
1391 5014 1438 5061 et
1484 5023 1576 5078 ego
1615 5024 1730 5062 eum
1773 5024 1948 5063 coram
1988 5010 2151 5065 Patre

556 5110 690 5159 meo,
722 5096 814 5164 qui
835 5106 907 5150 est
935 5099 987 5151 in
1013 5098 1150 5152 caelis
1182 5096 1397 5169 (Matth.
1432 5114 1486 5164 ι,
1534 5099 1647 5170 55).

627 5184 782 5242 Vers.
814 5187 905 5244 47.
949 5188 1014 5243 Et
1042 5191 1323 5243 meditabar
1342 5191 1395 5244 in
1422 5190 1680 5244 mandatis
1696 5192 1818 5258 tuis,
1850 5207 1966 5259 qum
1986 5192 2147 5247 dilexi

557 5279 898 5336 vehementer.
952 5280 1050 5334 llic
1097 5281 1332 5335 ostendit
1382 5279 1733 5351 frequentatae
1780 5282 2146 5339 meditationis

555 5370 832 5429 ardorem.
865 5371 1112 5426 Meditari
1137 5373 1278 5425 enim
1312 5374 1556 5426 mandata
1591 5388 1696 5427 non
1719 5380 1898 5441 potest
1925 5375 2024 5430 nisi
2054 5376 2145 5445 qui

557 5477 623 5517 ea
650 5464 868 5517 assidua
896 5463 1126 5518 lectione
1151 5464 1465 5519 cucurrerit.
1505 5465 1571 5518 Et
1600 5473 1657 5519 ut
1708 5464 1848 5520 hanc
1893 5466 2147 5537 frequen-

561 5555 688 5609 tiam
749 5555 1052 5610 evidentius
1116 5555 1452 5622 declararet,
1503 5555 1742 5622 addidit,
1792 5574 1907 5628 qua:
1965 5560 2145 5616 dilexi.

559 5649 844 5720 Negligere
886 5650 1030 5703 enim
1061 5666 1334 5719 nunquam
1383 5660 1561 5720 potest
1610 5652 1771 5706 homo
1800 5668 1919 5721 qum
1949 5654 2149 5724 diligit.

566 5740 677 5794 Sed
710 5754 779 5795 ne
822 5740 959 5794 hanc
1000 5756 1214 5811 quoque
1262 5742 1603 5796 dilectionem
1650 5741 1881 5810 tepidam
1929 5742 2148 5801 forsitan

564 5830 884 5901 cstimares,
930 5833 1154 5903 addidit,
1206 5834 1540 5899 vehementer,
1594 5848 1754 5903 supra
1801 5850 1959 5909 quam
2009 5839 2151 5895 nulla

2256 4728 2339 4780 nis
2390 4725 2661 4781 eﬁ'ectum.
2715 4726 2822 4782 Has
2874 4730 3018 4784 enim
3077 4729 3396 4799 tropol0gias
3443 4727 3490 4781 in
3529 4717 3750 4790 Scripturis

2254 4818 2448 4872 divinis
2495 4818 2802 4888 frequenter
2850 4821 3110 4887 invenies,
3158 4831 3213 4876 ut
3240 4830 3323 4876 est
3350 4819 3469 4873 illud
3497 4818 3544 4872 in
3571 4808 3747 4871 Genesi:

2255 4909 2584 4967 Recordabar
2605 4912 2812 4978 [aderis
2840 4913 2938 4967 ntei
2962 4911 3113 4986 (Gen.
3148 4929 3223 4978 rx,
3258 4914 3377 4983 15);
3407 4911 3485 4967 vel
3512 4909 3559 4965 in
3585 4901 3748 4962 Exodo:

2251 5004 2317 5058 Et
2356 5006 2652 5060 recordatus
2676 5015 2749 5061 est
2787 5005 3043 5063 Dominus
3080 5010 3215 5079 quod
3244 5007 3386 5080 [ed.,
3416 5003 3597 5077 {aderis
3620 4990 3751 5071 quod]

2252 5100 2512 5170 pepigerat
2527 5115 2645 5154 cum
2660 5100 2915 5155 Abraham
2932 5110 2980 5156 et
2995 5101 3147 5157 Isaac
3165 5112 3209 5157 et
3225 5098 3379 5155 Jacob
3397 5095 3573 5170 (Exod.
3596 5109 3644 5159 tt,
3667 5086 3748 5156 2⁵)·

2258 5191 2410 5246 Verbi
2451 5194 2525 5245 tui
2548 5191 2778 5248 fortasse
2806 5192 3075 5262 signiﬁcat
3116 5194 3507 5263 promissionem
3548 5197 3678 5258 quam
3713 5178 3749 5232 in

2253 5281 2546 5350 Evangelio
2574 5281 2706 5337 dicit
2734 5300 2745 5335 :
2796 5281 2945 5337 Beati
2981 5284 3067 5354 qui
3098 5285 3290 5354 lugent,
3316 5281 3539 5354 quoniam
3562 5274 3645 5346 ipsi
3665 5284 3749 5326 m-

2247 5377 2566 5431 solabuntur.
2601 5375 2748 5431 Beati
2778 5378 2866 5445 qui
2898 5377 3293 5447 persecutionem
3320 5373 3564 5444 patiuntur
3600 5370 3750 5437 ρνορια

2236 5472 2517 5543 justitiam,
2539 5470 2775 5539 quoniam
2794 5472 3019 5538 ipsorum
3043 5480 3114 5523 est
3135 5483 3341 5541 regnum
3358 5466 3576 5521 calorum
3590 5454 3748 5530 (Μαιιιτο

2252 5581 2308 5632 v,
2339 5567 2413 5635 5).
2468 5568 2531 5621 Et
2570 5565 2676 5620 alio
2704 5565 2869 5637 406
2905 5566 3020 5621 loco
3045 5583 3060 5622 :
3094 5565 3211 5621 Non
3239 5581 3321 5618 vos
3348 5561 3580 5617 dimittam
3605 5547 3748 5619 orpha-

2253 5674 2344 5712 nos
2367 5657 2549 5727 (Joan.
2584 5675 2689 5724 xlv,
2720 5659 2843 5729 18);
2875 5667 2927 5714 et
2953 5659 3037 5714 his
3060 5658 3276 5716 similia.
3300 5656 3449 5711 Servo
3478 5662 3571 5742 ιιφ,
3599 5642 3744 5742 iulia“:

2256 5749 2534 5811 diendum.
2564 5751 2727 5821 imple
2751 5753 3074 5820 promissum
3103 5770 3115 5806 :
3144 5751 3263 5822 quia
3288 5749 3331 5803 si
3354 5746 3474 5803 velis
3496 5740 3596 5796 sine
3612 5732 3746 5797 alitiua

2258 5842 2562 5911 adjemione
2619 5843 2994 5915 superioribus
3048 5854 3227 5917 aptare
3278 5840 3409 5917 quod
3459 5835 3626 5892 dictum
3669 5826 3745 5885 εει»
