4090 6346
302 404 409 464 853

1161 405 1516 463 EXPOSITIO
1552 404 1618 461 IN
1657 397 2115 459 PSALTERIUM.
2159 396 2351 455 PSAL.
2391 395 2613 453 CXVIII.

3467 392 3573 451 856

299 520 462 576 verba
504 520 606 577 sibi
658 527 929 592 nequeunt
973 523 1285 576 convenire.
1313 520 1442 588 Qua:
1487 519 1652 588 ﬁgura
1682 514 1880 571 dicitur
1910 514 2045 576 Asc
2087 508 2352 566 defecisse
2397 506 2559 571 dicat,
2611 502 2732 574 quia
2785 510 3095 571 peccatores
3141 499 3312 571 legem
3358 499 3573 557 Domini

301 616 527 685 ellipsis,
549 616 601 670 id
628 627 710 671 est
737 615 999 681 defectus,
1031 616 1242 684 quoties
1264 616 1485 669 verbum
1515 609 1881 681 suspenditur,

301 715 361 762 ut
400 707 637 762 vivacius
668 708 989 778 inquiratur.
1041 708 1316 777 Sequitur,
1360 709 1412 761 in
1455 722 1559 777 quo
1587 705 1715 759 milii
1743 719 1886 774 spem

302 798 525 864 dedisti;
551 798 604 852 in
637 797 726 852 illa
753 799 960 853 scilicet
1004 798 1360 869 promissione
1405 796 1556 850 verbi
1588 795 1685 861 tui,
1724 808 1883 863 quam

303 888 421 959 jure
444 905 475 943 a
505 890 684 945 veraci
715 890 943 945 Domino
971 890 1225 961 compleri
1254 887 1427 945 ﬁdelis
1457 888 1685 959 populus
1709 899 1886 956 expc-

307 981 454 1036 tebat
498 979 629 1053 [ed.,
660 978 1049 1052 exspectabat].

376 1072 535 1127 Vers.
562 1071 654 1129 50.
697 1069 825 1126 Haec
850 1088 931 1126 me
960 1072 1222 1126 consolata
1239 1079 1313 1127 est
1342 1071 1395 1124 in
1426 1068 1714 1124 humilitate
1738 1081 1850 1121 mea
1868 1084 1887 1121 :

306 1164 428 1234 quia
458 1163 715 1233 eloquium
760 1173 901 1217 tuum
931 1162 1199 1232 viviﬁcavit
1243 1177 1346 1215 me.
1393 1161 1553 1230 Spem
1582 1173 1738 1228 quam
1787 1158 1890 1213 sibi

309 1252 439 1309 dicit
459 1252 526 1308 de
556 1254 763 1307 Domini
796 1251 1276 1322 pollicitationibus
1305 1250 1603 1315 exstitisse,
1632 1250 1801 1318 ipsam
1830 1261 1891 1303 se

308 1344 365 1399 in
395 1343 804 1398 necessitatibus
849 1343 1005 1412 hujus
1031 1341 1218 1397 mundi
1246 1340 1561 1394 consolatam
1600 1339 1765 1394 fuisse
1812 1348 1890 1394 te-

288 1445 502 1501 ‘statur,
548 1436 801 1507 quoniam
849 1435 988 1490 inter
1016 1432 1280 1505 quaslibet
1303 1431 1634 1487 calamitates
1679 1429 1889 1483 animus

310 1527 552 1583 ﬁdelium
588 1526 845 1596 reﬁcitur,
878 1527 1091 1597 quando
1123 1525 1245 1579 talis
1274 1523 1557 1579 retributio
1601 1520 1889 1592 cogitatur.

309 1618 445 1687 Quis
496 1619 643 1673 enim
698 1618 1022 1688 temporales
1076 1616 1299 1671 insidias
1355 1622 1597 1681 metuat,
1649 1629 1774 1669 cum
1826 1612 1894 1667 ad

316 1717 517 1764 aeterna
550 1707 759 1762 Domini
791 1708 1048 1775 promissa
1083 1706 1367 1776 reSpiciat‘l
1409 1704 1540 1759 Nam
1590 1718 1711 1759 cum
1741 1703 1890 1769 dicit,

313 1797 580 1853 consolata
600 1806 695 1866 est,
728 1797 959 1853 ostendit
990 1798 1129 1853 inter
1158 1810 1424 1852 aerumnas
1446 1794 1631 1849 stcculi
1662 1793 1767 1849 hoc
1792 1792 1895 1848 sibi

312 1978 490 2035 futura
522 1980 633 2050 spei
665 1981 1019 2051 promissione
1045 1978 1324 2051 gauderet.
1357 1978 1469 2033 Hoc
1511 1978 1673 2033 etiam
1727 1975 1897 2046 signi-

313 2070 459 2137 ﬁcat,
488 2072 541 2124 in
567 2071 855 2126 humilitate
885 2087 1027 2136 mea;
1054 2071 1181 2140 quia
1204 2078 1391 2124 sancta
1420 2082 1613 2124 revera
1643 2067 1899 2137 probatur

314 2160 586 2217 humilitas
628 2164 806 2217 omnia
863 2164 1154 2232 patienter,
1196 2160 1379 2215 omnia
1427 2176 1549 2214 cum
1598 2159 1898 2228 gratiarum

316 2251 531 2307 actione
560 2251 852 2307 sustinere.
881 2251 1031 2306 lianc
1057 2250 1218 2305 etiam
1249 2264 1402 2320 Spem
1434 2249 1618 2304 tribuit
1649 2251 1701 2304 in
1729 2250 1904 2304 Evan-

317 2346 460 2419 gelio
509 2345 697 2401 dicens
726 2345 987 2414 apostolis
1018 2361 1031 2396 ε
1084 2342 1150 2397 In
1177 2343 1428 2413 patientia
1472 2350 1639 2395 vestra
1669 2341 1901 2405 posside-

314 2436 434 2490 bitis
479 2438 681 2490 animas
726 2445 917 2491 vestras
950 2435 1103 2506 (Luc.
1159 2452 1272 2506 xxt,
1316 2436 1429 2503 l9).
1462 2435 1737 2505 Sequitur,
1783 2436 1906 2506 quia

316 2527 575 2598 eloquium
604 2537 747 2581 tuum
794 2528 1064 2596 viviﬁcabit
1112 2544 1214 2583 me.
1241 2527 1471 2581 Causam
1518 2526 1695 2582 reddit
1741 2541 1906 2596 quare

318 2616 593 2672 humilitas
640 2618 757 2687 ejus
796 2618 960 2673 luerit
1008 2618 1307 2673 eonsolata.
1360 2619 1656 2673 Promissio
1706 2618 1905 2689 quippe

319 2711 453 2763 tanti
504 2709 706 2766 iudicis
765 2710 994 2765 ﬁrmavit
1042 2711 1279 2766 animum
1327 2712 1675 2780 sustinentis;
1729 2722 1785 2768 et
1837 2730 1906 2769 ne

318 2800 668 2867 temporalem
722 2802 938 2857 timeret
984 2802 1292 2875 interitum,
1339 2818 1466 2876 spes
1521 2806 1905 2863 consolationis

318 2890 589 2961 viviﬁcavit
621 2893 901 2948 afﬂictum.

392 2981 547 3037 Vers.
596 2984 686 3037 5i.
730 2984 953 3055 Superbi
981 2986 1154 3057 inique
1196 2988 1413 3061 agebant
1459 3006 1841 3061 usquequaque,
1876 3010 1909 3045 a

318 3071 426 3143 lege
470 3082 638 3126 autem
702 3084 793 3129 tua
855 3093 957 3129 non
1017 3078 1290 3133 declinavi.
1352 3060 1589 3149 Tempus
1641 3080 1908 3151 signiﬁcat

317 3168 531 3237 quando
567 3184 597 3224 a
639 3172 885 3240 superbis
908 3175 1345 3242 persecutoribus
1365 3178 1714 3234 vehementer
1730 3179 1909 3234 humi-

1989 606 2239 661 deserere
2268 601 2642 657 cernebantur.
2679 598 2908 652 Necesse
2937 604 3019 651 est
3046 594 3189 650 enim
3240 602 3300 649 ut
3325 600 3572 651 sanctum

1987 698 2161 751 virum
2203 690 2425 748 alterius
2470 689 2625 759 culpa
2673 686 2977 751 contristet,
3009 684 3135 739 dum
3184 687 3395 740 animus
3443 683 3563 753 pius

1988 785 2170 841 salvos
2216 782 2331 837 ﬁeri
2359 779 2629 836 desiderat
2676 778 2987 837 universos;
3022 784 3078 830 et
3103 790 3262 844 quem
3292 790 3399 831 non
3425 783 3578 844 optat

1988 875 2253 933 excedere
2281 872 2401 946 [ms.
2426 870 2519 937 ϐ..
2550 866 2841 939 excidere],
2873 866 3126 937 afﬂigitur
3158 882 3280 920 cum
3310 866 3359 921 ei
3389 879 3578 935 pinnas

1989 966 2303 1039 cognoverit
2322 964 2623 1020 imminere.
2648 961 2761 1016 Scit
2789 958 2931 1014 enim
2963 958 3086 1027 quia
3115 957 3349 1027 gratuite
3371 956 3577 1012 illatum

1991 1059 2189 1114 malum
2219 1072 2373 1113 suum
2403 1056 2577 1126 potius
2607 1062 2792 1124 gravet
2836 1059 3139 1106 auctorem.
3194 1048 3351 1106 Unde
3392 1058 3580 1105 sancta

1991 1149 2189 1205 cohors
2217 1163 2324 1203 non
2361 1154 2564 1202 tantum
2612 1142 2785 1215 pinnis
2831 1142 2966 1210 suis,
2999 1152 3256 1211 quantum
3288 1142 3581 1213 tyrannicis

1995 1240 2343 1310 torquebatur
2384 1237 2718 1294 excessibus.

2066 1332 2217 1389 Vers.
2248 1328 2337 1386 5i.
2377 1329 2668 1384 Cantabiles
2698 1330 2821 1383 mihi
2848 1337 2991 1383 erant
3013 1327 3417 1400 justiﬁcationes
3446 1337 3569 1390 luat,

1993 1424 2048 1477 in
2076 1421 2190 1477 loco
2214 1421 2467 1475 incelatus
2498 1421 2617 1474 mei.
2649 1419 2782 1473 Cum
2814 1419 3030 1485 dicitur,
3064 1416 3368 1484 cantabiles,
3410 1416 3582 1486 signi-

1996 1515 2123 1571 ﬁcat
2165 1514 2516 1586 psalmodiam
2550 1528 2673 1569 cum
2704 1527 2892 1582 magna
2922 1512 3281 1567 delectatione
3328 1525 3583 1582 peragen-

1996 1611 2142 1675 dam,
2191 1609 2333 1665 sicut
2360 1609 2491 1663 dicit
2523 1606 2856 1677 Apostolus:
2912 1603 3191 1659 Cantantes
3239 1613 3284 1656 et
3315 1604 3584 1674 psallentes

1999 1703 2054 1757 in
2082 1700 2318 1756 cordibus
2362 1700 2536 1755 vestris
2567 1698 2672 1753 Deo
2719 1696 2941 1772 (Ephes.
2973 1714 3028 1764 v,
3062 1696 3175 1769 l9).
3206 1696 3406 1751 Cantus
3440 1695 3583 1750 enim

1999 1810 2214 1864 semper
2242 1795 2442 1851 relevat
2466 1794 2699 1859 labores,
2728 1804 2783 1849 et
2813 1808 2916 1848 non
2943 1793 3069 1847 facit
3098 1791 3279 1847 animo
3308 1792 3588 1861 surripere

218 1942 223 1947 .
278 1920 283 1923 η
313 1890 489 1944 solatii
524 1888 710 1956 fuisse,
743 1899 799 1944 ut
830 1889 883 1943 in
923 1888 1174 1959 prtesenti
1205 1888 1311 1943 vita
1350 1886 1699 1958 aiﬁigeretur,
1743 1894 1798 1942 et
1828 1885 1896 1941 de
1932 1893 1972 1951 Β
2001 1885 2238 1951 taedium,
2291 1885 2383 1956 qui
2409 1885 2879 1953 contemplationis
2905 1893 3099 1955 magna
3128 1882 3390 1939 suavitate
3442 1880 3582 1938 mul-

2000 1990 2171 2033 cetur.
2202 1978 2334 2033 Nam
2362 1978 2502 2049 quod
2533 1978 2754 2045 addidit,
2780 1980 2833 2033 in
2863 1979 2975 2034 loco
3002 1979 3263 2033 incolatus
3294 1978 3392 2032 ntei
3424 1977 3587 2049 (sicut

2001 2083 2144 2140 stupe
2174 2068 2454 2147 diximus),
2504 2070 2769 2141 signiﬁcat
2814 2069 2957 2125 hunc
2987 2069 3261 2133 mundum,
3304 2070 3398 2125 ubi
3430 2084 3585 2140 pere-

2002 2162 2242 2230 grinatur
2290 2162 2467 2216 omnis
2516 2162 2606 2230 qui
2656 2161 2873 2217 Christo
2924 2162 3152 2217 Domino
3200 2160 3433 2217 devotus
3479 2171 3584 2217 est.

2005 2251 2221 2322 Expulsi
2268 2252 2529 2322 siquidem
2559 2252 2613 2306 in
2660 2252 2828 2307 Adam
2856 2252 2926 2308 de
2956 2253 3087 2308 sede
3115 2252 3370 2321 paradisi,
3405 2253 3460 2308 in
3492 2253 3592 2309 hac

2006 2349 2147 2394 terra
2174 2342 2450 2395 incolatum
2477 2344 2735 2413 gerimus,
2767 2344 2887 2411 quia
2913 2345 3098 2413 patria:
3131 2344 3274 2398 illius
3303 2342 3582 2399 beatitudi-

2006 2446 2126 2486 ncm
2153 2448 2258 2487 non
2284 2433 2562 2488 habemus.
2595 2434 2669 2489 Ita
2700 2434 2757 2489 ﬁt
2788 2445 2843 2489 ut
2873 2436 2927 2491 in
2961 2435 3062 2491 hoc
3092 2436 3291 2490 mundo
3313 2435 3582 2505 peregrini

2005 2539 2126 2579 esse
2144 2525 2441 2595 videamur,
2458 2525 2595 2581 sicut
2609 2538 2662 2581 et
2677 2527 2966 2597 Apostolus
2978 2526 3109 2582 dicit
3126 2546 3136 2579 :
3159 2527 3405 2594 Quandiu
3417 2543 3592 2582 sumus

2005 2618 2059 2669 in
2080 2616 2174 2670 hoc
2203 2634 2433 2688 corpore,
2460 2620 2842 2690 peregrinantur
2861 2637 2893 2674 a
2916 2620 3137 2674 Domino
3159 2618 3245 2690 (II
3282 2618 3402 2673 Cor.
3436 2635 3492 2685 v,
3515 2610 3591 2689 6).

2084 2710 2236 2765 Vers.
2276 2709 2365 2768 55.
2410 2710 2608 2766 Memor
2633 2712 2712 2781 fui
2740 2712 2794 2765 in
2815 2721 2960 2766 nocte
2981 2712 3201 2766 nominis
3228 2712 3322 2779 tui,
3347 2709 3585 2775 Domine,

2007 2813 2056 2859 et
2099 2803 2350 2858 custodivi
2379 2804 2537 2874 legem
2566 2812 2730 2858 tuam.
2761 2802 2862 2859 Per
2893 2813 3110 2869 noctem,
3144 2803 3398 2858 mundttm
3430 2802 3593 2858 istum

2006 2894 2311 2965 signiﬁcare
2334 2910 2489 2964 posse
2518 2910 2624 2951 non
2652 2895 2873 2951 dubium
2904 2905 3010 2962 est,
3042 2897 3095 2951 in
3117 2910 3225 2967 quo
3249 2903 3591 2964 peccatorum

2009 2995 2195 3055 regnat
2219 2986 2540 3041 obscuritas.
2564 2986 2672 3042 Sed
2697 2987 2901 3041 utinam
2925 2988 3111 3043 oculos
3132 3001 3428 3056 corporeos
3447 2987 3593 3042 clau-

2009 3072 2182 3139 deret,
2211 3083 2397 3130 etnon
2423 3074 2601 3131 cordis
2629 3075 2830 3130 lumina
2878 3076 3232 3147 periculosius
3270 3078 3592 3132 obctecaret.

2012 3167 2160 3223 lianc
2188 3178 2387 3223 noctem
2418 3167 2670 3224 Dominus
2713 3168 2955 3238 depellit,
2999 3168 3213 3238 quando
3247 3167 3433 3237 judicii
3467 3180 3594 3223 tem-

319 3257 387 3312 lis
436 3259 671 3316 Ecclesia
703 3265 1015 3319 vexabatur.
1064 3266 1173 3322 Sed
1223 3269 1341 3324 tunc
1386 3270 1570 3325 omnia
1608 3272 1738 3326 dicit,
1784 3287 1904 3328 esse
1933 3268 1979 3331 C
2008 3275 2141 3332 pore
2169 3262 2391 3317 veniens
2419 3262 2680 3316 illuminat
2707 3262 3006 3316 abscondita
3031 3261 3377 3327 tenebrarum,
3405 3269 3454 3315 et
3484 3276 3596 3314 ma-

320 3352 597 3421 lrustrata,
642 3372 766 3412 cum
809 3359 857 3415 ei
911 3362 1264 3431 malignorum
1324 3378 1433 3419 non
1485 3364 1661 3435 pituit
1709 3382 1906 3423 nocere

318 3448 543 3502 saevitia.
604 3450 670 3504 Et
724 3453 935 3521 reSpice
996 3456 1255 3524 quoniam
1324 3458 1685 3515 humilitatem
1746 3473 1904 3516 suam

319 3536 492 3591 ﬁdelis
537 3541 763 3609 pepulus
815 3543 1139 3601 viviﬁcatam
1190 3547 1362 3602 dicit:
1419 3550 1666 3619 superbos
1704 3562 1903 3619 autem,

318 3625 373 3682 id
396 3638 478 3682 cst
499 3632 760 3702 malignos
783 3642 944 3704 atque
967 3644 1223 3705 tyrannos
1243 3638 1539 3695 crudeliter
1562 3642 1737 3709 egisse
1757 3657 1908 3697 com-

318 3733 610 3788 memorat,
633 3724 721 3793 qui
746 3741 851 3781 non
877 3727 1201 3795 viviﬁcandi,
1221 3731 1315 3786 sed
1341 3733 1520 3798 potius
1544 3734 1904 3788 mortiﬁcandi

319 3821 464 3867 sunt.
490 3813 592 3869 Per
618 3817 733 3872 haec
760 3818 900 3872 enim
929 3818 1037 3875 duo
1061 3822 1221 3878 verba
1250 3823 1495 3894 designat
1520 3841 1691 3895 genus
1722 3826 1906 3881 buma-

321 3917 478 3969 num;
530 3904 762 3963 humiles
789 3910 988 3979 quippe
1035 3912 1253 3969 dicendi
1303 3926 1451 3981 sunt,
1507 3918 1599 3987 qui
1641 3918 1908 3974 mandatis

320 3991 532 4049 Domini
564 3996 784 4054 obedire
814 4000 1175 4070 contendunt;
1217 4007 1442 4075 superbi,
1491 4008 1580 4077 qui
1630 4010 1907 4064 dial~olicis

320 4085 751 4155 suggestionibus
784 4090 1165 4149 intumescunt.
1195 4096 1469 4165 Sequitur,
1521 4114 1553 4151 a
1596 4099 1705 4168 lege
1738 4108 1908 4154 autem

320 4186 412 4228 tua
438 4193 539 4231 non
566 4179 846 4247 declinari;
877 4183 1083 4239 scilicet
1109 4194 1168 4240 ut
1194 4185 1270 4239 illi
1300 4188 1559 4255 putabant
1585 4190 1675 4258 qui
1724 4205 1905 4258 perse-

319 4269 623 4337 quebantnr
674 4274 941 4331 innoxios.
999 4277 1068 4332 Et
1116 4292 1240 4332 cum
1288 4279 1438 4345 dicit,
1483 4298 1588 4335 non
1634 4282 1903 4350 declinavi,

320 4360 588 4427 signiﬁcat
626 4365 680 4418 in
721 4367 963 4421 veritatis
996 4367 1196 4437 jugiter
1225 4385 1286 4425 se
1317 4371 1583 4438 mansisse
1621 4375 1905 4429 sententia.

399 4450 553 4511 Vers.
581 4454 670 4510 59..
714 4456 913 4511 Memor
939 4460 1017 4528 [ui
1049 4461 1372 4530 judiciorum
1401 4476 1606 4517 tuorum
1635 4480 1666 4517 a
1694 4464 1906 4533 saeculo,

325 4542 579 4610 Domine;
609 4555 657 4598 et
687 4548 977 4603 consolatus
1014 4568 1147 4605 sum.
1184 4552 1381 4607 Memor
1415 4554 1737 4625 judiciorum
1790 4556 1904 4626 ple-

2007 3353 2217 3422 nifestat
2265 3351 2484 3406 consilia
2531 3352 2702 3407 cordis
2751 3351 2815 3422 (Ι
2843 3350 2962 3406 Cor.
3016 3368 3091 3418 tv,
3140 3350 3239 3422 5),
3290 3365 3598 3422 qumsnunc

2007 3440 2320 3499 excessibus
2350 3441 2660 3497 nutriuntur
2699 3441 2920 3497 illicitis.
2953 3443 3058 3500 Sed
3089 3445 3141 3497 in
3169 3443 3271 3498 hac
3299 3452 3447 3499 nocte
3487 3460 3596 3499 me-

2008 3552 2196 3590 morem
2214 3550 2274 3591 se
2289 3535 2417 3591 dicit
2434 3536 2592 3607 fuisse
2610 3536 2826 3591 nominis
2846 3535 3077 3604 Domini,
3097 3552 3219 3591 cum
3241 3538 3421 3592 omnia
3439 3535 3597 3595 bene.

2010 3628 2127 3683 ﬁcia
2157 3629 2322 3699 ipsius
2348 3644 2455 3683 non
2486 3629 2693 3684 meritis
2719 3629 2854 3698 suis,
2901 3629 2995 3684 sed
3042 3629 3238 3684 divinis
3281 3628 3596 3685 muneribus

2008 3721 2331 3791 applicaret;
2364 3722 2505 3777 sicut
2533 3729 2590 3777 et
2616 3722 2670 3776 in
2716 3721 2825 3776 alio
2854 3721 3058 3791 psalmo
3091 3721 3321 3791 legitur:
3374 3721 3598 3790 Adjutoc

2008 3813 2143 3865 rium
2187 3822 2416 3867 nostrum
2456 3814 2509 3867 in
2556 3814 2758 3867 nomine
2791 3813 3017 3882 Domini,
3048 3814 3137 3884 qui
3162 3813 3280 3884 fecit
3330 3814 3511 3867 caelum
3551 3823 3598 3868 et

2011 3914 2201 3957 terram
2230 3902 2413 3974 (Psal.
2464 3918 2648 3969 cxxtn,
2683 3904 2773 3973 8).
2823 3903 2892 3957 Et
2939 3902 3235 3971 Apostolus
3289 3913 3596 3958 memorat:

2015 3996 2116 4062 Qui
2156 3996 2427 4067 gloriatur,
2461 3996 2515 4048 in
2567 3995 2786 4048 Domino
2816 3995 3067 4067 glorietur
3109 3993 3194 4065 (Il
3228 3994 3346 4048 Cor.
3379 4011 3435 4061 χ,
3481 3996 3597 4065 17).

2012 4088 2099 4144 Sic
2127 4086 2270 4143 enim
2306 4086 2478 4141 ﬁdelis
2510 4086 2681 4140 noctis
2704 4084 2857 4140 istius
2882 4086 3119 4141 tenebris
3143 4099 3248 4140 non
3278 4085 3595 4153 involvitur,

2013 4178 2136 4249 quia
2187 4176 2367 4231 cordis
2414 4176 2618 4231 lumine
2647 4174 2999 4231 clariﬁcatur.
3053 4175 3413 4245 Consequitur
3441 4177 3599 4245 digna

2013 4268 2306 4338 professio;
2338 4267 2460 4322 ideo
2489 4268 2635 4323 enim
2684 4266 2954 4321 custodivit
3000 4267 3159 4340 legem
3191 4267 3426 4335 Domini,
3472 4268 3599 4338 quia

2012 4362 2111 4431 [uit
2141 4376 2333 4414 memor
2360 4361 2414 4413 in
2435 4367 2581 4413 nocte
2612 4358 2833 4413 nominis
2856 4357 2995 4429 ejus.
3024 4358 3143 4415 Non
3173 4360 3316 4414 enim
3343 4359 3599 4413 custodire

2012 4453 2266 4509 valuisset
2298 4452 2453 4525 legem
2484 4451 2720 4519 Domini,
2754 4452 2796 4506 si
2827 4451 2941 4507 suis
2970 4450 3172 4523 aliquid
3203 4452 3411 4508 meritis
3435 4451 3599 4520 appli-

2012 4554 2209 4602 CISSCI.

319 4637 523 4694 ctibilia
571 4657 674 4693 non
728 4644 1022 4710 praisutnit,
1064 4647 1185 4715 quia
1236 4656 1383 4702 metu
1428 4659 1707 4717 poenarum
1740 4664 1899 4705 revo-
1936 4641 1986 4702 D
2086 4640 2237 4696 Vers.
2280 4639 2370 4696 56.
2416 4639 2545 4695 Hcce
2595 4641 2733 4710 facta
2761 4647 2836 4693 est
2866 4638 3012 4706 mihi,
3044 4638 3167 4709 quia
3203 4634 3602 4706 iustificationes

320 4739 473 4782 catur
531 4731 622 4799 qui
686 4732 956 4788 incentiva
1012 4740 1273 4806 pravitate
1327 4740 1699 4796 succenditur.
1766 4740 1902 4797 Cum

320 4820 470 4885 dicit,
486 4839 515 4873 a
538 4824 747 4889 saeculo,
767 4825 1030 4894 signiﬁcat
1051 4844 1172 4883 cum
1197 4830 1563 4888 administrari
1590 4840 1801 4903 emptus
1824 4842 1908 4888 est

320 4914 571 4968 mundus.
606 4916 715 4971 lloc
761 4918 902 4972 enim
950 4921 1039 4973 illa
1080 4922 1274 4979 cohors
1324 4926 1500 4994 potuit
1538 4925 1754 4994 dicere,
1785 4942 1906 4997 qua:

320 5017 419 5069 per
450 5008 817 5062 successiones
847 5012 1250 5078 generationum
1298 5014 1471 5086 longis
1500 5018 1750 5074 :etatibus
1779 5032 1905 5089 cog-

321 5096 562 5150 noscitur
585 5099 874 5155 exstitisse.
903 5100 1034 5155 Nam
1056 5103 1103 5157 si
1134 5113 1393 5161 aeternum
1422 5117 1632 5177 tempus
1655 5110 1911 5166 voluisset

319 5188 627 5255 ostendere,
663 5193 916 5247 saeculum
948 5195 1132 5249 sazculi
1174 5196 1399 5265 diceret,
1426 5199 1564 5254 sicut
1601 5199 1911 5271 frequenter

320 5281 577 5336 insinuat.
627 5285 739 5350 Qua
770 5284 1093 5355 cogitatione
1136 5286 1460 5342 consolatam
1501 5304 1560 5345 se
1605 5290 1754 5357 dicit,
1788 5295 1909 5362 quia

320 5372 553 5428 tumulos
595 5389 721 5427 suos
750 5376 917 5429 virtus
946 5375 1124 5431 divina
1150 5390 1257 5431 non
1285 5376 1507 5447 deserit,
1536 5380 1671 5436 sicut
1702 5390 1758 5437 et
1784 5382 1910 5436 alibi

320 5462 490 5517 dicit:
540 5464 788 5519 Iuvenior
831 5467 849 5537 Ι
857 5482 983 5522 mss.
1030 5470 1118 5534 A.,
1156 5468 1239 5536 8.,
1270 5468 1482 5541 Iunior]
1530 5473 1605 5543 fui
1644 5482 1691 5528 et
1734 5476 1905 5539 senui,

311 5566 360 5610 et
404 5574 504 5610 non
533 5558 636 5610 vidi
656 5560 857 5629 justum
886 5560 1203 5614 derelictam.

398 5647 549 5703 Vcrs.
582 5649 668 5703 55.
711 5648 937 5717 Defectio
968 5652 1127 5704 animi
1171 5653 1331 5705 tenuit
1360 5666 1458 5717 me,
1509 5666 1602 5721 pro
1632 5649 1760 5722 [ms.
1814 5650 1904 5719 G.,

322 5738 404 5803 F.,
442 5739 571 5811 prce]
621 5743 964 5809 peccatoribus
1017 5744 1478 5815 derelinquentibus
1531 5744 1694 5815 legem
1744 5753 1904 5798 luant.

324 5828 417 5885 liic
444 5832 615 5899 pietas
640 5842 837 5887 sancta:
869 5834 1288 5891 conversationis
1314 5834 1614 5909 exponitur,
1641 5846 1698 5888 ut
1719 5833 1905 5891 dolore

2012 4743 2127 4788 tuas
2148 4734 2413 4804 exquisivi.
2434 4732 2562 4787 Ηωε
2583 4737 2724 4803 facta
2744 4743 2818 4787 est
2842 4732 2990 4799 milii,
3014 4729 3262 4797 subaudi,
3281 4728 3598 4785 consolatio.

2012 4825 2166 4893 Quod
2198 4828 2367 4895 magis
2406 4825 2475 4880 de
2524 4832 2685 4880 nocte
2714 4837 2874 4893 quam
2901 4822 2971 4878 de
3001 4824 3117 4892 lege
3144 4822 3307 4877 debet
3352 4819 3597 4889 intelligi,

2013 4926 2071 4972 ut
2098 4930 2217 4985 qua:
2264 4915 2637 4985 peccatoribus
2668 4924 2753 4971 est
2793 4914 3027 4979 caecitas,
3078 4914 3195 4985 ipso
3241 4912 3369 4967 viris
3399 4911 3599 4966 sanctis

2011 5006 2327 5062 illuminatio
2356 5021 2478 5062 esse
2520 5008 2781 5063 videatur.
2832 5006 2923 5062 Sic
2972 5006 3115 5061 enim
3166 5005 3452 5060 credentes
3495 5018 3599 5059 non

2013 5100 2282 5169 patiuntur
2307 5098 2575 5163 tenebras,
2602 5097 2847 5168 quamvis
2875 5098 2925 5152 in
2971 5095 3130 5166 hujus
3155 5096 3339 5152 mundi
3360 5096 3601 5152 cmcitatc

2015 5198 2314 5245 versentur.
2356 5188 2612 5258 Sequitur
2659 5203 2821 5244 causa
2868 5204 3033 5258 quare
3076 5190 3154 5243 illi
3185 5205 3289 5244 nox
3342 5188 3480 5243 facta
3529 5188 3603 5244 sit

2013 5284 2329 5349 consolatio,
2362 5285 2484 5352 quia
2497 5283 2896 5354 justiﬁcationes
2924 5292 3040 5357 tuas
3068 5283 3335 5353 exquisivi.
3363 5281 3421 5338 Si
3447 5279 3595 5338 enim

2016 5378 2262 5442 dixisset,
2289 5391 2456 5442 meas,
2482 5374 2825 5432 sustinuisset
2848 5374 3023 5430 adhuc
3047 5375 3422 5432 densissimam
3446 5373 3601 5430 caeci-

2011 5479 2206 5535 tatem;
2259 5468 2354 5523 sed
2399 5467 2521 5537 quia
2563 5465 2714 5532 dixit,
2767 5474 2918 5534 tuas,
2969 5467 3153 5522 mundi
3206 5466 3443 5524 tenebris
3495 5480 3598 5521 non

2013 5563 2188 5633 patuit
2217 5562 2500 5617 ohececari.

2086 5655 2235 5711 Vcrs.
2263 5656 2353 5710 57.
2376 5683 2446 5693 -
2466 5669 2579 5708 vnt.
2626 5652 2801 5707 Ilum.
2835 5651 3015 5709 Portio
3046 5669 3181 5717 mea,
3215 5652 3451 5714 Domine,
3483 5649 3603 5705 dixi

2010 5748 2265 5800 custodire
2309 5748 2469 5817 legent
2511 5755 2671 5800 tuam.
2715 5749 2920 5815 Agmen
2976 5746 3189 5800 beatum
3237 5744 3305 5797 ad
3352 5750 3600 5798 octavam

2012 5836 2246 5893 litteram
2274 5837 2440 5903 venit,
2459 5837 2510 5891 in
2534 5852 2635 5906 qua
2654 5836 2927 5892 desiderat
2947 5835 3126 5890 videre
3152 5833 3339 5889 faciem
3360 5829 3601 5898 Domini,
