4090 6346
519 384 626 442 855

1738 402 1806 461 Μ.
1854 405 2131 463 Αυῐιειιι
2171 406 2573 465 CASSIODORI

3681 424 3793 482 858

518 508 643 573 quia
698 508 816 605 eius
869 510 1135 565 mandatis
1187 512 1425 568 noscitur
1481 512 1789 570 obsecutus.
1839 516 2021 572 Portio
2066 508 2173 578 a'A
2204 516 2453 572 Paratum
2482 538 2571 575 (or
2601 539 2764 577 meum
2805 524 2959 591 Deus,
3008 537 3241 596 paratum
3277 546 3365 585 cor
3408 548 3572 588 meum
3610 533 3791 605 (Psal.

519 606 672 665 par:e
719 600 859 655 dicta
909 610 1010 657 est.
1070 604 1215 657 lllius
1266 605 1411 659 enim
1460 606 1627 675 partis
1674 623 1898 674 sumus,
1950 610 2101 677 cujus

517 692 880 748 voluntatibus
939 696 1237 750 obedimus.
1301 697 1455 763 Quod
1511 698 1733 753 verbum
1796 698 2103 769 frequenter

516 784 728 843 iuvenis
778 786 997 851 dictum,
1056 798 1112 841 ut
1159 798 1243 843 est
1289 790 1453 845 illud:
1511 790 1665 844 Filiis
1715 791 1835 851 Levi
1885 810 1988 846 non
2009 795 2102 846 erit

517 882 704 942 portio,
728 894 888 946 neque
904 896 1014 934 sors
1033 880 1194 951 407
1225 884 1277 935 in
1304 885 1472 937 medio
1496 889 1718 955 fratrum
1743 902 1939 950 eorum,
1979 887 2100 954 quia

514 964 765 1021 Dominus
796 968 931 1024 Deus
974 988 1095 1039 pars
1141 981 1213 1026 est
1248 990 1425 1028 eorum
1475 976 1655 1037 (Deut.
1712 993 1765 1045 x,
1823 978 1902 1047 9).
1951 977 2101 1033 Unde

512 1057 706 1112 merito
726 1060 890 1125 portio
918 1060 1128 1130 piorum
1163 1064 1301 1119 Deus
1330 1064 1545 1133 dicitur,
1569 1069 1689 1136 quia
1717 1067 1768 1121 iu
1800 1070 1948 1138 regni
1979 1070 2097 1135 ejus

514 1149 766 1207 felicitate
789 1154 985 1208 victuri
1015 1165 1161 1210 sunt.
1194 1158 1465 1226 Sequitur,
1501 1159 1609 1212 dixi
1645 1160 1897 1213 custodire
1939 1160 2099 1230 legem

513 1254 673 1299 tuam.
717 1246 858 1311 Dixi,
910 1249 961 1302 id
1011 1261 1114 1317 est,
1170 1252 1352 1311 statui,
1387 1252 1623 1315 decrevi,
1659 1262 1817 1319 atque
1877 1251 2096 1319 promisi

513 1336 723 1393 Domini
776 1352 1035 1411 pra-cepta
1088 1358 1343 1398 servare:
1395 1344 1537 1397 unde
1591 1345 1768 1397 factus
1825 1343 1995 1398 fuerat
2043 1343 2096 1397 in

512 1430 721 1485 Domini
770 1435 1033 1502 portione,
1068 1435 1118 1488 id
1150 1443 1235 1489 est
1266 1436 1316 1489 in
1349 1435 1646 1490 Jerusalem
1676 1436 1853 1502 beata,
1910 1450 2015 1489 non
2045 1434 2095 1488 in

515 1523 818 1596 Babylonico
851 1538 998 1596 parte
1025 1527 1271 1583 confusa.

588 1616 739 1674 Vers.
773 1618 863 1674 58.
910 1619 1222 1685 Deprecatus
1243 1637 1355 1675 sum
1377 1622 1556 1692 faciem
1579 1630 1718 1676 tuam
1746 1622 1797 1675 in
1820 1631 1923 1675 toto
1949 1621 2100 1674 corde

509 1723 655 1762 meo:
685 1710 923 1763 miserere
947 1713 1045 1765 mei
1088 1713 1363 1765 secundum
1391 1714 1645 1782 eloquium
1690 1726 1853 1768 tuum.
1888 1715 2094 1785 Duplici

509 1800 673 1854 modo
700 1801 816 1856 haec
845 1803 1002 1870 facies
1029 1803 1238 1859 Domini
1267 1805 1525 1872 probatur
1548 1805 1793 1874 intelligi.
1820 1805 2091 1862 Christum

2205 626 2321 675 Lvt,
2372 612 2463 680 8).
2507 614 2788 684 Sequitur,
2831 626 3006 671 etnon
3049 636 3160 671 sum
3190 622 3443 677 turbatus.
3489 622 3795 695 lmprovisa

2205 700 2344 755 forte
2371 704 2716 758 conturbant.
2744 706 2861 760 Non
2894 708 3038 763 enim
3068 709 3194 764 facit
3231 710 3521 769 formidare
3543 717 3791 773 animum

2203 792 2498 848 deliberata
2529 798 2817 851 sententia.
2855 799 3002 854 Unde
3026 810 3079 854 et
3109 801 3368 858 Dominus
3412 806 3465 860 in
3495 806 3794 878 Evangelia

2206 896 2544 952 praemonens
2573 887 2742 943 dicit:
2778 890 2900 945 Non
2943 894 3172 949 turbetur
3218 911 3305 949 cor
3332 909 3553 953 oestrum
3602 900 3790 970 (Joan.

2203 990 2313 1041 xiv,
2347 976 2431 1046 l);
2459 982 2709 1047 quoniam
2743 997 2849 1037 non
2897 994 3070 1053 potest
3118 985 3223 1040 dici
3271 998 3505 1059 paratus,
3549 994 3638 1062 qui
3682 1002 3792 1049 tre-

2202 1069 2323 1139 pida
2358 1073 2676 1141 cogitatione
2721 1076 3082 1132 confunditur.
3130 1078 3293 1133 Infert
3339 1082 3501 1137 etiam
3548 1084 3617 1139 ad
3659 1086 3791 1155 quid

2201 1172 2438 1230 paratum
2469 1180 2527 1218 se
2564 1179 2685 1220 csse
2713 1166 2943 1236 dicebat,
2977 1170 3184 1225 scilicet
3211 1181 3267 1223 ut
3294 1173 3541 1227 mandata
3570 1175 3787 1234 Domini

2201 1256 2515 1322 custodiret;
2546 1272 2664 1327 qua:
2686 1260 2764 1313 sic
2780 1260 2916 1316 bene
2938 1270 3095 1331 atque
3113 1263 3316 1333 integre
3338 1274 3643 1333 servantur,
3667 1283 3790 1324 cum

2200 1344 2496 1400 adversitas
2525 1348 2668 1402 nulla
2698 1351 2972 1405 metuitur.

2277 1434 2423 1491 \‘ers.
2448 1437 2536 1491 61.
2567 1437 2742 1493 Funes
2761 1452 3085 1509 peccatorum
3105 1443 3435 1514 circumplexi
3454 1456 3573 1500 sunt
3592 1464 3711 1514 me;
3734 1460 3782 1504 et

2201 1525 2360 1596 legem
2398 1535 2540 1581 tuam
2573 1545 2674 1583 non
2702 1546 2816 1585 sum
2846 1532 3051 1585 oblitus.
3084 1532 3214 1587 Cutn
3254 1535 3405 1605 dicit,
3436 1537 3577 1603 funes
3606 1555 3782 1609 pecca-

2200 1626 2389 1683 torum,
2421 1618 2658 1674 ostendit
2694 1629 2773 1676 tot
2808 1636 2931 1677 esse
2977 1623 3196 1693 laqueos
3222 1635 3353 1694 quot
3383 1638 3597 1694 peccata
3640 1645 3786 1685 com-

2202 1712 2485 1766 mittimus.
2546 1712 2716 1767 Funes
2777 1715 2921 1769 enim
2973 1724 3102 1769 sunt
3150 1718 3403 1787 implicita
3458 1731 3512 1775 et
3551 1730 3787 1779 tortuosa

2201 1803 2472 1871 ligamina,
2503 1804 2695 1872 quibus
2719 1819 2778 1860 se
2805 1805 3175 1876 delinquentes
3212 1823 3426 1877 semper
3454 1811 3787 1883 astringunt,

509 1908 669 1963 quem
701 1895 954 1950 credebat
981 1911 1100 1951 esse
1130 1906 1414 1951 venturum
1445 1898 1742 1952 indubitata
1766 1899 2097 1968 cogitatione
2129 1889 2176 1948 B
2203 1895 2339 1949 sicut
2382 1896 2538 1949 Isaias
2568 1895 2734 1950 dicit:
2790 1895 2878 1951 Va:
2919 1900 3007 1968 qui
3049 1899 3258 1952 trahunt
3303 1912 3508 1969 peccata
3548 1913 3787 1973 tanquam

512 1980 851 2055 desiderans,
886 1988 1308 2045 incarnationem
1340 1989 1507 2055 ipsius
1530 1989 1802 2058 quaerebat
1828 1991 2088 2060 aspicere,

509 2093 629 2147 qum
659 2081 861 2135 mundo
908 2082 1161 2137 salutaris
1192 2091 1403 2153 poterat
1448 2096 1733 2152 apparere,
1767 2082 1909 2138 sicut
1950 2093 2004 2137 et
2038 2083 2092 2137 in

509 2169 617 2225 alio
640 2172 848 2242 psalmo
873 2172 1075 2228 dictum
1106 2180 1191 2229 est
1219 2192 1232 2228 :
1268 2172 1409 2229 Deus
1432 2174 1696 2237 virtutum,
1726 2182 1960 2228 converte
1981 2189 2092 2240 nos,

507 2270 558 2317 et
597 2264 805 2320 ostende
831 2265 1015 2336 faciem
1059 2275 1221 2331 tuam,
1249 2273 1298 2320 et
1316 2264 1445 2320 salvi
1485 2266 1676 2319 erimus
1707 2264 1877 2336 (Psal.
1912 2282 2091 2336 usis,

507 2354 588 2426 8).
618 2353 685 2409 In
713 2364 820 2411 toto
848 2358 1023 2425 corde,
1058 2358 1175 2412 sine
1206 2357 1311 2412 ulla
1342 2358 1702 2423 haesitatione,
1736 2366 1796 2412 ut
1835 2373 1941 2414 non
1978 2368 2096 2414 tan-

505 2458 664 2516 quam
699 2445 831 2520 [ed.,
865 2455 922 2502 ut
971 2449 1263 2520 nunquam]
1298 2448 1367 2504 de
1413 2450 1590 2504 futuro
1633 2463 1952 2520 suspensus,
1999 2450 2093 2505 sed

505 2538 654 2592 velut
684 2549 1008 2609 prasentem
1036 2540 1311 2595 videretur
1340 2553 1530 2609 rogare
1570 2540 1933 2596 certissimus.
1967 2541 2096 2595 Pos-

506 2630 641 2684 tulat
698 2632 859 2686 etiam
915 2631 1344 2687 misericordiam
1404 2630 1669 2686 adventus
1722 2633 1843 2701 ejus
1895 2633 2095 2689 debere

505 2722 804 2791 compleri,
866 2723 956 2793 qui
1012 2740 1108 2794 per
1162 2723 1451 2793 prophetas
1509 2723 1792 2779 innumera
1849 2726 2092 2781 noscitur

503 2814 914 2870 annuntiatione
946 2814 1263 2886 promissus.
1299 2813 1426 2870 Sive
1448 2815 1619 2885 magis
1642 2815 1909 2884 deprecari
1944 2817 2095 2872 vide-

502 2911 613 2973 tur,
638 2915 698 2961 ut
717 2906 771 2962 in
793 2906 967 2963 futura
991 2908 1132 2963 illius
1154 2910 1554 2963 resurrectione
1574 2907 1691 2978 ejus
1714 2907 1905 2964 faciem
1932 2910 2095 2977 possit

503 2997 792 3068 inspicere,
819 3000 962 3055 sicut
989 3000 1200 3070 legitur,
1236 2998 1382 3053 Beati
1413 2998 1604 3052 mundo
1635 2998 1809 3065 corde,
1849 3001 2093 3069 quoniam

506 3089 612 3162 ipsi
663 3090 831 3146 Deum
878 3093 1124 3146 videbunt
1166 3091 1397 3161 (Matth.
1438 3106 1489 3155 v,
1525 3092 1614 3159 8).
1648 3090 1715 3145 Et
1758 3090 2088 3159 Apostolus:

510 3183 756 3241 Videmus
785 3201 919 3239 nunc
946 3201 1035 3255 per
1062 3185 1325 3254 speculum
1354 3185 1406 3238 in
1436 3185 1739 3254 (enigmate;
1772 3190 1895 3237 tunc
1920 3193 2090 3238 autem

2201 1986 2374 2053 funem
2404 1985 2608 2054 longum
2640 1986 2793 2058 (lsai.
2836 2003 2893 2053 γ,
2943 1988 3057 2059 18).
3092 1989 3157 2043 Et
3186 1990 3314 2045 alibi
3344 2009 3357 2044 :
3397 1991 3634 2049 Vinculis
3662 2012 3783 2049 suo-

2197 2092 2312 2129 rum
2357 2089 2682 2146 peccatorum
2726 2082 3071 2151 unusquisque
3105 2085 3467 2154 constringitur
3509 2085 3689 2156 (Prov.
3733 2105 3784 2156 ν,

2197 2168 2314 2238 22).
2348 2169 2452 2225 Sed
2475 2170 2578 2225 hoc
2599 2170 2937 2226 referendum
2967 2181 3049 2227 est
3077 2173 3143 2227 ad
3173 2176 3416 2245 corporis
3442 2178 3785 2243 pravitatem.

2200 2261 2333 2315 Nam
2382 2276 2504 2321 cum
2554 2262 2707 2327 dicit,
2761 2262 2920 2332 legem
2947 2272 3088 2316 tuam
3115 2279 3215 2316 non
3264 2280 3376 2317 sum
3404 2265 3594 2320 oblitus
3625 2268 3785 2339 (quod

2197 2364 2283 2408 est
2307 2355 2634 2426 beatorum),
2662 2369 2760 2409 cur
2785 2369 2846 2410 se
2879 2355 2992 2424 ipse
3029 2365 3365 2425 peccatorum
3394 2357 3619 2412 nexibus
3645 2358 3785 2415 dicat

2199 2463 2322 2503 esse
2349 2448 2724 2518 complexum?
2751 2449 2844 2503 sed
2876 2448 2988 2503 ﬁeri
3021 2449 3191 2518 potuit
3230 2456 3288 2502 ut
3314 2464 3437 2504 caro
3466 2450 3783 2507 delictorum

2198 2542 2415 2597 funibus
2439 2542 2716 2611 complexa
2767 2542 3057 2613 ligaretur:
3098 2544 3310 2597 animus
3352 2550 3525 2598 autem
3566 2554 3785 2601 sanctus

2199 2634 2485 2689 incentivis
2517 2634 2661 2689 vitiis
2711 2635 3003 2698 reluctans,
3030 2632 3191 2705 legem
3224 2634 3432 2689 Domini
3470 2651 3572 2689 non
3612 2636 3784 2706 {uisset

2199 2724 2410 2789 oblitus,
2443 2724 2584 2778 sicut
2612 2723 2905 2792 Apostolus
2932 2724 3099 2779 dicit:
3136 2722 3245 2792 Ego
3272 2725 3381 2792 ipse
3419 2731 3588 2779 mente
3622 2725 3783 2780 seruio

2200 2816 2301 2889 legi
2338 2816 2453 2883 Dei,
2483 2833 2635 2871 carne
2662 2827 2832 2871 autem
2871 2816 2980 2887 lege
3005 2818 3196 2886 peccati
3225 2816 3404 2886 (Rom.
3438 2833 3530 2883 vtt,
3555 2816 3658 2887 35)

2273 2909 2426 2965 Vers.
2478 2910 2566 2964 62.
2612 2910 2788 2964 Media
2817 2919 2960 2963 nocte
2996 2911 3267 2980 surgebant
3315 2912 3381 2963 ad
3431 2911 3783 2979 conﬁtendum

2199 3003 2310 3065 tibi,
2337 3019 2490 3074 super
2511 3002 2715 3072 judicia
2734 3002 2957 3075 justitia:
2982 3010 3106 3056 tute.
3138 3002 3252 3058 Non
3280 3010 3434 3058 vacat
3454 3002 3593 3072 quod
3623 3002 3780 3072 dicit,

2198 3094 2372 3149 Media
2410 3103 2554 3149 nocte
2581 3095 2879 3163 surgebam;
2908 3094 3011 3148 scit
3050 3093 3194 3148 enim
3236 3093 3341 3149 hoc
3389 3102 3631 3163 tempore
3667 3094 3781 3165 pri-

2196 3186 2464 3255 mogenita
2507 3184 2879 3255 :Egyptiorum
2921 3184 3083 3239 fuisse
3114 3197 3368 3252 percussa
3397 3183 3594 3256 (Exod.
3628 3199 3688 3250 ll,
3729 3184 3782 3251 4,

506 3281 640 3351 facie
662 3279 731 3333 ad
760 3279 944 3349 {aciem
969 3275 1021 3348 (I
1045 3276 1165 3331 Cor.
1190 3292 1302 3342 xm,
1338 3277 1447 3347 l2).
1478 3275 1584 3331 Sed
1610 3276 1729 3345 quia
1760 3284 2092 3345 peccatorem
2126 3259 2171 3321 (Σ
2202 3276 2299 3347 5);
2339 3276 2439 3333 scit
2463 3277 2626 3331 etiam
2665 3290 2728 3330 ea
2774 3284 3090 3344 tempestate
3137 3277 3277 3331 Petri
3310 3288 3365 3331 et
3396 3276 3547 3331 Pauli
3576 3285 3632 3332 et
3656 3277 3782 3334 Sila

505 3386 567 3426 se
596 3380 843 3436 noverat,
878 3371 978 3426 sibi
1010 3369 1248 3438 postulat
1281 3368 1482 3423 debere
1512 3368 1796 3433 misereri;
1827 3376 2095 3438 quatenus

503 3476 605 3532 per
629 3463 854 3532 gratiam
888 3462 1169 3529 liberatus,
1199 3460 1379 3515 videat
1409 3459 1550 3529 quod
1597 3459 1708 3513 suis
1737 3475 1841 3513 non
1884 3466 2090 3528 poterat

507 3555 717 3610 meritis
737 3555 951 3610 intueri.
980 3554 1276 3609 Secundum
1292 3552 1547 3623 eloquium
1565 3560 1729 3616 tuum,
1746 3550 1876 3605 illud
1892 3550 2095 3605 scilicet

504 3666 614 3720 quo
662 3650 879 3705 Deitatis
926 3664 1037 3703 sum
1071 3647 1335 3717 promittit
1363 3643 1564 3700 sanctis
1592 3645 1807 3699 beatam
1842 3642 2000 3696 nimis
2040 3652 2095 3696 et

506 3741 979 3811 incomparabilem
1016 3754 1109 3807 per
1137 3738 1313 3792 omnia
1344 3737 1631 3792 visionem.

580 3834 732 3890 Vers.
762 3833 849 3887 59.
897 3834 1031 3900 Quia
1052 3832 1271 3903 cogitavi
1294 3830 1402 3885 vias
1430 3844 1590 3894 meas,
1618 3836 1665 3881 et
1692 3827 1914 3881 converti
1937 3826 2092 3894 pedes

504 3943 643 3982 meos
679 3929 733 3981 in
776 3925 1065 3982 testimonia
1115 3935 1225 3979 tua.
1270 3922 1524 3978 Ordinem
1573 3920 1824 3976 humana:
1866 3933 2094 3974 conver-

503 4022 673 4076 sionis
703 4021 852 4093 lates.
909 4022 999 4088 Α.,
1055 4018 1146 4086 Β.,
1193 4015 1290 4084 F.,
1346 4013 1792 4086 conversationis]
1849 4013 2088 4083 exponit.

504 4114 659 4171 Prius
689 4124 769 4170 est
797 4115 938 4169 enim
972 4121 1031 4168 ut
1060 4111 1419 4179 nosmetipsos
1449 4106 1750 4163 districtius
1778 4119 2088 4175 arguamus,

502 4220 558 4263 et
606 4210 684 4264 sic
733 4207 799 4263 ad
852 4207 1061 4261 Domini
1108 4204 1354 4260 mandata
1404 4203 1714 4273 migremus.
1767 4199 2091 4270 Cogitaverat

506 4300 736 4370 proinde
786 4314 1011 4354 examen
1064 4297 1195 4352 illud
1238 4296 1529 4366 gloriosum
1569 4294 1681 4346 uias
1725 4308 1868 4356 suas,
1924 4289 1976 4345 id
2008 4298 2092 4345 e-t

503 4403 657 4448 actus
702 4392 994 4459 humanos;
1048 4389 1142 4444 sed
1170 4390 1422 4459 quoniam
1452 4389 1501 4442 ei
1530 4384 1857 4442 omnimodis
1907 4382 2088 4451 displi~

503 4482 718 4547 cebant,
774 4483 925 4554 pedes
970 4496 1097 4536 suos
1144 4480 1386 4534 convertit
1437 4478 1507 4532 ad
1536 4477 1825 4549 testimonia
1874 4473 2087 4529 Domini

501 4574 793 4645 gradienda
823 4592 834 4627 :
870 4574 924 4628 in
948 4573 1142 4643 quibus
1164 4572 1207 4627 si
1233 4570 1425 4641 aliquis
1446 4568 1708 4634 ambulat,
1738 4567 1891 4621 firma
1914 4574 2088 4635 potest

2200 3368 2253 3423 in
2284 3382 2507 3423 carcere
2535 3371 2833 3435 positorum
2877 3368 3087 3421 vincula
3128 3367 3359 3421 resoluta
3391 3368 3533 3437 (Act.
3572 3385 3670 3434 stt,
3702 3369 3780 3438 6),

2197 3460 2302 3514 scit
2344 3474 2557 3529 quoque
2600 3473 2856 3528 sponsum
2910 3460 3081 3513 media
3131 3468 3290 3514 nocte
3326 3474 3448 3514 esse
3496 3469 3781 3516 venturum

2199 3548 2416 3621 (Matth.
2462 3565 2608 3618 xxv,
2653 3548 2763 3619 8);
2808 3549 3034 3619 ideoque
3081 3549 3271 3604 eodem
3326 3560 3566 3619 tempore
3614 3551 3782 3620 surgit

2197 3643 2263 3696 ad
2306 3642 2532 3707 Iaudes,
2584 3657 2651 3695 ne
2702 3642 2840 3697 inter
2884 3641 3057 3696 fatuas
3112 3641 3345 3711 virgines
3393 3639 3555 3710 ianua
3603 3641 3781 3700 clausa

2199 3744 2495 3790 remaneat.
2550 3734 2660 3788 Nec
2710 3743 2864 3789 vacat
2914 3733 3060 3804 quod
3108 3732 3258 3799 dicit,
3298 3735 3604 3803 surgebam,
3660 3733 3779 3802 quia

2198 3842 2413 3897 semper
2433 3828 2689 3897 surgitur,
2719 3842 2837 3881 cum
2865 3826 2931 3880 ad
2958 3826 3164 3880 Domini
3188 3829 3454 3894 praeconia
3479 3826 3775 3880 festinatur.

2197 3917 2278 3973 Ad
2323 3919 2668 3988 conﬁtendum
2700 3917 2786 3970 hic
2834 3916 3101 3985 significat
3151 3916 3216 3969 ad
3251 3914 3568 3969 laudandum
3594 3932 3610 3965 :
3649 3914 3775 3982 quia

2197 4011 2465 4080 sequitur,
2513 4026 2665 4080 super
2694 4009 2897 4078 judicia
2935 4009 3157 4076 iustitia:
3205 4015 3326 4061 ture.
3354 4006 3481 4061 Nam
3519 4004 3563 4058 si
3604 4004 3776 4074 paeni-

2197 4104 2380 4159 tentiae
2408 4101 2806 4158 confessionem
2850 4099 3107 4154 voluisset
3136 4096 3379 4166 intelligi,
3418 4110 3581 4166 super
3619 4095 3779 4150 mise-

2195 4194 2479 4250 ricordiam
2498 4204 2639 4247 tuam
2654 4192 2902 4258 dixisset,
2924 4204 3028 4244 non
3052 4206 3204 4261 super
3210 4189 3413 4260 judicia
3430 4188 3640 4253 institue
3660 4196 3776 4241 tute.

2269 4285 2423 4340 Vers.
2456 4285 2545 4339 65.
2594 4283 2860 4351 Particeps
2889 4296 2980 4352 ego
3008 4296 3119 4333 sum
3164 4280 3388 4332 omnium
3427 4278 3708 4331 timentium
3733 4284 3779 4330 te

2194 4387 2242 4433 et
2272 4378 2666 4432 custodientium
2713 4376 2961 4428 mundata
3001 4383 3112 4429 tuo.
3146 4372 3242 4426 llic
3288 4371 3586 4426 evidentius
3623 4369 3776 4435 dixit,

2191 4470 2333 4540 quod
2377 4470 2624 4539 superius
2654 4469 2705 4522 in
2737 4467 2911 4535 capite
2958 4466 3152 4519 litterm
3192 4464 3391 4532 posuit,
3441 4462 3608 4531 portio
3646 4477 3775 4526 mea,

2193 4562 2431 4616 Domine.
2471 4562 2562 4617 Sic
2589 4561 2731 4615 enim
2762 4570 2875 4615 erat
2911 4557 3119 4611 Domini
3149 4557 3334 4627 portio,
3371 4562 3427 4608 ut
3454 4561 3509 4607 et
3545 4552 3774 4606 famulo-

499 4667 703 4725 ltabere
732 4668 974 4739 vestigia.
1008 4667 1240 4722 Videbat
1282 4664 1545 4735 siquidem
1580 4664 1634 4717 in
1674 4660 1923 4717 humanis
1953 4660 2089 4714 acti-
2121 4645 2173 4704 D
2196 4672 2314 4711 runt
2363 4656 2530 4725 ipsius
2578 4655 2829 4724 particeps
2884 4667 3003 4706 esse
3051 4650 3388 4719 probaretur.
3421 4647 3523 4739 (Et
3567 4646 3778 4716 respice

499 4760 605 4817 bus
633 4775 756 4816 esse
788 4770 1035 4831 peccata;
1088 4760 1140 4813 in
1164 4757 1360 4813 divinis
1387 4765 1566 4811 autem
1598 4754 1864 4810 mandatis
1892 4753 2088 4807 llorere

499 4851 794 4923 justitiam:
830 4861 884 4907 et
911 4850 1325 4921 sapienterillud
1342 4850 1677 4916 deseruerat,
1707 4846 1846 4916 quod
1874 4843 2089 4912 exposi-

498 4956 616 4998 tum
669 4943 923 5013 periculis
971 4941 1261 4997 sentiebat.
1325 4939 1564 4995 Dicendo
1619 4938 1761 4993 enim
1792 4979 1807 5004 ,
1865 4938 2088 4990 converti

499 5036 654 5106 pedes
690 5051 851 5100 meos,
900 5034 1135 5090 ostendit
1164 5032 1408 5102 primitus
1439 5031 1603 5086 fuisse
1631 5042 1934 5100 perversos.

576 5127 732 5184 Vers.
774 5126 863 5183 60.
907 5125 1131 5180 Paratus
1172 5141 1310 5192 sum,
1359 5132 1406 5178 et
1455 5140 1557 5177 non
1585 5137 1699 5176 sum
1745 5119 1994 5183 turbatus,
2028 5127 2083 5172 ut

500 5219 790 5274 custodiam
808 5220 1058 5273 mandata
1084 5224 1193 5271 tua.
1227 5218 1359 5274 Cum
1390 5215 1538 5278 dicit,
1562 5222 1819 5283 paratum,
1852 5208 2086 5266 ostendit

499 5313 831 5371 deliberasse
856 5328 916 5369 se
942 5328 1037 5381 pro
1086 5310 1354 5365 mandatis
1406 5305 1616 5361 Domini
1645 5304 1899 5374 quaelibet
1944 5301 2085 5371 peri-

497 5408 619 5463 cula
643 5407 926 5464 sustinere.
949 5404 1196 5458 Paratum
1227 5416 1287 5455 se
1309 5398 1453 5456 enim
1476 5398 1542 5452 ad
1568 5405 1834 5466 praecepta
1873 5395 2081 5449 Domini

498 5499 852 5557 custodienda
876 5498 965 5553 ille
985 5504 1231 5559 testatur,
1248 5493 1334 5563 qui
1355 5506 1452 5547 nec
1474 5500 1849 5562 persecutores
1870 5488 2083 5556 metuit,

497 5598 557 5647 et
581 5590 864 5647 illecebras
887 5583 1046 5655 hujus
1076 5583 1255 5637 surculi
1287 5597 1317 5636 a
1348 5580 1460 5636 suis
1498 5579 1745 5636 sensibus
1791 5577 2085 5647 ell'ugavit;

497 5683 637 5741 sicut
662 5690 718 5738 et
747 5677 1032 5751 Apostolus
1061 5675 1255 5731 Paulus
1279 5673 1387 5728 ait:
1418 5671 1531 5744 Ego
1574 5673 1713 5727 enim
1742 5686 1833 5738 pro
1886 5669 2089 5723 nomine

498 5776 622 5831 Jesu
646 5791 751 5828 non
783 5772 951 5827 solum
980 5769 1206 5839 alligari,
1236 5769 1325 5824 sed
1360 5776 1410 5823 et
1435 5765 1563 5821 mori
1583 5773 1791 5835 paratus
1812 5779 1925 5817 sum
1948 5761 2085 5832 (Act.

498 5868 589 5936 2!,
624 5866 732 5937 l3).
764 5865 919 5921 Unde
946 5863 1190 5921 similiter
1219 5874 1273 5918 et
1300 5862 1350 5917 in
1374 5861 1476 5917 alio
1508 5856 1711 5929 psalmo
1745 5854 1946 5914 dictum
1972 5858 2085 5911 est:

2194 4745 2642 4813 quemadmodum
2668 4744 2915 4798 virtutem
2941 4741 3320 4796 ecclesiastica:
3341 4738 3560 4793 unitatis
3586 4746 3772 4793 osten-

2196 4839 2294 4901 dit,
2322 4847 2377 4891 ut
2405 4837 2643 4891 omnium
2671 4834 2912 4889 fidelium
2936 4847 2994 4886 se
3019 4831 3161 4885 dicat
3183 4845 3305 4885 eSse
3324 4829 3647 4902 participem,
3671 4841 3775 4882 non

2197 4930 2356 4985 unius
2387 4926 2663 4992 Ecclesiat,
2704 4924 2798 4981 sed
2828 4939 2946 4995 qua:
2989 4923 3041 4977 in
3078 4921 3240 4975 totius
3270 4919 3453 4974 mundi
3479 4921 3776 4989 capacitate

2194 5022 2385 5079 dill’usa
2419 5031 2520 5077 est.
2565 5020 2634 5073 Et
2654 5018 2847 5073 merito
2878 5031 2937 5071 se
2964 5015 3158 5083 ubique
3186 5020 3362 5082 partes
3403 5011 3603 5067 habere
3624 5011 3771 5077 dicit,

2189 5113 2406 5184 quando
2426 5109 2743 5166 universalis
2770 5104 3117 5177 congregatio
3141 5104 3265 5158 talia
3289 5102 3621 5172 loquebatur.
3648 5101 3775 5155 Pars

2191 5206 2336 5260 enim
2369 5203 2537 5272 ipsius
2586 5210 2725 5270 erat,
2781 5198 3036 5270 quidquid
3070 5196 3182 5251 Deo
3229 5195 3440 5265 placere
3471 5202 3683 5262 poterat
3722 5192 3772 5245 in

2193 5308 2307 5355 toto
2336 5297 2470 5353 orbe
2502 5305 2788 5350 terrarum.
2821 5292 2891 5346 Et
2919 5288 3127 5359 respice
3156 5302 3315 5358 quam
3345 5286 3617 5341 humiliter
3650 5299 3772 5355 par-

2191 5392 2391 5462 ticipem
2451 5404 2511 5445 se
2560 5387 2693 5442 dicit
2737 5383 3019 5438 timentium
3069 5380 3262 5445 Deum,
3301 5393 3423 5433 cum
3472 5377 3683 5445 legatur
3720 5374 3771 5428 in

2191 5483 2489 5552 Apostolo:
2542 5479 2826 5549 Participes
2877 5474 3067 5530 Christi
3096 5473 3218 5542 facti
3254 5487 3432 5524 sumus
3463 5468 3651 5540 (Hebr.
3693 5482 3769 5533 tu,

2196 5576 2310 5646 14).
2362 5577 2431 5631 Et
2460 5575 2511 5629 in
2550 5570 2961 5642 quadragesimo
2998 5575 3191 5636 quarto
3235 5564 3464 5633 psalmo,
3509 5560 3770 5633 quosdam

2195 5668 2483 5737 participes
2504 5663 2705 5720 Christi
2737 5660 3064 5732 signiﬁcatos
3099 5670 3219 5712 esse
3250 5654 3615 5719 meminimus,
3652 5667 3772 5707 cum

2192 5758 2322 5814 dicit
2346 5774 2362 5812 :
2387 5754 2695 5824 Propterera
2718 5752 2865 5806 unxit
2893 5757 2940 5803 te
2963 5747 3119 5814 Deus,
3144 5745 3279 5799 Deus
3306 5754 3421 5798 tuus
3451 5744 3562 5797 oleo
3586 5743 3773 5799 lwtitia:

2195 5865 2301 5920 pra:
2343 5847 2660 5903 consortibus
2691 5845 2790 5899 tuis
2822 5840 2990 5912 (Psal.
3024 5853 3164 5901 xutl.
3198 5838 3276 5908 8).
3326 5834 3579 5906 Quisquis
3630 5832 3771 5890 enim
