4032 6340
243 437 342 495 857
1166 429 1526 489 ΕΧΓΟΞΙΤΙΟ
1567 430 1628 485 IN
1673 430 2122 490 PSALTERIUM.
2166 435 2358 492 PSAL.
2398 437 2628 494 CXVIII.
3420 442 3524 500 858

243 551 296 606 iu
336 548 576 603 novitate
614 546 738 600 vitm
767 544 1145 607 ambulaverit.
1178 546 1281 600 erit
1309 544 1579 613 particeps
1608 542 1826 597 Christi.
1860 547 1910 605 A
1936 546 2029 601 sed
2083 547 2409 603 intellectum
2440 567 2546 607 non
2597 558 2775 621 potest
2802 563 2987 607 earum
3043 567 3221 609 rerum
3272 564 3528 624 praestare

243 642 334 698 Sic
379 648 435 696 et.
481 638 757 694 humiliter
804 638 1014 691 locutus
1064 645 1169 702 est,
1216 646 1270 691 et
1314 644 1492 690 tamen
1546 634 1614 689 ad
1662 635 1829 703 ipsam

242 731 654 801 signiﬁcantiam
686 774 700 798 ,
750 728 877 798 quid
928 729 997 783 sit
1044 727 1295 799 particeps
1339 725 1557 791 Christi,
1594 724 1827 778 animum

241 825 382 879 bene
421 820 772 890 intelligentia
824 817 1084 873 extendit.
1135 817 1203 872 Et
1231 817 1357 887 quia
1405 816 1559 878 dixit,
1606 816 1833 869 omnium

240 913 531 967 timentium
554 922 635 966 te:
662 925 728 964 ne
758 911 879 963 illos
901 908 1176 964 debuisses
1198 908 1478 962 advertere
1505 906 1593 976 qui
1621 906 1830 959 Domini

241 1004 438 1073 judicia
491 986 672 1058 servili
711 1006 903 1055 timore
956 1000 1264 1063 formidant,
1295 998 1517 1064 addidit,
1567 1006 1613 1051 et
1663 1004 1830 1051 custo-

241 1098 493 1150 dien'ium
521 1094 769 1148 ntaudata
791 1102 899 1159 tua,
932 1092 1022 1162 qui
1052 1091 1381 1146 devotissimi
1413 1088 1833 1159 comprobantur

240 1188 440 1244 timore
477 1187 780 1243 castissima
810 1194 864 1240 et
891 1200 1076 1239 amore
1102 1183 1427 1239 reverendo.

316 1278 471 1334 Vers.
492 1277 579 1330 64.
607 1277 967 1353 Misericordia
990 1284 1100 1341 tua,
1132 1276 1362 1341 Domine,
1386 1276 1541 1347 plena
1562 1284 1633 1329 est
1654 1284 1789 1329 terra
1811 1290 1831 1329 :

242 1370 634 1441 iustiﬁcationes
666 1379 780 1423 tuas
806 1368 934 1423 doce
966 1385 1064 1425 me.
1097 1368 1229 1423 Cum
1272 1369 1435 1422 dicit:
1474 1368 1833 1431 Misericordia

240 1473 349 1528 tua,
404 1461 643 1523 Domine,
693 1460 846 1527 plena
875 1467 946 1512 est
970 1469 1126 1524 terra,
1168 1457 1400 1512 ostendit
1430 1458 1611 1527 utique
1640 1456 1832 1510 dilata-

240 1552 447 1606 tiouem
505 1549 629 1604 ﬁdei
678 1548 1035 1615 Christianae,
1081 1560 1239 1618 quam
1292 1548 1370 1602 sic
1407 1547 1827 1603 misericorditer

242 1642 505 1712 implevit,
533 1651 592 1697 ut
618 1641 851 1710 undique
876 1655 1068 1695 nomen
1098 1641 1406 1694 vanissima:
1432 1641 1825 1709 superstitionis

242 1747 533 1790 evacuasse
591 1734 868 1788 doceatur.
926 1733 995 1787 Et
1059 1742 1185 1788 nota
1237 1732 1380 1802 quod
1424 1733 1827 1803 justi/icationes

242 1824 453 1879 Domini
474 1840 630 1895 quam
647 1825 833 1881 sedule
852 1825 985 1895 petit
1000 1825 1214 1891 discere,
1242 1840 1364 1879 cum
1389 1824 1551 1895 408
1577 1822 1830 1893 frequen-

240 1928 325 1972 ter
371 1933 464 1975 eas
499 1934 561 1974 se
608 1918 771 1975 fuerit
822 1918 1146 1974 custodiisse
1186 1917 1496 1988 professus;
1529 1918 1736 1972 scilicet
1771 1925 1828 1970 ut
1864 1929 1906 1989 Β

241 2010 493 2065 ostendat
513 2012 758 2066 mandata
783 2011 993 2067 Domini
1016 2010 1418 2080 infatigabiliter
1468 2011 1825 2083 exquirenda,

241 2112 509 2171 quatenus
544 2103 644 2158 sub
690 2102 783 2158 tali
811 2101 1081 2157 desiderio
1113 2102 1383 2171 prolectus
1423 2114 1612 2157 uosrer
1660 2104 1832 2171 possit

239 2212 456 2268 semper
479 2197 683 2267 augeri,
711 2197 851 2252 sicut
890 2198 947 2250 in
975 2196 1176 2266 quintae
1208 2195 1399 2250 littera:
1448 2186 1626 2263 primo
1670 2208 1827 2247 versu

239 2286 411 2342 dixit:
439 2286 623 2359 Legem
644 2304 772 2357 pone
808 2288 957 2352 mihi,
979 2286 1216 2351 Domine,
1245 2284 1381 2341 viam
1397 2285 1829 2356 justiﬁcationum

239 2388 472 2446 tuarum,
498 2388 548 2432 et
571 2379 831 2450 exquiram
853 2396 966 2434 eam
996 2395 1211 2451 semper.

313 2468 467 2523 Vers.
503 2468 766 2525 65.—tx.
801 2470 1009 2524 Tur-rm.
1044 2468 1338 2524 Bouilatem
1360 2469 1527 2539 fecisti
1548 2485 1661 2522 cum
1682 2484 1828 2523 servo

239 2569 348 2625 tuo,
376 2560 612 2630 Domine,
645 2564 924 2616 secundum
948 2563 1152 2616 verbum
1180 2573 1346 2616 tuum.
1380 2562 1615 2632 Populus
1641 2563 1827 2617 beatus

239 2666 435 2706 nouam
461 2653 693 2709 litteram
716 2663 1026 2709 cantaturus
1061 2654 1392 2724 ingreditur:
1426 2654 1478 2708 in
1500 2669 1601 2721 qua
1624 2655 1824 2723 gratias

237 2743 350 2812 agit
400 2744 760 2801 humilitatem
815 2763 875 2803 se
921 2748 1129 2816 fuisse,
1184 2756 1243 2802 ut
1298 2746 1365 2803 ad
1415 2747 1826 2817 justilicationes

245 2834 459 2889 Domini
511 2836 893 2893 devotissimus
945 2838 1283 2906 perveniret,
1349 2838 1649 2892 testimonia
1706 2839 1825 2908 ejus

238 2940 490 2981 asserens
528 2928 630 2984 sibi
660 2943 821 2999 supra
851 2944 1041 2984 omnes
1066 2944 1187 2986 esse
1215 2930 1452 2985 divitias.
1485 2929 1615 2984 Cum
1643 2939 1820 2985 autem

236 3016 422 3074 dicit:
489 3019 777 3074 Bonitatem
832 3022 996 3091 fecisti
1020 3038 1134 3075 cum
1192 3039 1332 3076 servo
1387 3034 1513 3087 tuo,
1579 3020 1817 3091 Domine,

237 3109 441 3165 collata
479 3112 579 3167 sibi
606 3127 825 3167 munera
859 3114 1160 3182 profitetur.
1193 3114 1372 3167 Bonus
1403 3114 1599 3184 quippe
1642 3116 1822 3169 Domi-

236 3218 345 3260 nus
370 3204 539 3259 servis
577 3205 689 3261 suis
730 3206 917 3261 tribuit
946 3206 1261 3260 bonitatem.
1294 3205 1403 3261 Sed
1453 3221 1570 3273 quac
1602 3206 1671 3260 sit
1715 3206 1816 3261 ista

1938 652 2060 706 qua:
2094 641 2371 709 praeripit;
2425 643 2564 697 Deus
2612 652 2791 698 autem
2832 644 2981 709 prius
3023 660 3115 700 eor
3148 646 3428 709 illuminat,
3470 658 3529 704 ut

1939 729 1993 783 in
2028 744 2218 786 sensus
2245 734 2536 787 electorum
2579 734 2696 803 ejus
2734 734 2897 788 verba
2929 735 3279 789 descendant.
3333 739 3528 806 Sequi-

1939 830 2045 889 tur,
2078 823 2198 891 quia
2234 825 2496 877 mandatis
2549 823 2649 878 tuis
2700 825 2914 879 credidi.
2965 825 3095 880 Cum
3130 826 3376 879 mandata
3404 828 3542 882 ideo.

1938 914 2295 983 praadiceutur
2340 927 2395 969 ut
2423 918 2572 984 fiant,
2608 917 3022 985 perquirendum
3052 928 3135 971 est
3180 934 3345 987 quare
3367 919 3523 973 dixe-

1937 1010 2026 1075 rit,
2054 1012 2313 1065 mandatis
2333 1013 2433 1066 tuis
2452 1014 2668 1065 credidi.
2699 1014 2921 1083 Propter
2947 1014 3090 1068 illaut
3114 1016 3522 1082 promissionem

1940 1100 2146 1156 Domini
2170 1118 2287 1171 qua:
2308 1102 2468 1158 dicit:
2490 1103 2591 1169 Qui
2606 1104 2749 1158 audit
2774 1106 2921 1157 verba
2935 1122 3044 1157 mea
3062 1115 3113 1158 et
3136 1107 3256 1175 facit
3279 1122 3357 1169 ea,
3383 1107 3527 1160 simi-

1937 1193 2001 1247 lis
2012 1203 2083 1247 est
2098 1195 2202 1248 viro
2219 1196 2717 1263 wdiﬁcantidomum
2732 1212 2881 1249 suam
2898 1213 3055 1265 supra
3081 1206 3274 1265 petram
3306 1198 3525 1269 (Matth.

1939 1268 2035 1351 Vll,
2081 1285 2197 1356 Ἡ),
2250 1296 2352 1341 etc.
2389 1287 2577 1341 Merito
2624 1303 2750 1356 ergo
2783 1288 3079 1357 sttbjunxit,
3131 1290 3347 1355 credidi,
3394 1291 3521 1360 quia

1938 1377 2153 1447 prmmia
2190 1378 2293 1432 sibi
2324 1379 2695 1433 obedientibus
2724 1384 2954 1434 maxima
2985 1382 3378 1447 compromisit.

2009 1488 2163 1547 Vers.
2197 1490 2286 1545 67.
2333 1489 2643 1561 Priusquam
2669 1490 2970 1545 humiliarer
2999 1509 3091 1563 ego
3120 1494 3341 1564 deliqui;
3367 1511 3525 1564 prop-

1937 1591 2073 1635 terea
2111 1580 2369 1649 eloquium
2396 1590 2539 1635 tuum
2566 1582 2833 1635 custodivi.
2866 1582 3232 1649 ReSpiciamus
3259 1585 3522 1653 quemad-

1936 1670 2152 1724 modum
2182 1671 2233 1724 in
2270 1671 2369 1725 hoc
2398 1687 2555 1725 versu
2587 1672 2815 1725 humana
2844 1673 2952 1727 vita
2982 1672 3344 1729 describitur:
3373 1676 3521 1743 prius

1936 1764 2078 1817 enim
2117 1778 2375 1828 peccasse
2402 1780 2459 1819 se
2484 1763 2638 1831 dixit,
2669 1780 2788 1818 cum
2820 1765 3061 1834 originali
3094 1764 3219 1819 \itio
3254 1774 3525 1821 teneretur

1937 1854 2235 1921 obnoxius;
2287 1863 2405 1924 post
2443 1855 2773 1910 humiliatum
2826 1870 2885 1910 se
2925 1870 3045 1910 esse
3085 1855 3358 1925 professus
3411 1865 3516 1920 est,

1933 1953 1991 1999 ut
2028 1948 2180 2013 culpa
2208 1957 2442 2015 careret,
2495 1963 2651 2017 quam
2700 1956 3044 2002 contraxerat
3090 1948 3142 2001 in
3195 1947 3407 2010 radice;
3450 1948 3518 2001 ad

1932 2049 2258 2108 postremum
2278 2040 2485 2094 Domini
2500 2040 2769 2109 eloquium
2788 2040 3097 2106 custndivit,
3119 2040 3242 2109 quia
3261 2038 3522 2092 humiliari

1933 2133 2147 2198 meruit,
2199 2133 2339 2185 sient
2386 2132 2511 2185 dicit
2562 2131 2791 2186 Jacobus
2842 2132 3158 2200 apostolus:
3218 2131 3523 2186 [Iumilibus

1928 2232 2099 2277 autem
2145 2225 2232 2278 dat
2280 2226 2499 2295 gratiam
2538 2223 2704 2297 (Jac.
2739 2241 2817 2291 IV,
2847 2224 2945 2297 6).
2998 2227 3063 2281 Et
3112 2234 3171 2280 ut
3217 2227 3523 2296 frequenter

1929 2315 2301 2369 excedentium
2328 2317 2595 2370 licentiam
2618 2318 2919 2384 cohiberet,
2948 2329 3067 2387 post
3094 2319 3517 2373 humiliationem

1929 2422 2079 2462 suam
2105 2408 2376 2478 eloquium
2416 2409 2647 2476 Domini,
2683 2410 2733 2463 id
2763 2421 2845 2464 est
2874 2410 3178 2476 Scripturas
3212 2421 3425 2465 sanctas
3454 2425 3515 2466 se

1929 2498 2058 2556 dicit
2086 2500 2202 2569 ejus
2246 2500 2389 2556 dono
2419 2509 2532 2555 toto
2562 2502 2759 2556 mentis
2788 2503 3077 2558 conamine
3104 2502 3443 2559 custodiisse.

2003 2613 2154 2668 Vers.
2198 2613 2288 2668 68.
2331 2613 2505 2667 Bonus
2546 2631 2598 2668 es
2637 2623 2713 2681 tu,
2745 2615 2986 2680 Domine,
3013 2626 3062 2670 et
3107 2617 3161 2670 in
3184 2616 3409 2671 bonitate
3433 2627 3519 2671 tua

1928 2704 2053 2759 doce
2076 2721 2155 2759 me
2171 2706 2568 2775 justi/icationes
2603 2714 2739 2760 tuas.
2790 2708 2931 2760 Petit
2974 2709 3172 2761 bonum
3204 2709 3516 2777 magistrum

1928 2804 1986 2850 ut
2013 2797 2063 2851 in
2095 2810 2188 2850 sua
2222 2797 2459 2850 bonitate
2487 2796 2741 2866 dignetur
2771 2796 2969 2852 docere
3002 2797 3347 2865 discipulum.
3389 2798 3518 2865 Qun

1928 2889 2091 2955 figura
2119 2887 2312 2941 dicitur
2335 2889 2726 2955 paronomasia,
2755 2888 2942 2943 Latine
2973 2888 3361 2954 denominatio,
3392 2905 3512 2957 qum

1926 2976 2273 3031 similitudine
2298 2977 2442 3031 verbi
2466 2978 2733 3032 convertit
2755 2980 2805 3031 iu
2827 2992 2884 3032 se
2907 2978 3213 3032 auditorum
3237 2977 3513 3033 affectum.

1998 3088 2148 3142 Vers.
2212 3089 2300 3143 69.
2368 3088 2716 3160 Multiplicata
2784 3099 2861 3145 est
2926 3108 3079 3161 super
3126 3109 3206 3145 me
3269 3093 3514 3161 iniquitas

1924 3183 2292 3250 superborum;
2336 3198 2428 3252 ego
2473 3191 2642 3236 autem
2668 3184 2721 3236 in
2772 3191 2877 3237 toto
2917 3184 3069 3238 corde
3102 3200 3209 3237 meo
3254 3185 3516 3239 scrutabor

236 3295 441 3348 bam-(as
481 3295 668 3351 subter
715 3298 954 3367 exponit,
1004 3298 1232 3353 dicens:
1278 3295 1483 3351 Bonum
1525 3296 1650 3351 mihi
1683 3299 1820 3368 quod
1850 3295 1893 3356 ρ
1926 3276 2167 3328 mandata
2195 3277 2471 3368 tua._t\pte
2508 3275 2651 3368 petit
2675 3275 2910 3368 Abonilas
2934 3275 3332 3368 auxilium,qui
3356 3276 3517 3368 subi-

234 3386 523 3441 Immiliasti
568 3404 668 3453 me,
715 3396 769 3439 ut
816 3389 1060 3442 discerem
1081 3388 1480 3459 justtﬁcationes
1532 3397 1666 3443 tuas.
1709 3390 1824 3445 Non

231 3476 376 3529 enim
409 3475 477 3531 de
504 3477 752 3531 felicitate
782 3478 1048 3533 mundana
1073 3480 1272 3547 gratias
1300 3481 1428 3548 agit,
1452 3478 1546 3533 sed
1571 3479 1635 3533 de
1657 3479 1825 3535 afllic-

234 3572 385 3623 t‘one
432 3570 678 3624 salutari.
728 3570 966 3625 Meminit
1025 3571 1167 3625 enim
1229 3572 1370 3639 piam
1432 3570 1819 3625 diszrictioncm

230 3674 357 3716 esse
420 3676 540 3731 qua:
587 3661 830 3730 corripit.
886 3661 1223 3730 lntelligebat
1283 3662 1479 3731 quippe
1548 3662 1821 3715 bonitatem

232 3752 381 3807 illam
414 3751 613 3809 debere
654 3753 756 3808 dici
808 3752 947 3808 unde
996 3754 1291 3822 proficitur,
1346 3768 1450 3808 non
1498 3754 1640 3809 unde
1679 3754 1820 3809 inani

230 3844 602 3899 exsultatione
633 3846 913 3914 gaudetur.
949 3845 1039 3901 Sic
1071 3846 1196 3899 lact
1224 3855 1272 3900 et
1316 3846 1555 3901 medicus
1607 3841 1821 3902 bonita-

228 3943 343 3989 tem
370 3950 489 3990 cum
520 3947 668 3990 secat
698 3936 949 4002 vulnera;
983 3937 1059 3990 sic
1090 3949 1242 4003 pater
1263 3952 1385 3992 cum
1420 3938 1589 3992 lilium
1619 3940 1811 3993 cmdit:

224 4028 323 4095 qui
351 4026 475 4081 licet
504 4028 569 4081 ad
593 4038 802 4097 tempus
824 4028 1060 4082 inferant
1088 4042 1296 4097 poenas,
1323 4027 1606 4084 conferunt
1634 4040 1811 4086 tamen

223 4118 299 4171 de
326 4116 616 4174 afﬂictione
647 4121 906 4177 remedia.
940 4120 1174 4175 Noverat
1219 4135 1349 4189 ergo
1393 4122 1674 4177 Dominum
1716 4125 1819 4193 piis

222 4208 706 4277 supplicationibus
733 4212 1130 4279 honorandum,
1161 4213 1315 4280 cujus
1342 4211 1627 4267 clementia
1653 4215 1820 4269 tribu-

226 4301 469 4356 lationes
528 4313 725 4357 nostrte
765 4314 1136 4374 permutantur
1183 4305 1235 4359 in
1262 4306 1533 4374 gaudium,
1574 4309 1818 4376 quamvis

222 4390 296 4445 ad
323 4402 532 4462 tempus
554 4409 743 4463 graves
768 4410 888 4450 esse
911 4396 1215 4449 videantur.
1235 4396 1508 4467 Sequitur,
1536 4400 1819 4453 secundum

222 4483 436 4539 verbum
460 4493 639 4549 tuum;
672 4487 760 4541 illo
791 4489 1000 4543 scilicet
1025 4506 1131 4558 quo
1157 4490 1353 4544 dicitur
1381 4510 1391 4543 :
1440 4491 1542 4555 Qui
1572 4508 1626 4545 se
1648 4493 1819 4547 humi-

222 4575 321 4628 liat
350 4575 680 4645 exaltabitur,
711 4589 755 4632 et
780 4580 867 4647 qui
904 4597 959 4635 se
987 4582 1178 4635 exultat
1202 4581 1561 4637 ltumiliabitur
1592 4584 1807 4657 (Matth.

219 4683 379 4735 xxttt,
409 4670 523 4737 l2).

298 4760 451 4816 Vers.
506 4753 919 4819 66.'Bonitatem
973 4777 1021 4821 et
1070 4768 1396 4840 disciplinam
1447 4778 1493 4823 et
1552 4771 1815 4826 scientiam

217 4854 348 4908 doce
367 4869 469 4919 me,
500 4855 619 4923 quia
635 4858 889 4912 mandatis
913 4861 1012 4913 tuis
1033 4861 1250 4915 credidi.
1281 4860 1701 4931 Perquireudum
1732 4873 1816 4919 est

217 4960 319 5000 cur
345 4946 520 5001 adhuc
548 4948 683 5016 petit
710 4946 903 5017 doceri,
935 4954 1076 5022 quod
1104 4952 1214 5021 jam
1242 4952 1494 5023 superius
1530 4956 1812 5022 accepisse

219 5035 497 5106 professus
553 5047 655 5095 est.
717 5041 936 5097 Scilicet
994 5044 1245 5112 quoniam
1305 5044 1563 5099 bonarum
1630 5060 1808 5101 rerum

217 5130 364 5185 nulla
416 5131 633 5187 satietas
660 5141 783 5199 est,
836 5150 957 5204 quae
1026 5149 1179 5189 more
1224 5135 1498 5205 flagrantis
1551 5137 1807 5199 incendii,

217 5236 421 5297 quanto
469 5228 699 5297 amplius
749 5243 843 5298 per
891 5228 1038 5283 arida
1081 5229 1224 5299 ligna
1265 5230 1602 5297 cucurrerit,
1662 5239 1807 5283 tanto

216 5321 491 5391 copiosius
528 5322 799 5377 :cstuabit.
855 5321 987 5377 Nam
1045 5331 1102 5376 et
1145 5322 1387 5391 Apostoli
1447 5322 1567 5376 fidei
1624 5324 1808 5377 calore

216 5410 490 5468 ferventes
518 5413 769 5468 dicebant
794 5432 809 5466 :
842 5413 983 5484 Auge
1013 5413 1152 5468 nobis
1196 5413 1350 5481 fidem
1380 5411 1530 5482 (Luc.
1563 5428 1693 5478 xvu,
1722 5414 1802 5482 5).

215 5503 380 5558 Docet
425 5519 553 5575 ergo
608 5506 749 5560 Deus
796 5505 1103 5571 bonitatem,
1160 5504 1471 5573 inspiraudo
1528 5502 1804 5558 charitatis

215 5595 566 5651 desiderium.
604 5597 761 5652 Docet
786 5598 1129 5668 disciplinam,
1146 5611 1267 5650 cum
1302 5596 1354 5650 iu
1373 5595 1802 5649 tribulationibus

214 5691 531 5762 patientiam
570 5692 753 5747 donat.
788 5690 948 5747 Docet
978 5693 1275 5759 scientiam,
1325 5704 1445 5744 cum
1486 5688 1798 5743 salutarium

213 5798 399 5839 rerum
430 5784 545 5853 ipse
592 5785 935 5855 cognoscitur
965 5783 1275 5840 attributor.
1321 5781 1424 5837 Sed
1459 5780 1615 5835 aliter
1644 5778 1801 5834 docet

216 5873 397 5941 Deus,
441 5876 594 5933 aliter
638 5876 891 5945 magister
921 5875 1183 5932 humanus
1214 5893 1226 5928 :
1270 5874 1357 5931 ille
1384 5872 1546 5930 verba
1576 5872 1794 5941 promit.

1927 3373 2080 3419 turus
2107 3374 2221 3419 erat
2248 3365 2642 3419 collucLationis
2673 3366 2977 3431 incertum;
3013 3374 3070 3420 ut
3102 3365 3514 3435 justilicationes

1930 3453 2162 3522 Domini,
2213 3472 2347 3527 quas
2380 3457 2617 3512 lectione
2651 3458 2931 3525 didicerat,
2969 3458 3020 3511 in
3069 3473 3169 3512 suo
3219 3458 3516 3514 certamine

1924 3549 2246 3606 declararet.
2273 3551 2425 3605 Tune
2453 3552 2595 3605 enim
2643 3552 2881 3620 perfecte
2918 3551 3200 3606 discuntur
3232 3550 3502 3616 mandata,

1923 3658 2043 3699 cum
2074 3644 2225 3697 ﬁunt.
2270 3644 2405 3699 Dicit
2433 3646 2576 3698 enim
2609 3646 2999 3715 multiplicatam
3048 3660 3210 3712 super
3241 3660 3298 3699 se
3328 3659 3510 3709 perse-

1922 3738 2196 3803 quentium
2227 3738 2580 3806 iniquitatem;
2625 3747 2680 3792 et
2704 3737 2825 3792 ideo
2866 3739 2997 3806 petit
3029 3752 3094 3789 ne
3125 3739 3297 3804 pmnis
3336 3738 3515 3805 gravi-

1922 3827 2024 3882 bus
2054 3829 2408 3896 superborum
2448 3829 2639 3882 demta
2684 3829 2801 3898 ejus
2832 3829 3193 3883 macularetur
3220 3828 3512 3883 humilitas.

1922 3919 2026 3975 Sed
2056 3930 2238 3974 contra
2272 3922 2418 3974 illam
2459 3920 2809 3975 smvissimam
2858 3921 3169 3987 factionem,
3221 3921 3346 3975 vide
3384 3921 3509 3989 quid

1920 4011 2196 4080 sequitur:
2228 4026 2323 4081 ego
2348 4019 2516 4064 autem
2548 4013 2601 4064 in
2624 4020 2727 4065 toto
2753 4013 2907 4065 corde
2938 4028 3049 4065 meo
3074 4013 3339 4067 scrutabor
3365 4029 3512 4068 man-

1920 4100 2044 4154 data
2088 4111 2205 4161 tua;
2259 4108 2318 4154 ut
2361 4109 2616 4167 quantum
2648 4101 2722 4155 illi
2768 4100 3169 4155 contendebant
3213 4102 3499 4166 seducere,

1923 4199 2129 4245 tantum
2158 4191 2259 4245 iste
2286 4189 2555 4244 videretur
2582 4191 2850 4245 mandatis
2883 4192 3174 4246 Dominicis
3204 4192 3503 4248 adhaerere.

1918 4282 2007 4338 Sic
2042 4282 2274 4353 gloriose
2315 4283 2602 4337 vincuntur
2632 4283 2719 4353 qui
2742 4282 2916 4352 pmuis
2949 4284 3333 4352 temporalibus
3380 4298 3501 4338 san-

1919 4386 2035 4430 ctos
2057 4376 2276 4431 vincere
2298 4382 2668 4441 tentaverunt;
2701 4383 2753 4429 et
2773 4384 2975 4445 quanto
2988 4391 3084 4431 eos
3108 4391 3137 4429 a
3155 4376 3271 4449 lege
3295 4376 3506 4431 Domini

1922 4467 2165 4523 dividere
2196 4467 2296 4521 uisi
2348 4476 2497 4533 sunt,
2544 4476 2693 4523 tanto
2736 4469 2857 4525 illos
2887 4470 3259 4525 mandatorum
3291 4479 3505 4524 scruta-

1917 4570 2062 4615 tores
2092 4560 2324 4626 amplius
2348 4560 2669 4615 effecerunt.

1844 4670 1893 4728 Ι)
1990 4675 2146 4729 Vers.
2178 4673 2269 4729 70.
2311 4674 2651 4745 Coagulatum
2693 4684 2765 4727 est
2791 4676 2918 4728 sicut
2953 4676 3034 4729 lac
3068 4691 3156 4728 cor
3185 4691 3391 4740 eorum;
3416 4691 3508 4746 ego

1924 4783 2039 4820 vero
2064 4767 2224 4838 legem
2247 4777 2385 4819 tuam
2408 4766 2675 4819 meditatus
2696 4782 2827 4821 sum.
2855 4765 3192 4835 Coagulatum
3214 4773 3267 4819 et
3293 4765 3343 4818 in
3370 4764 3508 4820 bono

1923 4868 1976 4913 et
2026 4858 2077 4911 in
2126 4859 2265 4911 malo
2297 4857 2544 4926 ponitur:
2582 4856 2633 4910 in
2680 4857 2843 4923 bono,
2893 4857 3033 4911 sicut
3077 4858 3129 4910 in
3175 4857 3506 4927 sexagesimo

1921 4949 2152 5018 septimo
2206 4949 2413 5017 psalmo
2460 4947 2568 5017 jam
2611 4947 2813 5002 dictum
2845 4957 2963 5001 est:
2997 4947 3148 5001 Mons
3182 4948 3501 5016 coagulatus,

1918 5058 2063 5094 mons
2100 5040 2304 5111 pinguis
2339 5039 2512 5109 (Psal.
2566 5056 2739 5107 Lxm,
2774 5041 2897 5111 17);
2943 5041 3029 5094 hic
3053 5050 3231 5096 autem
3266 5043 3318 5096 in
3364 5044 3505 5097 malo

1917 5132 2116 5185 dictum
2165 5131 2425 5185 debemus
2460 5133 2742 5199 accipere:
2788 5147 2908 5184 nam
2957 5133 3275 5201 iniquitatem
3321 5151 3502 5205 supcr-

1916 5224 2116 5287 borum,
2149 5237 2304 5292 quam
2334 5225 2580 5292 superius
2614 5223 3002 5289 multiplicatam
3032 5239 3189 5293 supra
3234 5240 3292 5279 se
3339 5226 3504 5281 fuisse

1914 5325 2141 5369 testatus
2175 5324 2273 5379 est,
2318 5317 2429 5369 vult
2482 5314 2707 5381 intelligi
2756 5316 3128 5383 conduratam,
3183 5334 3303 5387 qua:
3352 5334 3502 5374 more

1914 5410 2069 5464 lactis
2118 5409 2170 5463 in
2204 5408 2523 5463 crassiorem
2556 5409 2910 5463 substantiam
2942 5409 3117 5465 fuerat
3166 5411 3326 5479 impia
3358 5410 3495 5466 deli-

1914 5503 2189 5558 beratioue
2215 5501 2527 5555 constricta.
2564 5501 2666 5554 Lac
2684 5500 2883 5556 dictum
2914 5516 2993 5557 e51
3025 5520 3053 5557 a
3086 5504 3312 5573 liquore,
3352 5504 3493 5575 quod

1909 5593 1975 5647 de
1998 5595 2206 5648 interna
2230 5593 2525 5646 substantia
2544 5594 2768 5646 naturali
2792 5594 2966 5662 potius
2986 5596 3193 5665 liquore
3215 5596 3493 5661 decurrat;

1908 5702 1939 5737 a
1966 5687 2108 5741 enim
2134 5685 2188 5739 in
2219 5686 2236 5737 i
2266 5685 2617 5750 convertitur,
2649 5693 2705 5739 ut
2749 5686 2974 5752 amicus,
3006 5688 3275 5752 inimicus,
3304 5698 3359 5742 et
3409 5686 3493 5742 his

1907 5777 2121 5833 similia.
2157 5775 2264 5833 Sed
2290 5786 2544 5844 quantum
2575 5776 2654 5833 illi
2680 5777 2733 5833 in
2762 5779 2902 5833 malo
2930 5778 3312 5842 durescebant,
3342 5788 3493 5833 tanto

1908 5870 2007 5927 iste
2038 5885 2066 5924 a
2108 5870 2224 5940 lege
2284 5868 2492 5926 Domini
2549 5884 2608 5927 se
2663 5884 2947 5941 segregare
2998 5886 3101 5925 non
3154 5875 3390 5938 poterat;
3432 5880 3489 5924 ut
