4032 6340
541 382 650 444 859

1744 367 1814 423 tt.
1854 339 2134 422 aunt-3m
2171 364 2566 422 CASSIODOltl

3720 379 3834 435 860

541 500 755 557 illorum
801 497 1035 556 crudelis
1072 494 1358 552 obstinatio
1388 493 1471 564 pia
1503 491 1899 564 perseverantia
1947 491 2128 548 vince-
2157 493 2212 555 Λ
2233 491 2541 546 intellectum
2580 490 2877 561 qurerebat,
2909 507 3066 562 quem
3099 492 3447 548 humanitatis
3474 497 3684 550 ratione
3713 510 3834 548 non

539 599 767 738 texis.
797 684 882 736 71.
924 679 1124 758 Bonum
1166 678 1290 733 mihi
1313 678 1452 748 quod
1482 675 1767 731 humiliasti
1793 693 1892 745 me,
1927 686 1982 730 ut
2017 676 2128 730 dis-

503 843 517 854 ,
541 791 706 830 aerem
743 774 1139 846 iustiﬁcationes
1185 781 1321 826 tuas.
1354 771 1558 826 Bonum
1607 770 1820 824 diccbat
1849 768 1950 823 sibi
1981 767 2124 838 quod

545 867 718 936 poenis
749 866 1094 922 smvientibus
1129 865 1478 931 subdebatur,
1531 879 1636 918 non
1667 863 1946 933 praesentia
1977 858 2123 930 cogi-

541 967 680 1026 tans,
729 956 822 1012 sed
856 956 1030 1011 futura
1073 956 1406 1011 desiderans.
1441 955 1691 1023 (imperat
1731 951 1876 1006 enim
1924 949 1991 1005 de
2032 949 2122 1003 illa

537 1048 822 1104 dulcedine
865 1057 1097 1117 gustare,
1147 1063 1268 1118 quze
1301 1061 1488 1102 omnes
1517 1046 1814 1100 suavitates
1865 1043 2123 1112 probatur

537 1141 820 1196 excedere.
854 1141 1134 1195 llumilitas
1163 1140 1305 1194 enim
1333 1137 1434 1192 ista
1469 1136 1766 1191 Jerusalem
1807 1135 1971 1205 tangit
2002 1133 2119 1202 glo-

537 1233 680 1288 riosa
710 1233 946 1302 fastigia;
1002 1248 1122 1286 nam
1151 1231 1289 1288 sicut
1320 1229 1568 1299 superbia
1616 1227 1811 1296 mergit
1856 1225 1922 1279 ad
1954 1233 2123 1279 tarta-

537 1342 680 1393 rum,
711 1327 779 1381 ita
813 1327 913 1382 ista
949 1327 1085 1380 tollit
1112 1323 1178 1379 ad
1206 1325 1423 1380 coelum.
1456 1323 1560 1376 lsta
1599 1321 1795 1389 quippe
1823 1317 2118 1373 humiliatio

536 1419 696 1491 quale
727 1419 970 1488 prmlium
999 1416 1191 1472 habeat
1216 1422 1612 1484 consequenter
1637 1411 1957 1478 exponitur;
1988 1407 2119 1464 dicit

535 1511 698 1576 enim,
732 1520 784 1563 ut
815 1510 1060 1564 discerem
1085 1505 1481 1578 justiﬁcationes
1507 1511 1643 1567 luas,
1676 1502 1724 1555 id
1755 1509 1858 1569 est,
1890 1510 1946 1553 ut
1975 1500 2122 1554 lace-

534 1617 650 1656 rem
696 1615 816 1670 qua:
863 1599 1114 1653 docuisti.
1166 1597 1318 1651 Tunc
1365 1595 1509 1649 enim
1575 1592 1812 1662 perfecte
1871 1591 2114 1658 discitur,

532 1692 748 1762 quando
781 1700 1045 1760 praecepta
1068 1689 1277 1744 Domini
1311 1686 1452 1741 lideli
1483 1687 1696 1741 actione
1726 1695 2112 1740 monstrantur.

608 1786 758 1840 Vers.
792 1785 880 1842 72.
924 1783 1127 1838 Bonum
1150 1783 1274 1836 mihi
1305 1783 1386 1836 lea:
1415 1782 1518 1835 oris
1540 1780 1613 1834 tui
1635 1795 1788 1846 super
1810 1778 1973 1832 millia
1995 1779 2115 1831 auri

2236 589 2448 650 poterat
2477 580 2749 647 invenire;
2791 581 2940 636 illum
2993 585 3199 640 scilicet
3229 601 3443 654 purum,
3481 585 3835 654 contempla-

2229 673 2413 740 bilem,
2460 672 2736 737 devotum,
2771 689 2931 745 quem
2981 684 3122 741 ante,
3149 686 3426 745 peccatum
3469 677 3647 734 adhuc
3687 679 3834 734 Ade

2229 765 2540 835 incorrupta
2569 766 2884 837 simplicitas
2915 768 3245 838 possidebat,
3280 787 3384 826 non
3423 772 3585 825 istum
3615 772 3686 828 de
3712 789 3830 843 quo

2227 857 2332 916 sibi
2384 858 2630 915 homines
2659 860 2910 915 videntur
2951 875 3070 917 esse
3098 863 3393 932 sapientes,
3438 873 3494 917 et
3529 865 3827 932 pecoribus

2228 966 2293 1006 ex
2323 951 2498 1022 aliqua
2531 962 2682 1022 parte
2725 954 3100 1024 praeeminere.
3130 955 3272 1010 Petit
3312 971 3441 1024 ergo
3470 957 3824 1020 intellectum,

2227 1052 2286 1098 ut
2315 1044 2524 1100 Domini
2547 1046 2791 1100 mandata
2812 1056 3130 1117 cognoscat;
3155 1057 3417 1118 quatenus
3456 1062 3618 1118 quem
3641 1048 3764 1103 Atla
3779 1065 3834 1101 ιιι

2227 1152 2322 1206 per
2347 1137 2765 1194 inobedientiam
2793 1137 3122 1208 perdiderat,
3149 1138 3344 1194 cohors
3376 1149 3567 1194 sancta
3594 1154 3693 1210 per
3717 1139 3829 1194 de-

2223 1230 2457 1286 v0tionis
2479 1231 2736 1302 obsequia
2762 1245 3080 1289 mereretur.

2297 1322 2450 1380 Vers.
2482 1325 2572 1379 74.
2607 1325 2710 1390 Qui
2736 1327 2909 1380 timent
2933 1334 2980 1380 te
3004 1325 3239 1380 uidebunt
3267 1343 3366 1392 me,
3398 1338 3445 1380 et
3473 1327 3816 1396 (elabuntur,

2222 1416 2343 1486 quia
2373 1419 2428 1471 in
2463 1419 2614 1472 uerbo
2642 1428 2730 1473 tuo
2759 1421 3134 1491 supersperavi.
3179 1419 3548 1476 Pulcherrima
3576 1424 3661 1492 pio
3700 1425 3816 1479 Do-

2220 1509 2371 1562 mino
2393 1523 2556 1564 causa
2583 1509 2950 1566 miserationis
2975 1511 3157 1566 oblata
3184 1521 3306 1579 est;
3338 1513 3590 1581 quoniam
3617 1514 3664 1568 si
3694 1517 3816 1569 cui-

2219 1599 2352 1653 libet
2379 1600 2446 1655 de
2472 1609 2656 1656 sancta
2687 1603 3103 1672 congregatione
3132 1603 3462 1672 prmstiterit,
3494 1614 3814 1661 cunctorum

2219 1690 2431 1746 animos
2485 1706 2678 1762 magna
2724 1692 2996 1748 hilaritate
3051 1693 3362 1763 complebit.
3393 1695 3624 1751 Sciebat
3669 1698 3814 1752 enim

2219 1779 2560 1838 clementiam
2601 1783 2720 1852 ejus
2750 1783 2892 1839 velle
2939 1785 3138 1852 lacere,
3187 1786 3329 1856 quod
3358 1785 3602 1843 [idalium
3648 1790 3816 1847 corda

531 1889 578 1934 et
606 1878 818 1948 argenti.
849 1877 1070 1943 Quoties
1095 1877 1147 1931 in
1181 1876 1280 1930 hac
1310 1875 1484 1931 littera
1511 1874 1804 1929 bonitatem
1844 1879 2110 1927 memorat
2140 1873 2190 1934 B
2215 1872 2528 1940 roboraret;
2575 1885 2631 1931 et
2675 1876 2810 1946 petit
2840 1876 2970 1933 talia
3014 1877 3067 1933 in
3099 1893 3160 1934 se
3197 1878 3340 1944 fieri,
3382 1879 3525 1936 unde
3568 1885 3810 1936 omnium

530 1971 726 2027 cohors
771 1971 858 2024 illa
890 1982 1218 2035 sanctorum,
1245 1983 1402 2040 quam
1435 1967 1558 2023 ideo
1585 1967 1896 2038 frequenter
1935 1965 2111 2036 petiit,

530 2064 780 2134 quoniam
828 2064 994 2135 magis
1023 2078 1086 2118 ac
1117 2065 1286 2134 magis
1309 2063 1587 2118 crescebat
1625 2063 1674 2116 ei
1705 2060 1934 2116 dulcedo
1961 2059 2115 2115 honi-

530 2161 676 2214 tatis.
699 2159 1108 2215 Consideremus
1123 2167 1302 2212 autem
1328 2157 1436 2211 vim
1455 2155 1612 2210 istius
1634 2154 1781 2211 verbi
1803 2153 1944 2225 quod
1964 2153 2111 2220 dicit,

529 2250 633 2304 oris
678 2251 773 2318 tui,
827 2266 933 2304 non
973 2257 1080 2304 tam
1135 2248 1539 2320 prephetarum,
1573 2261 1678 2301 non
1721 2247 2112 2314 apostolorum,

532 2343 629 2398 sed
657 2352 924 2413 praecepta
953 2341 1261 2411 evangelica
1286 2339 1389 2394 sibi
1413 2347 1644 2394 testatur
1687 2351 1807 2392 esse
1843 2335 2117 2406 pretiosis-

529 2436 686 2500 sima,
712 2450 829 2506 qua:
865 2434 1061 2489 Christi
1082 2432 1292 2488 Domini
1321 2441 1449 2487 sunt
1471 2445 1566 2486 ore
1587 2429 1816 2499 prolata.
1838 2427 2112 2498 Sequitur,

528 2525 857 2597 msuper
891 2524 1056 2578 millia
1099 2523 1210 2576 auri
1247 2531 1294 2576 et
1322 2521 1542 2593 argenti.
1568 2519 1762 2574 Aurum
1783 2528 1832 2571 et
1847 2527 2114 2589 argentum

533 2617 914 2686 cupiditatibus
944 2616 1216 2670 hominum
1241 2615 1452 2669 videtur
1479 2627 1602 2668 esse
1631 2613 1980 2681 prmcipuum.
2005 2610 2112 2667 Sed

528 2709 646 2778 quia
671 2708 882 2762 bonitas
913 2707 998 2760 illa
1027 2705 1484 2776 comparationem
1513 2703 1740 2757 similem
1767 2717 1872 2756 non
1902 2709 2110 2768 poterat

531 2800 814 2867 invenire,
865 2798 1144 2868 praemisit,
1193 2813 1346 2866 super
1393 2795 1602 2862 millia,
1653 2793 1794 2863 quod
1849 2793 2112 2846 inﬁnitum

534 2901 697 2958 atque
748 2887 1287 2956 incomprehensibile
1340 2895 1464 2951 est;
1515 2892 1575 2939 ut
1633 2884 1747 2938 auri
1800 2882 2116 2952 argentique

531 2981 860 3049 comparatio
885 2980 975 3035 tali
999 2979 1299 3050 adjectione
1331 2977 1646 3041 \ilesceret;
1677 2974 1935 3045 quidquid
1965 2975 2110 3028 enim

535 3074 760 3142 dixeris,
793 3090 936 3145 super
969 3088 1185 3144 semper
1224 3070 1455 3128 excedit.
1503 3069 1664 3125 Facta
1697 3079 1778 3124 est
1806 3083 1934 3137 ergo
1963 3082 2114 3122 com--

533 3167 740 3237 paratio
758 3167 960 3234 absque
979 3165 1354 3232 similitudine,
1373 3163 1602 3234 pretium
1624 3161 1739 3216 sine
1759 3161 1942 3227 modo,
1965 3157 2115 3216 amor

2219 1964 2435 2021 devotio
2462 1969 2634 2036 possit
2659 1967 2866 2037 augeri.
2896 1968 3140 2024 Videndo
3167 1969 3312 2024 enim
3339 1971 3562 2025 alterius
3591 1974 3812 2041 praemia

2219 2055 2429 2125 prolicit
2454 2067 2640 2112 sancta
2661 2057 3014 2126 conscientia,
3045 2058 3173 2115 dum
3205 2060 3271 2114 ad
3298 2061 3657 2116 imitationem
3695 2064 3808 2118 lau-

2221 2145 2480 2201 dthilium
2535 2163 2713 2203 rerum
2771 2150 3048 2220 proposita
3096 2165 3310 2222 semper
3357 2155 3606 2223 exempla
3651 2157 3810 2226 pretio

2218 2237 2390 2292 ciunt.
2437 2238 2658 2294 Addidit
2701 2241 2862 2295 etiam
2915 2249 3135 2311 propter
3171 2244 3298 2313 quid
3349 2245 3574 2298 omnino
3617 2245 3808 2301 debeat

2219 2329 2530 2400 impetrare,
2558 2333 2682 2401 quia
2710 2331 2762 2385 in
2789 2331 2956 2400 verba,
2982 2333 3036 2387 id
3061 2343 3145 2389 est
3170 2333 3223 2388 in
3251 2333 3464 2390 Christo
3497 2334 3729 2390 Domino
3749 2351 3808 2391 se

2217 2437 2426 2491 sperare
2467 2422 2902 2491 proﬁteturzubi
2949 2437 3224 2494 nunquam
3261 2423 3463 2494 decipit
3507 2439 3664 2494 spes,
3711 2441 3806 2481 nec

2219 2522 2392 2582 potest
2432 2511 2643 2567 animus
2671 2513 2820 2583 quasi
2851 2512 3069 2568 caducis
3091 2513 3376 2570 desideriis
3413 2515 3584 2581 eludi,
3632 2515 3723 2586 qui
3757 2517 3807 2570 in

2220 2613 2365 2660 tanta
2396 2605 2622 2661 veritate
2646 2611 2886 2660 meretur
2915 2605 3087 2676 infigi.

2290 2691 2445 2752 Vers.
2491 2697 2578 2752 75.
2628 2694 2873 2769 Cognovi,
2923 2695 3166 2765 Domine,
3213 2698 3333 2767 quia
3361 2699 3576 2766 aquilas
3603 2701 3806 2771 judicia

2218 2796 2329 2857 tua,
2372 2797 2422 2843 et
2460 2789 2513 2842 in
2552 2789 2761 2843 veritate
2814 2797 2903 2842 tua
2951 2789 3236 2844 humiliasti
3274 2805 3373 2845 τηε.
3424 2789 3560 2845 Cum
3603 2791 3810 2862 legatur

2216 2880 2364 2945 alibi,
2386 2880 2588 2948 judicia
2629 2889 2718 2933 tua
2751 2879 2964 2950 abyssus
2993 2882 3155 2934 multa
3190 2879 3359 2953 (Psal.
3395 2898 3568 2948 xxxv,
3594 2882 3652 2953 7)
3687 2900 3707 2938 ε
3741 2883 3808 2938 Et

2219 2973 2442 3038 iterum,
2480 2971 2689 3043 judicia
2748 2971 2846 3026 Dei
2893 2972 3270 3042 inuestigabilia
3320 2973 3492 3045 (Rom.
3544 2990 3622 3040 xl,
3671 2975 3801 3046 33),

2217 3065 2565 3134 quaerendum
2611 3073 2695 3120 est
2739 3079 2836 3120 cur
2867 3066 2953 3120 hic
2981 3066 3180 3122 dixerit
3211 3083 3226 3122 :
3259 3066 3507 3139 Cognovi,
3559 3067 3800 3137 Domine,

2219 3155 2341 3224 quia
2363 3156 2575 3226 (equites
2595 3156 2800 3228 judicia
2831 3167 2940 3212 tua.
2981 3157 3089 3214 Sed
3119 3158 3334 3228 quoties
3357 3160 3683 3216 immensum
3719 3171 3804 3216 at-

528 3259 648 3315 sine
682 3259 808 3313 line.
843 3259 932 3315 Sic
961 3258 1105 3312 enim
1151 3257 1368 3312 dilectio
1418 3262 1560 3310 tanta
1583 3254 1807 3309 indicari
1844 3253 1990 3326 [mss.
2021 3254 2108 3314 A.,
2138 3243 2184 3304 C
2215 3262 2320 3318 que
2361 3248 2907 3318 incomprehensibile
2936 3250 3153 3321 legitur,
3189 3251 3322 3307 illud
3367 3264 3632 3309 mternum
3657 3253 3801 3324 judi-

525 3347 615 3412 B.,
646 3346 742 3414 F.,
774 3346 1034 3420 indagari]
1081 3350 1298 3416 meruit,
1354 3355 1414 3402 ut
1444 3344 1590 3401 nulla
1617 3360 1708 3400 res
1754 3345 1802 3400 ei
1851 3345 2111 3413 potuisset

524 3440 756 3507 aequari.

601 3531 750 3586 Vers.
793 3532 880 3585 75.
908 3546 1036 3584 -ιι
1089 3531 1246 3586 Jorn.
1287 3529 1478 3584 Manus
1524 3538 1626 3584 tua:
1662 3533 1893 3600 fecerunt
1941 3546 2021 3585 τηε
2062 3539 2110 3585 ει

524 3626 903 3696 plasmauerunt
930 3641 1008 3679 me
1029 3640 1048 3677 :
1077 3629 1146 3678 da
1167 3623 1292 3678 mihi
1317 3622 1634 3678 intellectum
1661 3633 1714 3677 ut
1736 3624 1930 3678 discam
1957 3639 2110 3678 man-

523 3719 649 3770 data
672 3727 782 3771 tua.
814 3715 894 3770 Ad
935 3716 1200 3771 decimam
1229 3715 1458 3770 litteram
1503 3714 1710 3771 cohors
1726 3715 1958 3786 gloriosa
1991 3730 2110 3784 prec

523 3807 783 3879 greditur,
817 3808 871 3861 in
908 3822 1009 3877 qua
1041 3807 1175 3877 petit
1199 3808 1524 3863 intellectum
1566 3807 1942 3862 mandatorum
1973 3807 2103 3862 sibi-

521 3907 634 3954 met
669 3897 873 3955 debere
918 3897 1164 3966 concedi,
1207 3907 1264 3953 ut
1314 3898 1674 3954 veracissimae
1721 3899 1844 3953 vita:
1885 3913 2109 3954 munere

522 3991 866 4063 perfruatur;
911 4000 1170 4060 expetens
1227 4000 1284 4045 ut
1334 3990 1546 4045 Domini
1592 3989 1964 4046 misericordia
2013 3989 2109 4044 ﬁat

521 4082 887 4151 immaculata,
917 4097 987 4137 ne
1016 4081 1182 4151 possit
1233 4080 1286 4134 in
1331 4079 1424 4135 illa
1445 4079 1778 4149 judicatione
1825 4079 2104 4135 confundi.

521 4173 580 4229 Si
622 4173 849 4228 velimus
893 4171 1055 4241 igitur
1080 4172 1150 4226 de
1190 4171 1291 4226 hoc
1322 4186 1482 4226 versu
1513 4171 1903 4242 disputationes
1953 4173 2108 4228 colli-

519 4283 664 4335 gere,
698 4265 1030 4336 singulorum
1079 4265 1336 4320 librorum
1366 4265 1536 4335 magis
1577 4264 1790 4320 edimus
1833 4265 2105 4334 quantita-

520 4367 651 4422 tem,
679 4371 836 4426 quam
859 4356 1057 4425 aliquid
1087 4357 1350 4426 promissa
1379 4356 1640 4412 brevitate
1666 4372 1971 4414 narramus.
2000 4358 2107 4414 Sed

519 4446 748 4502 sulliciat
794 4446 950 4501 nobis
988 4447 1302 4517 (praestante
1355 4447 1608 4518 Domino)
1651 4447 1976 4504 intellectum
2031 4450 2105 4505 rei

521 4538 920 4608 compendiosis
945 4538 1195 4594 sensibus
1219 4539 1457 4610 aperire.
1482 4539 1699 4610 Legitur
1722 4540 1868 4595 enim
1896 4559 1908 4595 :
1937 4541 2107 4612 Opera

2215 3339 2357 3394 cium
2386 3338 2645 3394 debemus
2673 3341 2939 3410 accipere,
2971 3343 3112 3412 quod
3143 3358 3214 3398 ex
3256 3352 3369 3398 toto
3399 3345 3485 3399 hic
3509 3361 3618 3400 non
3661 3347 3801 3402 vale-

2215 3445 2335 3486 mus
2383 3431 2682 3487 advertere.
2741 3433 2888 3488 lstud
2946 3449 3076 3489 vero
3127 3436 3414 3504 praesentis
3443 3439 3632 3492 mundi
3690 3451 3800 3505 est,

2211 3521 2352 3591 quod
2393 3536 2454 3576 se
2481 3523 2773 3593 cognouisse
2799 3531 3061 3590 testatur;
3104 3535 3164 3580 ut
3206 3525 3478 3582 hominem
3509 3531 3680 3585 animi
3719 3541 3797 3586 tu-

2213 3629 2364 3670 more
2391 3625 2699 3684 peccantem
2732 3615 3069 3672 humiliatum
3106 3619 3358 3689 corrigat,
3405 3631 3462 3675 et
3491 3624 3798 3692 supplican—

2212 3714 2320 3760 tem
2343 3706 2443 3760 sibi
2472 3707 2842 3762 misericordia
2873 3706 3052 3762 divina
3082 3710 3325 3778 recipiat.
3357 3711 3488 3777 Quis
3512 3714 3662 3769 enim
3691 3715 3792 3770 du-

2211 3800 2343 3855 bitet
2363 3815 2590 3855 summae
2616 3801 2886 3870 equitatis
2913 3816 3035 3856 esse
3061 3802 3343 3872 judicium,
3370 3815 3429 3859 ut
3455 3805 3547 3876 qui
3581 3822 3678 3876 per
3711 3821 3774 3861 su

2213 3889 2451 3960 perhiam
2481 3889 2816 3960 delinquunt,
2864 3891 3060 3947 devota
3108 3893 3416 3951 humilitate
3467 3900 3800 3967 purgentur!

2212 3982 2282 4037 Et
2323 3984 2533 4037 intuere
2562 3984 2687 4052 quia
2729 3983 2816 4038 hic
2843 3998 2950 4038 non
2983 3984 3132 4050 dicit,
3177 3987 3406 4054 credidi,
3439 3989 3530 4044 sed
3557 3991 3800 4061 cognovi,

2210 4071 2264 4128 id
2307 4083 2391 4129 est
2416 4083 2670 4144 expertus
2715 4089 2870 4142 sum;
2916 4085 2973 4129 ut
3005 4074 3059 4130 in
3099 4077 3213 4132 suis
3252 4079 3598 4146 passionibus
3641 4088 3804 4150 atque

2213 4161 2486 4221 beneﬁciis
2541 4165 2679 4220 hanc
2729 4181 2788 4222 se
2830 4167 3142 4238 aequitatem
3200 4167 3412 4224 Domini
3477 4172 3800 4241 cognovisse

2211 4267 2561 4315 monstraret.

2285 4349 2438 4406 Vers.
2471 4351 2561 4407 76.
2596 4349 2720 4406 Fiat
2754 4368 2888 4407 nunc
2915 4353 3267 4408 misericordia
3303 4364 3394 4408 tua
3428 4363 3483 4408 ut
3514 4357 3802 4412 consoletur

2210 4457 2307 4509 me,
2333 4442 2620 4498 secundum
2639 4442 2900 4511 eloquium
2923 4452 3070 4499 tuum
3093 4461 3237 4500 servo
3277 4455 3390 4499 tuo.
3422 4445 3617 4501 Merito
3646 4447 3796 4518 petiit

2211 4535 2634 4602 misericordiam,
2667 4537 2757 4607 qui
2799 4538 2946 4606 prius
2975 4537 3028 4592 in
3058 4537 3362 4594 humilitate
3389 4553 3486 4593 sua
3520 4540 3800 4596 confessus

519 4602 766 4686 manuum
815 4639 1018 4686 tuarum
1060 4639 1179 4686 sunt
1229 4602 1344 4684 εξεἶὶ
1388 4602 1585 4704 (Paul:
1611 4646 1684 4698 Cl,
1733 4631 1851 4702 26).
1890 4602 2108 4702 Legitur
2133 4602 2186 4664 D
2211 4622 2383 4680 fuerat
2405 4623 2550 4694 justa
2578 4602 3004 4681 Domini-fuisse
3028 4626 3252 4696 judicia.
3283 4627 3414 4681 Nam
3463 4629 3612 4683 inter
3661 4645 3798 4684 teru-

521 4725 682 4781 etiam
709 4742 722 4779 :
749 4722 817 4778 Et
846 4723 1050 4777 aridam
1075 4732 1263 4777 terram
1292 4738 1476 4778 manus
1498 4727 1612 4796 ejus
1639 4724 1900 4793 ﬁnxerunt
1927 4724 2101 4795 (Psal.

520 4832 663 4880 χειν,
696 4815 776 4886 5).
823 4814 969 4870 Idem
1005 4823 1061 4869 et
1109 4814 1236 4868 hic:
1268 4813 1456 4868 Manus
1499 4822 1600 4869 tua:
1643 4813 1872 4884 fecerunt
1919 4832 2015 4883 me,
2057 4825 2106 4871 et

521 4911 901 4984 plasmacerunt
922 4923 1023 4964 me.
1053 4907 1159 4963 Sed
1191 4905 1307 4961 haec
1339 4907 1519 4962 omnia
1550 4907 1762 4976 tropice
1787 4907 1928 4962 dicta
1959 4917 2105 4964 sunt.

520 5002 653 5058 Nam
683 5016 873 5055 manus
901 4999 1102 5054 habere
1125 5011 1447 5068 corporeum
1489 5007 1592 5052 est.
1622 4998 1677 5052 Si
1705 5013 1836 5052 vero
1865 4999 2110 5068 proprie-

520 5100 684 5146 tatem
731 5091 1056 5161 Operationis
1089 5089 1380 5144 Dominicae
1422 5089 1556 5145 velis
1600 5089 1901 5158 advertere,
1943 5092 2108 5146 auiti:

520 5181 692 5252 Dixit,
718 5193 764 5236 et
792 5183 930 5253 facta
957 5193 1112 5250 sunt;
1160 5182 1451 5246 mandauit,
1489 5188 1533 5236 et
1562 5191 1735 5235 creata
1770 5191 1890 5236 sunt
1929 5180 2106 5250 (Psal.

520 5292 748 5342 ειινιιι,
778 5275 858 5348 5).
892 5278 1227 5346 Quapropter
1265 5275 1594 5345 Operationis
1647 5275 1765 5346 ejus
1800 5276 1970 5331 virtus
2013 5276 2113 5331 hu—

517 5380 684 5422 manu
713 5381 862 5421 more
888 5382 1072 5420 manus
1097 5375 1380 5431 vocantur,
1411 5381 1508 5437 per
1531 5380 1662 5436 quas
1693 5381 1797 5421 IIOS
1823 5367 2113 5422 consuevi-

515 5473 643 5516 mus
670 5460 902 5529 operari.
934 5455 1188 5512 Fecerunt
1211 5467 1413 5522 autem,
1444 5457 1658 5528 quidam
1681 5457 1868 5512 volunt
1896 5458 1961 5512 ad
1989 5458 2108 5514 ani-

522 5567 664 5608 mam
713 5551 1014 5620 pertinere;
1069 5550 1452 5621 plasmaverunt
1483 5549 1550 5604 ad
1603 5562 1820 5618 corpus,
1864 5549 2006 5618 quod
2035 5547 2106 5605 de

519 5643 651 5700 limo
695 5652 854 5696 terra:
881 5645 1224 5710 cognoscitur
1251 5641 1416 5696 fuisse
1453 5640 1765 5696 formatum.
1791 5637 1940 5694 Justa
1972 5654 2105 5696 voce

520 5735 726 5790 factura
755 5749 848 5787 sua
885 5735 1080 5790 clamat
1121 5733 1378 5788 Auctori:
1411 5730 1493 5784 Da
1531 5732 1658 5786 mihi
1704 5731 2040 5798 intellectum,
2072 5748 2102 5787 a

521 5845 629 5896 quo
660 5845 954 5900 cognoscur
1000 5844 1119 5884 esse
1149 5828 1426 5896 plasmata.
1455 5825 1562 5881 Sed
1591 5825 1864 5898 perquirct
1889 5825 2102 5900 qualem

2209 4732 2363 4772 mnas
2405 4717 2732 4789 multiplices
2785 4727 2841 4774 et
2883 4735 3024 4773 saeva
3064 4719 3358 4774 certamina
3407 4727 3797 4776 tormentorum

2208 4807 2618 4864 consolatricem
2642 4824 2824 4865 rerum
2852 4809 3077 4864 istarum
3108 4811 3517 4864 misericordiam
3547 4812 3717 4880 petit:
3742 4821 3794 4867 ut

2209 4898 2566 4956 adversitates
2593 4901 2776 4956 seaculi
2806 4899 2952 4956 ferre
2981 4901 3260 4970 potuisset,
3292 4915 3426 4972 quas
3456 4902 3562 4956 sibi
3588 4903 3660 4958 ad
3683 4918 3800 4973 pur-

2215 4991 2483 5063 gationem
2511 4992 2762 5048 vitiorum
2790 4993 3030 5062 proﬁcue
3054 5001 3276 5047 noverat
3300 4993 3664 5048 contributas.
3687 4993 3795 5049 Non

2217 5086 2359 5140 enim
2389 5085 2587 5142 auferri
2613 5087 2714 5142 sibi
2742 5087 2868 5142 talia
2891 5087 3202 5156 postulavit,
3235 5087 3330 5144 sed
3360 5091 3415 5143 in
3449 5088 3532 5144 eis
3558 5103 3618 5144 se
3645 5103 3794 5158 expe-

2218 5181 2282 5234 tit
2310 5181 2598 5236 consolari.
2642 5179 2949 5238 Consolatio
2978 5185 3122 5239 enim
3151 5190 3258 5250 est,
3285 5184 3502 5254 quando
3553 5185 3790 5240 miseria-

2218 5286 2336 5326 rum
2377 5273 2689 5341 patientiam
2719 5273 2904 5338 donat,
2951 5283 3216 5330 tormenta
3263 5290 3407 5331 saeva
3453 5285 3787 5346 retemperat,

2219 5374 2272 5421 et
2293 5364 2477 5421 afﬂicti
2523 5367 2686 5421 animi
2731 5382 2996 5424 mmrores
3045 5368 3391 5424 beatitudinis
3444 5370 3788 5440 promissione

2211 5455 2498 5512 conlortat.
2539 5457 2813 5528 Sequitur,
2847 5459 3134 5513 secundum
3169 5459 3427 5530 eloquium
3469 5474 3608 5514 tuum
3653 5475 3788 5513 seruo

2209 5558 2321 5603 tuo.
2353 5555 2397 5604 Α
2428 5551 2696 5606 communi
2738 5551 3025 5622 subjunge,
3057 5553 3175 5621 ﬁat,
3209 5553 3260 5607 id
3298 5562 3381 5608 est
3409 5551 3695 5608 secundum
3722 5549 3782 5602 il-

2209 5645 2314 5698 lam
2362 5643 2772 5712 promissionem
2820 5660 2926 5716 qua
2973 5645 3263 5719 spopondit
3294 5649 3347 5702 in
3399 5645 3682 5717 Evangelio
3722 5657 3780 5698 se

2209 5733 2488 5790 tribulatos
2521 5736 2573 5790 in
2607 5735 2945 5806 passionibus
2973 5737 3196 5793 minime
3236 5739 3569 5794 relicturum.

2288 5827 2434 5882 \‘ors.
2469 5827 2556 5880 '7".
2587 5825 2802 5882 Veniant
2829 5829 2955 5884 mihi
2983 5829 3327 5886 miserationes
3356 5837 3476 5897 (κω,
3505 5837 3551 5885 ει
3574 5830 3769 5890 vivam;
