4090 6346
270 417 361 473 861
1182 413 1548 471 EXPOSITIO
1589 409 1654 464 IN
1696 407 2159 464 PSALTI‘lIlIUM.
2201 407 2397 468 PSAL.
2438 412 2664 469 CXVIII.

3449 411 3550 467 862
3598 391 3602 399 ’

271 532 385 602 quia
414 530 499 586 les
533 539 623 586 tua
664 529 928 585 meditatio
954 542 1065 581 mea
1110 536 1205 580 est.
1254 525 1596 582 Sufficienter
1632 538 1852 592 expres-
1884 524 1930 581 Α
1967 523 2206 577 stimonia
2236 532 2363 589 tua;
2395 539 2531 596 quos
2564 522 2722 577 lectio
2740 521 2954 592 quidem
2988 520 3168 577 divina
3192 519 3302 592 jam
3336 521 3547 593 imbuit,

270 636 390 676 sum
430 631 515 676 est
546 621 674 691 quid
707 636 804 691 per
848 617 1273 674 misericordiam
1315 616 1525 670 Domini
1557 626 1855 682 consequa-

270 732 412 781 mur,
448 716 609 769 vitam
640 715 843 770 scilicet
870 722 1152 768 aeternam.
1178 710 1316 764 Nam
1346 724 1469 764 cum
1491 708 1631 762 istud
1653 707 1750 762 sibi
1776 705 1856 760 di-

269 815 416 859 ceret
440 820 562 859 esse
593 804 957 870 tribuendum,
990 802 1279 870 postulavit
1306 808 1363 854 ut
1400 800 1666 854 veraciter
1696 799 1857 851 vivere

269 905 604 961 mereretur;
654 897 777 964 quia
818 896 931 948 sola
970 895 1055 947 illa
1105 892 1240 946 bene
1286 892 1483 946 dicitur
1522 891 1653 952 vita,
1697 901 1855 958 quam

269 1004 367 1041 nec
397 989 642 1043 molestia
672 989 773 1042 ulla
818 988 1094 1053 sollicitat,
1125 1001 1225 1040 nec
1264 1002 1411 1040 mors
1442 994 1689 1053 suspecta
1725 996 1857 1036 con-

274 1081 451 1134 tristat
475 1097 491 1146 ;
523 1082 590 1137 de
617 1097 718 1149 qua
744 1083 794 1134 in
820 1079 1108 1149 Evangelio
1135 1079 1333 1133 dictum
1358 1086 1443 1132 est
1468 1095 1479 1131 :
1511 1076 1573 1129 Si
1593 1077 1667 1128 vis
1689 1073 1860 1127 venire

268 1176 335 1228 ad
356 1175 533 1240 vitam,
582 1191 725 1227 serva
768 1172 1010 1226 mandata
1038 1171 1257 1240 (Matth.
1292 1186 1400 1233 χιχ,
1446 1168 1559 1237 17).
1599 1167 1708 1221 Nec
1744 1178 1861 1218 mo-

269 1276 393 1320 veat
432 1264 576 1335 quod
621 1280 725 1318 non
756 1264 959 1317 addidit
982 1271 1271 1325 mternatn;
1303 1268 1448 1315 tanta
1477 1268 1562 1314 est
1599 1259 1740 1312 enim
1775 1256 1857 1310 vis

269 1358 387 1427 ejus
416 1357 669 1422 nominis,
703 1366 760 1409 ut
788 1372 908 1409 cum
933 1357 1042 1408 sola
1069 1356 1170 1407 vita
1196 1354 1414 1415 dit-itur,
1449 1362 1647 1405 aeterna
1678 1350 1858 1418 potius

269 1449 552 1504 sentiatur.
583 1448 732 1501 lianc
759 1463 887 1517 ergo
935 1448 1097 1501 vitam
1118 1446 1260 1499 .dicit
1305 1462 1363 1500 se
1394 1445 1596 1500 debere
1635 1459 1859 1512 prome-

268 1540 399 1605 reri,
423 1537 545 1607 quia
573 1538 850 1592 meditatio
894 1538 1009 1605 ejus
1052 1537 1207 1591 bonis
1237 1536 1638 1589 monstrabatur
1674 1535 1858 1603 operi-

271 1633 374 1688 bus
403 1641 685 1701 occupata.
719 1631 850 1685 Nam
878 1632 1256 1685 meditationem
1284 1630 1372 1683 hic
1387 1644 1491 1683 non
1516 1629 1686 1682 solam
1716 1627 1861 1681 acci-

269 1726 384 1796 pias
423 1725 733 1793 lectionem,
785 1724 879 1778 sed
927 1716 1096 1792 magis
1135 1735 1301 1791 opera
1327 1721 1479 1790 legis.
1510 1719 1627 1773 Non
1677 1728 1856 1773 autem

269 1832 367 1888 per
396 1818 553 1872 istam
583 1818 752 1872 solam
799 1817 1180 1870 meditationem
1232 1814 1373 1869 beati
1422 1812 1706 1877 efllcimur,
1739 1828 1857 1882 qure

1960 616 2055 670 sed
2102 615 2328 671 necdum
2361 632 2527 686 opera
2576 616 2827 670 salutaris
2870 616 3137 668 instruxit.
3182 613 3553 668 Convertuntur

1960 707 2105 760 enim
2151 705 2218 760 de
2249 706 2503 775 perfet-tis
2547 722 2650 759 non
2684 713 2893 775 poterat
2919 704 3050 769 dici,
3095 704 3184 773 qui
3230 712 3284 757 ct
3325 704 3557 759 lectione

1959 810 2134 860 sacra,
2168 806 2220 850 et
2252 796 2338 864 pia
2361 795 2674 864 operatione
2704 794 2995 865 fulgebant.

2035 887 2191 941 Vers.
2223 886 2311 941 80.
2349 885 2467 939 Fiat
2512 902 2602 939 cor
2630 902 2797 940 meum
2828 884 3216 940 immaculatum
3255 884 3307 937 in
3340 885 3443 938 tuis
3461 886 3556 956 ju-

1961 980 2377 1047 stiﬁcationibus,
2404 988 2458 1034 ut
2486 997 2589 1034 non
2630 980 2945 1049 confundor.
2979 978 3078 1032 Cor
3106 992 3261 1033 suum
3308 978 3556 1031 immacu-

1961 1072 2126 1126 latum
2159 1073 2288 1142 petit
2319 1074 2434 1143 ﬁeri
2479 1082 2817 1144 peccatorum
2855 1070 3195 1139 remissione,
3230 1084 3337 1124 non
3373 1070 3552 1125 meriti

1960 1163 2240 1233 qualitate.
2276 1163 2409 1219 Nam
2441 1164 2574 1219 sicut
2602 1163 2654 1218 in
2688 1162 2953 1233 principio
2986 1160 3176 1231 psalmi
3204 1160 3404 1216 dictum
3430 1170 3549 1216 est:

1960 1255 2059 1309 Cui
2084 1268 2361 1326 peccatum
2381 1272 2535 1311 suum
2559 1257 2871 1324 dimittitur,
2901 1257 3019 1312 sine
3041 1255 3371 1310 dubitatione
3399 1270 3555 1309 mun-

1962 1349 2146 1411 datur;
2190 1364 2289 1403 nec
2335 1358 2511 1418 potest
2542 1349 2686 1403 illam
2730 1348 2922 1401 stolam
2968 1348 3190 1402 induere
3234 1347 3551 1412 nuptialem,

1963 1442 2062 1497 nisi
2093 1445 2180 1512 qui
2213 1458 2309 1513 per
2335 1441 2569 1495 divinam
2603 1440 2827 1511 gratiam
2860 1440 3210 1510 indulgentiae
3242 1437 3437 1494 meruit
3464 1451 3544 1493 ac-

1964 1534 2146 1602 cipere
2186 1533 2495 1601 puritatem.
2527 1530 2604 1585 Ibi
2636 1531 2780 1585 enim
2812 1532 2960 1586 solus
3000 1531 3090 1585 ille
3134 1545 3240 1585 non
3269 1528 3552 1586 confundi-

1964 1634 2071 1691 tur,
2097 1625 2183 1681 cui
2214 1634 2433 1695 peccata
2462 1623 2749 1677 donantur.
2779 1621 2846 1675 Et
2878 1621 3095 1675 intende
3124 1622 3263 1691 quod
3297 1630 3416 1690 post
3446 1621 3554 1676 vir-

1962 1724 2104 1771 tutes
2134 1717 2360 1770 eximias
2387 1715 2583 1770 chorus
2614 1713 2708 1769 ille
2729 1721 3037 1768 sanctorum
3069 1730 3156 1767 cor
3186 1728 3340 1767 suum
3367 1715 3555 1769 imma-

1964 1810 2194 1861 culatum
2219 1807 2336 1875 fieri
2357 1806 2697 1874 deprecatur,
2723 1814 2779 1858 ut
2811 1805 2987 1858 nullus
3028 1803 3304 1858 hominum
3334 1818 3555 1873 prtesu-

271 1909 517 1963 lectionis
559 1908 879 1978 repetitione
926 1914 1214 1969 tractatur,
1259 1905 1346 1959 illa
1404 1905 1547 1958 enim
1593 1904 1858 1957 meditatio
1890 1915 1940 1975 Β
1970 1908 2160 1963 meret,
2188 1896 2328 1967 quod
2376 1898 2544 1951 solam
2571 1895 2773 1952 Christi
2806 1896 3014 1950 Domini
3055 1897 3305 1951 habuisse
3348 1906 3555 1951 certum

269 2000 455 2054 beatos
493 1997 644 2064 facit,
685 2013 805 2067 quae
847 1996 1103 2069 operibus
1147 1995 1350 2051 sanctis
1397 1996 1659 2049 caelorum
1690 2008 1853 2064 regna

269 2090 559 2159 conquirit,
583 2089 722 2143 sicut
747 2089 1041 2158 Apostolus
1077 2087 1247 2143 dicit:
1280 2085 1404 2140 Non
1431 2086 1567 2139 enim
1595 2086 1856 2139 auditores

269 2181 395 2251 legis
414 2181 548 2252 justi
578 2188 696 2233 sunt
731 2180 872 2251 apud
899 2177 1089 2246 Deum,
1129 2179 1217 2233 sed
1249 2177 1471 2246 factores
1503 2176 1627 2246 legis
1655 2175 1858 2246 justifi-

270 2273 518 2327 cabuntur
538 2271 717 2344 (Rom.
740 2286 802 2335 ll,
833 2268 947 2340 13).

343 2364 492 2418 Vers.
540 2364 629 2418 78.
661 2361 1059 2433 Confundantur
1096 2358 1319 2430 superbi,
1352 2359 1474 2429 quia
1502 2358 1691 2429 injuste
1728 2356 1855 2429 [ms.

269 2455 336 2511 G.
369 2464 424 2509 et
455 2455 565 2519 ed.,
600 2450 805 2524 injusti]
834 2453 1157 2523 iniquitatem
1188 2455 1413 2521 fecerunt
1434 2450 1488 2504 in
1513 2466 1618 2514 me;
1649 2464 1741 2520 ego
1763 2465 1860 2502 au-

268 2553 367 2598 tem
402 2544 667 2597 exercebar
704 2544 759 2597 in
798 2541 1057 2596 mandatis
1100 2543 1221 2595 tuis.
1253 2539 1367 2595 Non
1418 2539 1669 2595 convenit
1715 2539 1855 2608 plebi

266 2641 466 2689 sancta:
497 2635 549 2687 in
579 2633 917 2687 adversarios
947 2646 1076 2686 suos
1118 2630 1515 2686 maledictionis
1546 2638 1672 2684 voto
1704 2630 1853 2702 [ms.

266 2726 359 2792 A.,
389 2725 480 2791 B.,
511 2723 603 2790 F.,
633 2723 803 2795 motu]
837 2724 1105 2794 prosilire,
1137 2740 1257 2779 cum
1288 2726 1405 2794 ipse
1430 2724 1613 2778 dicat:
1644 2723 1857 2794 Diligite

264 2816 499 2870 inimicos
551 2823 764 2882 vestros,
810 2822 857 2867 et
907 2822 1050 2868 orate
1089 2830 1181 2884 pro
1235 2812 1668 2868 calumniantibus
1716 2814 1856 2868 vobis

265 2906 484 2979 (Matth.
506 2923 558 2974 v,
590 2909 704 2977 44).
739 2909 856 2977 Ipse
877 2921 1090 2977 quoque
1113 2908 1367 2978 subjecit,
1392 2923 1485 2978 ego
1515 2916 1685 2960 autem
1710 2923 1859 2961 exer-

268 2998 416 3053 cebor
454 2998 507 3051 in
538 2998 795 3051 mandatis
827 3002 950 3062 tuts,
984 3005 1043 3051 ut
1068 2997 1201 3052 nihil
1224 3012 1349 3053 eum
1380 3007 1568 3052 contra
1616 2997 1856 3067 regulam

269 3091 459 3147 fecisse
482 3102 862 3153 cognosceres.
890 3090 1023 3158 Sed,
1060 3089 1474 3161 confundantur,
1508 3089 1573 3143 ad
1605 3089 1862 3144 emenda-

269 3182 467 3237 tionem
516 3182 769 3252 pertinet,
818 3197 923 3237 non
956 3181 1023 3237 ad
1073 3182 1394 3251 supplicium
1440 3182 1853 3251 sempiternum.

1966 1999 2050 2045 est
2079 1989 2443 2044 sanctitatem.
2477 1988 2607 2043 Nam
2638 1990 2729 2059 qui
2780 1990 3059 2043 confessus
3104 1991 3281 2043 fuerat
3312 1989 3556 2043 manibus

1960 2096 2020 2137 se
2057 2082 2268 2136 Domini
2302 2080 2499 2135 factum
2529 2091 2691 2151 atque
2717 2080 3060 2151 plasmatum,
3094 2080 3185 2151 qni
3217 2080 3554 2135 hutniliatum

1957 2171 2103 2242 juste
2132 2187 2191 2226 se
2218 2171 2429 2226 dixerat
2458 2170 2526 2226 ad
2554 2172 2909 2228 creberrimas
2943 2173 3245 2243 passiones,
3272 2173 3361 2244 qui
3395 2156 3552 2228 exer-

1959 2263 2152 2317 citatus
2169 2272 2250 2316 est
2277 2262 2332 2317 in
2370 2263 2634 2317 mandatis
2669 2262 2900 2333 Domini,
2934 2265 2986 2318 in
3027 2264 3145 2333 ejus
3185 2279 3398 2334 quoque
3438 2266 3555 2334 lege

1961 2356 2269 2421 meditatus,
2321 2372 2426 2410 non
2476 2357 2635 2411 audet
2678 2356 2858 2412 dicere
2887 2357 3276 2411 immaculatum
3324 2372 3411 2410 cor
3447 2357 3549 2410 sibi

1960 2447 2235 2513 esse;sed
2275 2448 2409 2518 petit
2448 2458 2505 2504 ut
2533 2448 2623 2503 fiat
2663 2449 2807 2519 quod
2836 2449 3062 2504 necdum
3097 2450 3150 2503 in
3182 2449 3270 2504 illa
3313 2464 3556 2504 resurre-

1961 2540 2143 2595 ctione
2174 2548 2507 2609 perceperat,
2536 2540 2627 2595 ubi
2657 2540 2893 2595 audituri
2915 2550 3039 2595 sunt
3074 2559 3085 2593 ε
3120 2540 3317 2607 Venite,
3344 2540 3554 2594 benedi-

1961 2632 2031 2684 cti
2061 2630 2234 2685 Patris
2282 2635 2402 2696 mei,
2433 2633 2679 2704 percipite
2718 2648 2931 2703 regnum
2959 2633 3097 2703 quod
3135 2632 3275 2687 vobis
3317 2644 3555 2705 paratum

1962 2732 2036 2777 est
2076 2724 2140 2777 ab
2170 2723 2315 2778 initio
2358 2725 2538 2777 mundi
2580 2724 2794 2795 (Matth.
2830 2742 2955 2795 xxv,
3005 2725 3121 2797 '5‘),
3168 2735 3274 2782 etc.
3318 2726 3387 2781 Et
3434 2726 3484 2780 vi
3507 2728 3555 2782 te

1961 2813 2412 2883 quemadmodum
2448 2830 2615 2869 unum
2660 2816 2887 2870 verbum
2920 2817 3152 2872 diversis
3194 2817 3373 2871 causis
3403 2817 3555 2871 adhi-

1963 2904 2129 2959 bitum
2152 2912 2254 2959 est.
2297 2904 2469 2975 Supra
2505 2905 2661 2976 petiit
2707 2906 2899 2976 impios
2949 2907 3150 2963 debere
3186 2908 3463 2973 confundi,
3500 2917 3555 2963 ut

1964 2997 2341 3065 corrigantur;
2388 3012 2447 3053 se
2478 3012 2607 3052 vero
2637 2997 2877 3067 postulat
2906 3014 3010 3054 non
3048 2999 3247 3055 debere
3277 2999 3551 3066 confundi,

1963 3098 2021 3142 ut
2048 3088 2320 3143 interitum
2351 3089 2718 3144 damnationis
2746 3089 2961 3146 evadat.

2034 3181 2189 3237 Vers.
2239 3184 2421 3239 8l.--
2450 3198 2526 3239 ιι.
2575 3182 2742 3239 Cson.
2789 3185 2989 3257 Defecit
3033 3186 3087 3240 in
3139 3186 3365 3240 salutare
3413 3195 3555 3241 tuum

269 3272 418 3328 Tunc
449 3272 593 3328 enim
635 3271 969 3327 conscientia
1003 3272 1277 3342 peccantis
1319 3272 1455 3328 bene
1494 3274 1853 3341 confunditur,
1885 3282 1933 3346 (ζ
1962 3277 2137 3329 anima
2167 3293 2301 3342 mea,
2329 3286 2375 3329 et
2404 3276 2458 3329 in
2500 3277 2705 3330 verbum
2736 3287 2881 3331 tuum
2921 3280 3122 3348 speravi
3153 3278 3306 3350 [mss.
3340 3281 3431 3341 A.,
3465 3278 3552 3349 B.,

267 3370 480 3438 quando
518 3369 657 3424 mala
685 3370 908 3439 pristina
934 3370 1153 3440 propria
1177 3370 1450 3424 voluntate
1491 3369 1813 3424 damnantur
1837 3391 1850 3423 ;

266 3471 323 3518 et
350 3463 536 3532 incipit
562 3463 740 3518 odisse
765 3462 905 3533 quod
945 3463 1223 3518 videbatur
1264 3472 1389 3516 ante
1432 3461 1676 3532 diligere.
1710 3461 1854 3515 Istud

267 3554 432 3627 5.10
454 3557 596 3611 enim
622 3564 740 3610 orat
766 3555 1050 3625 provenire
1080 3554 1347 3623 superbis,
1389 3569 1456 3608 ne
1479 3554 1682 3608 diutius
1720 3554 1852 3608 bac-

268 3648 418 3703 chari
451 3647 669 3703 ausibus
697 3647 842 3720 [ηαδ.
874 3647 963 3712 Α.,
991 3645 1079 3711 B.,
1118 3645 1211 3711 F.,
1239 3642 1447 3716 usibus]
1478 3645 1760 3699 videantur
1788 3645 1855 3699 il-

267 3739 448 3796 licitis.
488 3741 743 3811 Sequitur
786 3754 944 3794 causa
976 3739 1268 3809 probabilis
1314 3753 1482 3808 quare
1523 3738 1728 3807 superbi
1758 3742 1856 3793 de-

266 3831 431 3886 beant
453 3832 731 3900 confundi;
757 3832 982 3897 scilicet,
1006 3832 1127 3899 quia
1160 3832 1350 3902 injuste
1379 3831 1701 3900 iniquitatem
1722 3832 1855 3901 fece—

266 3935 387 3978 runt
410 3925 463 3977 in
490 3940 585 3977 me.
614 3923 752 3991 Quid
770 3923 913 3979 enim
938 3924 1189 3994 iniustius
1215 3922 1320 3978 dici
1350 3932 1548 3991 potest,
1574 3939 1735 3993 quam
1763 3939 1856 3979 eos

267 4015 409 4069 velle
436 4015 685 4084 persequi
713 4014 803 4085 qui
833 4014 1103 4069 mandatis
1134 4014 1454 4068 videbantur
1474 4015 1857 4069 sacratissimis

263 4105 552 4175 occupari?
576 4105 851 4174 Sequitur,
879 4120 970 4174 ego
1015 4104 1473 4157 autemexercebor
1498 4105 1553 4157 in
1599 4105 1857 4159 mandatis

263 4198 385 4251 tuis.
413 4196 614 4251 Contra
640 4196 863 4251 insidias
902 4195 1244 4251 inimicorum
1296 4203 1349 4249 et
1377 4195 1683 4264 superbiam
1716 4210 1853 4264 prte-

265 4289 473 4344 tuniida
495 4303 555 4345 se
582 4288 858 4358 iniquitate
884 4290 1196 4358 jactantem,
1236 4289 1388 4356 ponit
1415 4287 1651 4343 salutare
1682 4302 1859 4342 reme-

261 4382 435 4449 dium,
470 4381 787 4437 exercitium
816 4382 1001 4451 utique
1027 4380 1423 4435 mandatorum.
1456 4379 1569 4434 Non
1601 4379 1744 4435 enim
1772 4381 1861 4436 ad-

261 4488 454 4529 versus
482 4473 716 4544 perfidos
753 4483 808 4529 et
848 4473 1096 4528 crudeles
1137 4473 1315 4543 aliqua
1351 4472 1715 4527 obluctatione
1752 4487 1855 4542 pu-

261 4565 471 4637 gnavit,
510 4574 600 4620 aut
646 4566 932 4621 verborum
976 4566 1203 4635 litigiosa
1251 4565 1597 4620 contentione
1640 4579 1701 4620 se
1751 4565 1855 4618 mi-

1962 3366 2048 3432 F.,
2080 3366 2475 3438 supersperavi].
2514 3366 2860 3424 Undecimam
2891 3369 3125 3425 litteram
3156 3371 3470 3441 peregrinus
3499 3372 3555 3429 in

1959 3456 2060 3512 hac
2092 3469 2236 3513 terra
2270 3460 2498 3529 populus
2543 3460 2815 3527 decantat,
2847 3463 2899 3516 in
2932 3479 3035 3532 qua
3080 3463 3299 3520 nimium
3332 3465 3553 3521 deside-

1959 3550 2094 3603 rium
2140 3566 2295 3605 suuin
2344 3553 2396 3605 iit
2445 3552 2676 3607 adventu
2728 3553 2938 3608 Domini
2971 3555 3201 3610 feliciter
3231 3557 3546 3613 conﬁtetur.

1959 3642 2255 3697 Enumerat
2283 3657 2496 3712 quoque
2523 3654 2750 3715 quantas
2799 3646 3154 3715 superborum
3188 3647 3555 3703 insecutiones

1960 3736 2259 3807 pertulerit.
2307 3734 2386 3790 Ad
2422 3746 2750 3805 postremum
2782 3741 2917 3807 petit
2948 3748 3005 3793 ut
3050 3741 3101 3794 in
3136 3741 3404 3795 mandatis
3450 3740 3555 3795 Do-

1960 3827 2091 3881 mini
2127 3828 2292 3897 ipsius
2321 3842 2543 3883 munere
2581 3839 2915 3897 perseveret.
2953 3830 3202 3886 Defectus
3232 3840 3288 3886 et
3320 3846 3417 3900 pro
3447 3832 3556 3887 fine

1962 3919 2189 3987 alicujus
2237 3920 2315 3973 rei
2348 3919 2566 3985 dicitur,
2610 3929 2668 3973 ut
2696 3930 2777 3975 est
2802 3920 2932 3975 illud
2964 3939 2975 3973 :
3006 3920 3211 3975 Inimici
3260 3924 3556 3993 defecerunt

1959 4010 2168 4078 framea:
2207 4009 2258 4060 in
2288 4008 2442 4073 ﬁnem
2474 4008 2642 4078 (Psal.
2678 4024 2753 4075 tx,
2789 4010 2864 4078 7).
2899 4009 3287 4082 Nonnunquam
3340 4013 3557 4082 ponitur

1959 4108 2014 4154 et
2045 4115 2141 4168 pro
2163 4100 2418 4154 desiderii
2452 4100 2727 4156 nimietate
2768 4101 3111 4170 declaranda,
3162 4114 3219 4159 ut
3264 4115 3346 4160 est
3377 4106 3506 4161 illud
3537 4124 3554 4163 :

1962 4189 2266 4262 Concupivit
2290 4201 2335 4246 et
2358 4193 2532 4261 deﬁcit
2561 4194 2735 4247 anima
2766 4209 2878 4248 mea
2910 4196 2961 4249 in
2991 4197 3126 4249 atria
3151 4195 3553 4269 Domini(PsaI.

1966 4299 2193 4347 Lxxsnt,
2225 4282 2304 4354 5).
2330 4283 2477 4338 Idem
2510 4295 2563 4340 et
2593 4285 2680 4340 hic
2722 4297 2902 4341 sancta
2945 4293 3288 4362 congregatio
3316 4292 3559 4364 defecisse

1960 4375 2089 4429 dicit
2117 4375 2344 4427 animant
2376 4389 2529 4430 suam
2561 4376 2614 4430 in
2660 4377 2874 4433 Domitii
2919 4379 3215 4435 Salvatoris
3242 4384 3556 4443 ardentissi—

1961 4483 2103 4523 mam
2137 4468 2481 4523 charitatem.
2514 4468 2627 4525 Mos
2668 4475 2812 4525 enim
2852 4472 2953 4528 iste
2988 4474 3339 4531 humanitatis
3367 4488 3469 4543 est,
3499 4488 3558 4534 ut

1960 4562 2105 4632 quod
2132 4563 2354 4617 omnino
2377 4564 2832 4634 concupiscimus,
2863 4566 2915 4621 in
2939 4582 3005 4621 eo
3032 4567 3220 4622 lassari
3248 4584 3311 4624 ac
3340 4570 3557 4638 deﬁcere

262 4658 434 4722 seuit;
488 4657 583 4713 sed
639 4664 889 4728 tanquam
946 4666 1107 4712 vento
1172 4655 1336 4711 llabili
1400 4655 1558 4711 dictis
1605 4656 1857 4712 inanibus
1889 4657 1939 4715 D
1964 4656 2261 4722 videamur,
2287 4657 2504 4726 quando
2533 4657 2796 4713 dilatione
2821 4662 3090 4727 suspensi,
3120 4660 3187 4714 ad
3218 4671 3339 4716 vota
3370 4672 3556 4721 nostra

261 4751 605 4816 verberatus,
633 4749 964 4819 propositum
994 4764 1151 4805 suum
1185 4750 1364 4819 quieta
1409 4760 1590 4805 mente
1626 4764 1853 4820 perage-

260 4839 379 4904 bat,
408 4846 470 4894 ut
493 4839 616 4894 inde
642 4840 811 4909 magis
834 4840 1130 4895 adversarii
1156 4842 1384 4895 celerius
1415 4842 1696 4907 caderent,
1726 4842 1851 4896 dum

260 4932 427 4986 nullis
453 4934 533 4989 eis
574 4932 820 4987 humanis
854 4934 1061 4989 viribus
1101 4935 1413 4988 restitisset.
1462 4933 1614 5000 Quod
1646 4935 1853 5004 patien-

262 5023 356 5077 tia:
375 5037 544 5095 genus
564 5032 723 5079 ornat
749 5025 865 5079 sine
894 5023 1058 5079 dubio
1085 5022 1449 5078 Christianos.

338 5116 497 5172 Vers.
532 5116 622 5172 79.
653 5114 1025 5171 Convertantur
1060 5117 1129 5169 ad
1156 5132 1233 5169 me
1266 5117 1352 5183 qui
1374 5116 1550 5169 timent
1592 5125 1658 5183 te,
1684 5124 1732 5169 et
1770 5115 1855 5185 qui

262 5215 514 5263 noverunt
553 5209 842 5263 testimonia
869 5218 977 5262 tua.
1028 5207 1108 5262 Ad
1151 5207 1562 5278 distinguendas
1594 5222 1855 5275 personas

263 5300 483 5369 propria
510 5299 672 5357 verba
698 5302 903 5369 signata
942 5307 1091 5354 sunt.
1132 5299 1304 5368 Supra
1344 5297 1487 5353 enim
1516 5298 1583 5352 de
1608 5298 1855 5368 superbis

265 5392 470 5447 dictum
495 5401 602 5459 est,
631 5392 1049 5463 confundantur;
1073 5390 1158 5445 hic
1179 5399 1357 5445 autem
1382 5391 1449 5444 de
1470 5391 1853 5460 incipientibus

266 5481 484 5550 dicitur,
526 5483 899 5539 Convertuntur
916 5483 986 5536 ad
1016 5499 1114 5547 me,
1139 5483 1203 5536 'id
1241 5491 1326 5537 est
1358 5481 1424 5536 ad
1457 5490 1529 5537 te.
1558 5482 1639 5536 Ad
1672 5482 1855 5537 Domi—

265 5588 395 5631 num
418 5576 560 5629 enim
593 5574 728 5629 bene
750 5575 1068 5644 intelligitur
1096 5574 1343 5638 converti,
1374 5572 1465 5643 qui
1488 5573 1540 5627 in
1587 5573 1858 5629 Ecclesia-

262 5664 398 5723 θύω
446 5666 610 5735 ρωρίι
649 5668 1063 5735 congregatione
1110 5668 1350 5729 versari;
1385 5663 1462 5718 illi
1512 5664 1725 5719 scilicet
1764 5665 1855 5733 qui

259 5755 372 5825 jam
402 5757 592 5813 timere
612 5766 906 5827 emperant,
931 5757 1025 5813 sed
1057 5757 1294 5811 nondum
1322 5755 1539 5812 fuerant
1561 5764 1672 5810 tota
1699 5770 1854 5811 men-

264 5850 333 5909 lis
360 5852 656 5911 intentione
707 5851 972 5906 conversi.
1009 5849 1249 5919 Addidit,
1285 5860 1333 5903 et
1371 5849 1461 5911 qui
1504 5857 1849 5904 noveruntte-

1965 4748 2249 4816 pervenire
2286 4762 2394 4801 non
2425 4761 2734 4816 possumus.
2768 4747 2837 4803 Ut
2883 4750 2928 4803 si
2969 4750 3343 4805 charissimum
3388 4751 3555 4807 lilium

1961 4839 2413 4895 clementissimus
2458 4847 2611 4907 pater
2663 4839 2821 4910 longa
2876 4843 3277 4911 exspectatione
3331 4843 3553 4903 dilatum

1961 4933 2139 4986 anima
2168 4929 2461 4997 festinante
2491 4930 2776 4999 sustineat,
2821 4931 2867 4987 si
2913 4947 3056 4987 uxor
3098 4932 3403 4989 castissima
3437 4935 3557 4990 dul—

1963 5024 2239 5079 cissimum
2268 5022 2547 5089 maritum,
2575 5037 2756 5079 nonne
2782 5039 2967 5079 amore
2993 5024 3244 5095 fatigante
3278 5027 3554 5095 deﬁciunt,

1962 5129 2100 5183 quos
2148 5113 2335 5168 videre
2394 5113 2772 5170 desideranter
2823 5118 3161 5186 exposcunt?
3218 5119 3557 5190 Quapropter

1964 5200 2164 5272 Defecit
2193 5204 2366 5257 anima
2398 5221 2529 5271 mea,
2558 5206 2851 5275 signiﬁcat,
2877 5207 3076 5263 lassata
3114 5221 3198 5265 est
3242 5221 3406 5283 atque
3434 5213 3558 5268 fali-

1961 5306 2112 5367 gata;
2168 5297 2312 5366 quod
2370 5313 2468 5369 per
2525 5299 2691 5353 nimia
2743 5300 2883 5356 solet
2935 5300 3202 5358 desideria
3250 5308 3553 5375 provenire.

1962 5387 2381 5446 Consideremus
2417 5405 2548 5458 ergo
2577 5392 2911 5449 sanctissimi
2942 5394 3195 5453 desiderii
3236 5402 3556 5471 magnitudi-

1963 5495 2108 5546 nem,
2152 5489 2294 5534 tanta
2327 5494 2388 5535 se
2434 5481 2633 5536 mentis
2662 5481 2966 5541 intentione
2995 5487 3269 5559 fatigasse,
3303 5501 3359 5544 ut
3388 5507 3556 5559 nSqne

1962 5574 2027 5628 ad
2056 5573 2321 5628 defectum
2365 5573 2737 5631 felicissimum
2783 5580 3112 5649 perveniret.
3158 5583 3264 5640 Sed
3307 5601 3375 5639 ne
3405 5584 3555 5640 dete-

1961 5672 2078 5720 ctus
2106 5666 2210 5720 iste
2239 5665 2363 5723 ﬁdei
2392 5667 2667 5725 videretur
2711 5685 2956 5738 occasus,
2984 5676 3037 5726 in
3067 5674 3295 5728 salutare
3320 5680 3387 5731 se'
3407 5677 3552 5745 defe-

1962 5758 2089 5811 cisse
2116 5758 2265 5824 dicit,
2298 5761 2442 5829 quod
2474 5761 2697 5820 Hebraea
2738 5764 2915 5837 lingua
2947 5765 3142 5822 dicitur
3177 5767 3353 5821 Jesus.
3393 5769 3457 5823 Et
3486 5784 3553 5825 ne

1961 5851 2150 5929 aliquis
2179 5852 2249 5908 ita
2284 5855 2625 5915 sentiendum
2665 5857 2884 5915 forsitan
2917 5860 3208 5928 dubitatal,
3243 5861 3465 5929 addidit,
3505 5873 3552 5921 et
