4090 6346
529 377 635 434 863

1770 369 1836 422 Μ.
1882 369 1919 421 Α
1932 365 2155 421 L'liELll
2196 363 2588 419 CASSIODORI

3718 365 3818 422 864

529 496 585 550 in
603 494 809 551 verbum
835 506 977 549 tuum
1004 493 1230 564 speravi,
1262 491 1313 545 id
1343 498 1427 545 est
1453 491 1504 543 in
1538 488 1871 556 unigenitum
1903 487 2119 551 Filium,
2151 489 2198 547 Α
2230 485 2443 555 quando
2479 485 2711 540 mundus
2745 485 2848 543 iste
2881 485 3116 553 finietur,
3153 493 3210 540 ut
3249 485 3318 540 de
3349 483 3818 557 persecutoribus,

529 585 622 654 qui
649 595 732 640 est
777 583 870 637 Dei
919 585 1079 636 virtus
1109 590 1156 636 et
1199 579 1296 634 Dei
1321 580 1574 651 sapientia
1605 576 1658 648 (1
1687 577 1805 632 Cor.
1831 593 1867 646 t,
1897 578 2016 648 2i),
2053 577 2119 632 de

530 691 639 748 quo
657 685 713 732 et
740 675 866 730 alibi
896 676 1090 743 legitur
1116 691 1128 728 :
1167 673 1388 728 Verbum
1409 688 1531 726 caro
1557 676 1752 743 factum
1775 681 1872 736 est,
1902 682 1950 725 et
1979 671 2121 724 habi-

531 770 655 824 tavit
679 770 731 822 in
753 768 896 822 nobis
933 767 1117 837 (Joan.
1137 783 1172 832 l,
1215 767 1326 837 li).

601 860 754 914 Vers.
789 860 880 913 82.
919 858 1230 927 ΒεῙεοεηιηε
1269 859 1404 912 oculi
1437 858 1534 911 mei
1574 859 1627 910 in
1664 857 1921 927 eloquium
1952 865 2117 923 tuum,

530 950 754 1006 dicentes
779 964 798 1003 :
834 937 1055 1013 Quando
1088 949 1433 1003 consolaberis
1480 965 1577 1002 me.
1613 948 1892 1018 Repetitur
1919 949 2121 1002 saluta-

530 1041 608 1098 ris
640 1051 694 1096 et
723 1040 1093 1096 conﬁrmativa
1125 1040 1377 1105 defectio,
1415 1055 1534 1109 qua:
1581 1054 1688 1094 non
1715 1039 1782 1092 ab
1815 1038 2122 1093 infirmitate

461 1157 466 1162 ι
530 1133 729 1189 mentis
761 1133 928 1198 venit,
962 1133 1055 1188 sed
1085 1148 1115 1186 a
1143 1133 1376 1202 gloriosa
1406 1132 1583 1200 patius
1608 1130 1774 1184 animi
1809 1130 2001 1184 virtute
2029 1129 2125 1185 de-

530 1223 762 1278 scendit.
807 1223 978 1293 Supra
1025 1223 1166 1277 enim
1199 1222 1354 1288 dixit,
1408 1221 1574 1276 nimio
1599 1220 1870 1276 desiderio
1910 1220 2121 1276 Domini

530 1313 849 1380 Salvatoris,
885 1316 1128 1384 defecisse
1147 1316 1374 1368 animam
1396 1329 1579 1379 suam;
1613 1328 1755 1367 nunc
1787 1313 1964 1367 oculos
2003 1328 2126 1368 cor—

531 1405 614 1460 dis
648 1407 736 1460 tali
765 1406 1058 1461 ambitione
1100 1405 1344 1474 defecisse
1387 1414 1797 1460 commemorat.
1833 1403 1940 1473 lpsi
1980 1404 2124 1459 enim

530 1497 774 1567 suntqui
803 1496 1029 1552 interius
1060 1497 1202 1566 loqui
1236 1503 1482 1565 possunt,
1514 1495 1654 1551 sicut
1698 1495 1953 1564 scriptum
1999 1505 2120 1549 est:

531 1587 760 1644 Ctamavi
798 1590 852 1642 in
892 1597 997 1642 toto
1022 1589 1176 1642 corde
1204 1603 1336 1653 meo,
1370 1588 1558 1642 exaudi
1585 1603 1683 1654 me,
1716 1586 1950 1640 Domine.
1990 1586 2124 1641 Nam

533 1694 659 1734 cum
687 1679 868 1749 lingua
900 1677 1047 1748 loqui
1094 1677 1289 1744 soleat,
1323 1677 1409 1732 hic
1445 1678 1638 1747 legitur
1679 1678 1853 1731 oculos
1893 1677 2124 1732 dixisse:

536 1769 762 1838 Quando
807 1767 1151 1824 consolaberis
1199 1785 1297 1822 me.
1341 1768 1567 1824 Constat
1604 1783 1733 1838 ergo
1760 1769 1948 1823 oculos
1992 1768 2126 1823 istos

535 1950 844 2020 luminaria]
869 1952 1184 2018 intrinseca,
1211 1967 1330 2021 qum
1355 1952 1581 2007 Domino
1605 1952 1899 2007 efficaciter
1920 1953 2122 2022 suppli-

533 2053 660 2098 cant
685 2052 738 2099 et
766 2045 1045 2100 silentiosc
1071 2045 1302 2115 quodam
1324 2060 1576 2101 sermone
1606 2046 1960 2113 proclamant.
1989 2045 2127 2098 Ocu-

539 2136 620 2189 los
645 2135 846 2205 aliquid
875 2136 1062 2200 dicere,
1107 2151 1212 2190 non
1242 2145 1327 2192 est
1355 2137 1656 2191 communis
1685 2145 1777 2189 aut
1808 2137 2000 2191 usitata
2041 2137 2124 2192 lo-

532 2226 706 2292 cutio;
732 2226 828 2281 sed
858 2226 1020 2282 istum
1044 2227 1452 2298 compositionis
1479 2227 1697 2282 modum
1725 2228 2021 2297 Scriptura:
2044 2228 2124 2283 di-

532 2317 672 2372 vina:
702 2332 927 2373 necesse
956 2328 1040 2373 est
1065 2327 1122 2373 nt
1151 2321 1425 2389 proprium
1472 2334 1591 2374 esse
1618 2317 1901 2374 fateamur.
1941 2319 2006 2372 Et
2035 2334 2125 2376 re-

532 2409 682 2478 spice
710 2409 816 2463 vim
845 2410 1104 2480 syllabm:
1133 2409 1199 2463 In
1218 2410 1423 2479 eloquio
1463 2410 1621 2477 dixit,
1655 2425 1760 2464 non
1789 2411 1856 2464 ab
1885 2411 2122 2480 eloquio.

533 2499 766 2568 Deficere
796 2501 940 2557 enim
979 2503 1046 2556 ab
1075 2502 1292 2572 eloquio
1323 2503 1555 2562 Domini.
1581 2503 1742 2557 t0tius
1773 2503 1900 2558 boni
1937 2519 2124 2559 revera

533 2593 761 2662 privatio
791 2603 907 2659 est;
943 2609 1064 2648 nam
1108 2595 1161 2647 in
1203 2595 1408 2660 eloquio
1453 2595 1574 2664 ejus
1617 2595 1858 2663 tte/icere,
1911 2611 2127 2665 semper

533 2697 732 2756 augere
751 2694 854 2739 est.
887 2684 1094 2739 Tandiu
1121 2685 1264 2740 enim
1292 2700 1352 2740 se
1382 2686 1514 2740 dicit
1540 2685 1810 2742 defectum
1847 2689 2006 2742 istum
2039 2703 2128 2741 ro-

533 2773 905 2834 bustissimum
941 2778 1250 2848 pertulisse,
1283 2777 1457 2834 donec
1488 2789 1799 2848 exspectata
1825 2781 2128 2836 iucarnatio

532 2869 746 2926 Domini
777 2871 956 2926 cordis
985 2872 1293 2941 aspectibus
1324 2881 1632 2943 appareret.
1668 2872 1820 2928 Unde
1849 2874 2130 2929 evidenter

533 2960 871 3031 agnoscimus
902 2961 1078 3032 justos
1122 2963 1291 3028 viros,
1337 2962 1442 3018 etsi
1479 2963 1787 3018 carnalibus
1819 2964 1992 3019 oculis
2032 2964 2128 3018 ad-

535 3062 753 3110 ventum
789 3055 1001 3110 Domini
1054 3071 1161 3111 non
1208 3056 1467 3123 viderint,
1515 3057 1636 3111 fidei
1685 3057 1885 3111 lumine
1934 3057 2003 3111 ah
2049 3056 2129 3111 eis

537 3158 751 3214 semper
781 3147 1059 3211 intuitum;
1107 3147 1245 3201 sicut
1292 3155 1346 3202 et
1396 3146 1510 3216 ipse
1555 3146 1817 3201 Dominus
1843 3147 2128 3217 discipulis

2225 577 2278 632 id
2321 587 2406 632 est
2437 577 2656 634 diabolo
2695 595 2815 634 cum
2850 579 3108 635 ministris
3145 579 3290 652 [ωδε.
3315 579 3408 644 Α.,
3441 576 3534 642 B.,
3571 575 3664 641 F.,
3701 575 3823 632 dia-

2225 672 2418 727 bolicis
2467 672 2748 746 ministris]
2789 685 3086 743 praeparata
3126 672 3257 728 ultio
3300 671 3675 741 compleatur;
3712 685 3818 723 υοιι

2221 764 2345 832 quia
2369 763 2492 818 vitm
2521 779 2633 819 sua:
2665 775 2876 832 tempus
2916 765 3136 820 volebat
3163 778 3460 834 agnoscere
3489 781 3502 816 :
3537 761 3632 817 sed
3671 762 3816 816 cele-

2211 853 2441 908 .ritatetn
2467 852 2630 908 futuri
2655 854 2846 924 judicii
2882 855 3232 925 postulabat,
3263 854 3317 908 in
3348 870 3455 922 quo
3495 852 3612 922 jam
3643 852 3821 907 beatis

2224 944 2330 999 erit
2356 946 2603 1015 requies,
2631 957 2684 1001 et
2714 947 2969 1017 gaudium
3013 947 3132 1002 sine
3176 946 3282 1001 fine
3313 961 3650 1000 mansurum.
3700 945 3817 1000 Μοσ

2224 1051 2353 1092 vere
2379 1047 2559 1092 autem
2611 1049 2826 1108 potest,
2870 1054 3038 1109 quare
3068 1039 3230 1095 finem
3261 1039 3447 1094 saeculi
3490 1037 3826 1094 desideravit

2223 1144 2521 1200 agnoscere
2546 1172 2562 1197 ,
2605 1147 2728 1187 cum
2775 1132 2990 1204 legatur
3033 1132 3086 1188 in
3129 1132 3354 1188 Actibus
3399 1132 3771 1201 apostolorum
3807 1149 3820 1184 :

2227 1219 2352 1275 Non
2380 1232 2454 1276 est
2479 1233 2699 1278 vestrum
2727 1227 2859 1280 scire
2885 1235 3118 1297 tempora
3144 1225 3222 1280 vel
3243 1235 3499 1278 momenta
3526 1241 3638 1293 qua:
3663 1222 3823 1278 Pater

2226 1312 2392 1380 posuit
2419 1313 2472 1366 in
2500 1329 2596 1366 sua
2622 1324 2873 1384 potestate
2921 1315 3076 1385 (Act.
3107 1331 3146 1380 ι,
3178 1313 3281 1386 'l)?
3312 1315 3574 1378 Primum,
3607 1314 3732 1382 quia
3763 1323 3821 1368 et

2226 1401 2478 1470 discipuli
2505 1403 2643 1460 hanc
2674 1421 2790 1462 rem
2823 1407 3299 1475 interrogaverunt
3343 1407 3622 1460 Dominum
3650 1402 3818 1459 Chri-

2231 1501 2407 1558 stum;
2434 1504 2489 1549 et
2518 1508 2814 1565 congruum
2862 1497 3001 1560 fuit.
3033 1507 3089 1550 ut
3135 1497 3189 1551 in
3234 1505 3363 1568 typo
3406 1498 3772 1566 apostolorum
3802 1536 3819 1561 ,

2246 1584 2391 1654 quod
2420 1583 2616 1640 dicturi
2646 1597 2824 1653 erant,
2855 1589 3053 1645 cohors
3082 1598 3268 1644 sancta
3301 1589 3631 1656 loqueretur.
3656 1589 3822 1644 Dein-

2235 1673 2325 1742 dc,
2354 1675 2434 1732 sic
2463 1675 2872 1748 intelligendum
2901 1688 3026 1736 est:
3052 1682 3176 1751 quia
3210 1681 3376 1736 finem
3401 1683 3661 1736 malorum
3695 1685 3823 1737 hea-

2231 1775 2316 1822 tus
2345 1769 2573 1837 populus
2598 1771 2910 1839 expetebat,
2939 1789 3099 1843 quem
3143 1774 3244 1830 nisi
3276 1783 3401 1845 post
3433 1775 3618 1829 mundi
3660 1775 3820 1830 istius

447 1897 452 1900 -
532 1875 658 1917 esse
687 1861 1096 1926 intellectuales,
1127 1861 1178 1917 id
1202 1871 1284 1917 est
1307 1861 1508 1916 lumina
1532 1862 1712 1917 cordis
1735 1860 1881 1933 [mss.
1915 1862 2004 1929 A.,
2029 1860 2120 1930 B.,
2157 1857 2206 1917 B
2235 1857 2520 1912 terminum
2552 1858 2740 1914 videre
2769 1875 2877 1915 non
2905 1870 3138 1931 poterat.

2300 1947 2454 2004 Vers.
2487 1947 2576 2003 85.
2605 1949 2959 2007 Narraverunt
2983 1951 3109 2006 mihi
3135 1952 3300 2021 iniqui
3329 1951 3674 2024 fabulationes
3695 1994 3711 2018 ,
3735 1953 3824 2008 sed

2226 2055 2331 2092 non
2360 2049 2414 2094 ut
2443 2038 2528 2094 lea:
2558 2050 2670 2106 tua,
2696 2030 2916 2099 Domine
2937 2043 3182 2116 [Domine
3209 2045 3364 2100 abest
3388 2060 3417 2098 a
3449 2061 3584 2100 mss.
3615 2046 3705 2109 A.,
3733 2045 3820 2113 B.,

2227 2129 2336 2202 F.].
2363 2128 2540 2203 Iniqui
2568 2144 2696 2190 sunt
2719 2135 2998 2192 evidenter
3025 2137 3292 2205 haeretici,
3325 2137 3411 2192 vel
3453 2135 3655 2203 Judaei,
3688 2152 3821 2207 quo-

2227 2237 2345 2277 rum
2379 2237 2630 2291 perversa
2656 2225 2954 2297 loquacitas
2983 2229 3170 2283 nescio
3195 2242 3331 2297 quas
3368 2228 3471 2282 sibi
3499 2244 3722 2284 narrare
3747 2230 3824 2281 vi-

2231 2316 2394 2372 detur
2421 2316 2672 2386 ineptias,
2721 2318 2940 2388 quando
2970 2320 3159 2374 relicto
3203 2321 3392 2376 ordine
3422 2321 3662 2376 veritatis
3688 2362 3703 2386 ,
3739 2321 3820 2376 in-

2230 2409 2582 2466 ventionibus
2605 2410 2906 2480 probantur
2933 2411 3150 2466 studere
3181 2411 3506 2468 falsissimis.
3537 2411 3660 2467 ll:ec
3688 2423 3819 2467 sunt

2229 2513 2259 2553 a
2287 2500 2406 2569 lege
2436 2500 2651 2555 Domini
2680 2502 2902 2556 omnino
2940 2501 3328 2570 discrepantia,
3359 2502 3572 2573 quando
3600 2503 3687 2557 illa
3721 2518 3822 2556 ve-

2230 2593 2444 2646 ritatem
2491 2593 2723 2658 docent,
2757 2594 2846 2648 isti
2878 2594 3124 2648 nituntur
3171 2594 3401 2650 suadere
3441 2596 3700 2650 fallacias.
3733 2594 3822 2648 ln-

2231 2683 2478 2753 telligite,
2510 2684 2816 2751 dementes,
2847 2686 2940 2756 qui
2970 2701 3000 2740 a
3028 2686 3257 2742 veritate
3289 2688 3553 2742 catholica
3583 2687 3818 2742 discedi-

2234 2773 2328 2840 tis,
2361 2773 2613 2844 dogmata
2649 2785 2829 2832 vestra
2860 2776 3112 2832 inanibus
3137 2778 3334 2833 fabulis
3359 2788 3694 2848 comparata.
3726 2777 3822 2837 Cui

2231 2879 2328 2919 vos
2355 2865 2568 2934 placere
2600 2865 2728 2937 [ed.,
2754 2869 3119 2941 complacere]
3141 2869 3383 2937 creditis,
3407 2886 3528 2925 cum
3559 2887 3590 2925 a
3615 2871 3825 2940 Spiritu

2231 2964 2421 3010 sancto
2447 2964 2669 3011 notatos
2700 2973 2797 3012 vos
2822 2958 2915 3014 tali
2945 2961 3163 3016 nomine
3187 2960 3465 3015 sentiatis?

2303 3047 2460 3105 Vers.
2486 3049 2574 3106 86.
2611 3049 2799 3106 Omnia
2827 3053 3075 3107 mandata
3104 3063 3193 3108 tua
3220 3055 3406 3108 veritas
3429 3068 3447 3104 :
3477 3053 3634 3122 iniqui
3655 3069 3828 3125 perae.

2233 3139 2338 3193 cuti
2362 3149 2483 3195 sunt
2508 3158 2608 3209 me,
2639 3144 2830 3215 adjuva
2861 3160 2958 3199 me.
2991 3145 3190 3200 Contra
3223 3143 3354 3198 illud
3379 3143 3525 3213 quod
3555 3143 3624 3198 de
3654 3143 3828 3199 tumre-

536 3237 647 3292 suis
676 3238 727 3291 in
770 3236 1060 3308 Evangelio
1091 3237 1222 3292 dicit
1250 3255 1260 3290 :
1291 3238 1552 3292 Abraham
1574 3240 1763 3307 cupivit
1793 3239 1965 3294 videre
1991 3240 2124 3293 diem
2155 3234 2200 3298 C
2237 3235 2357 3290 ticis
2380 3235 2516 3290 dixit
2551 3253 2564 3288 :
2601 3235 2959 3291 Narraverunt
2980 3237 3108 3290 mihi
3129 3237 3290 3308 iniqui
3329 3236 3716 3306 tabulationes;
3745 3237 3828 3293 hic

536 3344 729 3390 meum,
750 3329 896 3395 vidit,
918 3339 966 3382 et
988 3330 1192 3398 gavisus
1217 3339 1290 3384 est
1316 3327 1496 3400 (Joan.
1522 3345 1638 3395 vm,
1664 3329 1778 3400 56).

614 3417 771 3472 Vers.
809 3421 898 3474 85.
927 3419 1064 3486 Quia
1089 3420 1260 3488 factus
1285 3437 1397 3476 sum
1419 3423 1550 3476 sicut
1574 3431 1686 3476 uter
1711 3423 1766 3477 in
1793 3424 1982 3494 pruina
2009 3441 2028 3479 :
2043 3426 2135 3497 ju-

538 3509 870 3580 stiﬁcationes
901 3520 1014 3566 tuas
1055 3528 1156 3567 non
1183 3530 1296 3568 sum
1339 3514 1548 3570 oblitus.
1579 3517 1839 3582 Quoniam
1871 3519 2130 3586 superius

538 3617 601 3658 se
624 3593 885 3672 petiverat
913 3606 1336 3672 consolandum;
1381 3623 1527 3663 nunc
1567 3624 1786 3664 causam
1829 3610 2005 3665 reddit
2035 3627 2134 3666 cur

537 3693 646 3750 illis
678 3693 933 3749 Dominus
955 3695 1147 3752 debeat
1169 3698 1475 3754 subvenire.
1513 3698 1638 3754 Uter
1660 3701 1714 3753 in
1737 3703 1924 3768 pruina
1954 3704 2134 3758 nativo

539 3785 720 3842 calore
748 3785 1017 3855 desertus,
1057 3789 1270 3858 glaciali
1301 3791 1478 3860 rigore
1517 3793 1874 3857 contrahitur,
1901 3795 1979 3848 sic
2006 3811 2131 3850 cor-

536 3890 638 3949 pus
664 3889 973 3935 sanctorum
1003 3881 1276 3938 incentivo
1308 3883 1560 3939 vitiorum
1606 3887 1788 3942 calore
1815 3895 2130 3955 vacuatum,

539 3967 806 4027 beneficio
835 3974 1206 4029 conversionis
1235 3976 1552 4044 attrahitur;
1601 3987 1808 4033 etcum
1849 3980 1929 4034 sic
1966 3980 2132 4036 fuerit

538 4059 682 4117 felici
724 4073 874 4120 sorte
904 4073 1256 4132 maceratum,
1299 4069 1551 4137 provenit
1591 4072 1733 4139 quod
1779 4073 2042 4140 sequitur,
2078 4081 2136 4126 ut

539 4153 934 4226 iustiﬁcationes
1000 4157 1215 4212 Domini
1287 4161 1458 4228 possit
1510 4161 1819 4219 nullatenus
1879 4162 2130 4218 oblivisci.

545 4242 671 4300 Uter
697 4246 843 4302 enim
883 4262 1080 4318 corpus
1124 4251 1350 4306 mortale
1389 4251 1672 4322 significat,
1707 4255 1898 4323 pruina
1924 4254 2132 4310 benefl-

538 4335 683 4391 cium
714 4336 873 4408 411
906 4340 1279 4396 conversionis
1310 4342 1455 4414 [mss.
1489 4343 1574 4409 A.,
1602 4343 1691 4410 B.,
1717 4343 1810 4411 F.,
1837 4359 2130 4400 conversa-

544 4425 732 4499 tionis]
755 4429 1011 4498 ostendit,
1045 4445 1142 4501 per
1163 4447 1322 4502 quam
1352 4435 1557 4499 evenit,
1597 4443 1656 4490 ut
1681 4450 1810 4490 caro
1838 4447 2022 4492 nostra
2049 4437 2133 4492 la-

541 4521 777 4577 sciviens
807 4521 1102 4579 afflictione
1144 4527 1476 4595 poenitentia:
1501 4529 1869 4584 contrahatur.
1901 4529 2130 4586 Tantum

2237 3329 2527 3400 profitetur
2548 3331 2722 3385 omnia
2746 3332 2997 3384 mandata
3025 3331 3234 3387 Domini
3261 3346 3388 3386 esse
3417 3333 3702 3386 veritatem.
3729 3330 3829 3384 Ve-

2239 3421 2369 3475 ritas
2395 3422 2536 3477 enim
2568 3437 2756 3477 verum
2790 3422 3066 3491 loquitur;
3099 3422 3191 3477 sed
3225 3421 3411 3491 perfidi
3441 3437 3561 3476 eam
3592 3423 3856 3492 quibus“

2235 3511 2359 3567 dam
2382 3513 2592 3569 nebulis
2607 3513 2884 3568 obcaecare
2905 3512 3257 3568 contendunt.
3274 3512 3531 3582 Sequitur
3543 3513 3716 3584 enim,
3740 3513 3828 3566 ini~

2236 3622 2321 3677 qut
2343 3607 2593 3677 persecuti
2620 3615 2862 3675 suntme,
2897 3606 3108 3660 scilicet
3125 3605 3364 3675 jubendo
3397 3620 3675 3674 perversa,
3699 3607 3828 3660 falsa

2237 3697 2516 3750 suadendo
2537 3739 2554 3764 ,
2586 3705 2641 3753 et
2667 3712 2994 3766 quocunque
3021 3698 3182 3753 modo
3212 3697 3651 3768 persequentium
3682 3713 3828 3768 gras-

2236 3788 2346 3843 sari
2377 3789 2515 3843 solet
2542 3787 2817 3864 iniquitas.
2853 3790 3100 3860 Adjecit,
3147 3791 3339 3862 adjuva
3370 3807 3481 3857 me,
3514 3790 3669 3860 quasi
3699 3805 3831 3844 con-

2238 3887 2318 3932 tra
2352 3877 2643 3934 immanem
2670 3879 2931 3945 belluam,
2962 3879 3170 3934 hostem
3205 3877 3631 3934 crudelissimum
3659 3918 3675 3944 ,
3710 3879 3830 3934 leo—

2238 3985 2360 4026 nem
2391 3985 2615 4038 stevum,
2644 3981 2700 4028 et
2729 3981 2931 4028 caetera
2959 3987 3081 4043 qua:
3113 3985 3212 4027 nos
3255 3971 3424 4026 vitare
3451 3970 3686 4040 suspicio
3715 3971 3832 4026 for-

2236 4061 2505 4117 midolosa
2527 4064 2827 4134 compellit.

2300 4152 2456 4210 Vers.
2475 4156 2566 4210 87.
2593 4155 2761 4210 Paulo
2777 4156 2946 4212 minus
2967 4163 3448 4211 consummaverunt
3477 4170 3554 4209 me
3575 4154 3630 4208 in
3653 4162 3791 4208 terra
3810 4167 3831 4209 :

2235 4264 2328 4320 ego
2350 4257 2520 4302 autent
2542 4263 2645 4303 non
2673 4249 2921 4320 dereliqui
2948 4249 3194 4304 mandata
3219 4258 3326 4302 tua.
3345 4247 3478 4303 Cum
3506 4245 3670 4302 dicit:
3695 4245 3832 4300 Pau-

2237 4337 2289 4391 lo
2309 4338 2477 4391 minus
2510 4349 2988 4393 consummaverunt
3006 4355 3102 4406 me,
3123 4348 3179 4395 et
3207 4341 3542 4395 nimietatem
3573 4352 3831 4407 persecu-

2237 4427 2398 4484 tionis
2428 4429 2697 4496 ostendit,
2741 4439 2796 4484 et
2842 4445 2904 4485 se
2933 4441 3109 4486 tamen
3158 4445 3265 4486 non
3305 4429 3574 4485 defecisse
3623 4429 3831 4484 Domini

2238 4537 2464 4578 munere
2493 4522 2810 4592 declaravit.
2851 4523 3087 4579 Verbum
3118 4533 3296 4580 autem
3327 4529 3832 4584 consummaverunt,

544 4613 689 4668 enim
717 4616 916 4671 crescit
940 4616 1086 4672 calor
1117 4617 1266 4684 fidei,
1295 4629 1550 4689 quantum
1579 4619 1648 4676 de
1675 4621 1891 4675 ﬂamma
1925 4622 2128 4678 subtra-

2239 4623 2294 4669 et
2322 4615 2712 4685 perfectionem
2738 4615 3004 4686 signiﬁcat
3033 4623 3090 4670 et
3115 4614 3422 4680 defectum;
3453 4622 3510 4668 ut
3540 4613 3586 4668 si
3615 4614 3726 4667 vim
3758 4610 3831 4666 rei

539 4699 687 4762 ~ctum
718 4707 877 4764 fuerit
924 4711 1216 4781 corporali.
1248 4710 1354 4768 Sed
1402 4723 1516 4768 uter
1563 4713 1664 4768 iste
1702 4712 1982 4769 beatorum
2024 4726 2130 4785 est,

541 4803 634 4872 qui
665 4801 898 4857 animam
931 4804 1278 4860 confitentem
1311 4805 1378 4861 de
1408 4806 1622 4877 propria
1648 4806 1776 4862 facit
1805 4808 2134 4864 contritione

449 4931 470 4951 κ
543 4892 825 4962 proficere.
879 4893 990 4950 Nec
1032 4897 1272 4952 aestimes
1321 4896 1639 4953 indecorum
1689 4899 1840 4952 vivos
1886 4897 2133 4954 homines

546 4984 741 5038 utribus
778 4996 1141 5056 comparatos,
1170 5001 1291 5042 cum
1325 4987 1584 5043 Dominus
1631 4988 1682 5042 in
1725 4988 2016 5059 Evangelia
2046 4989 2131 5044 di-

547 5082 634 5126 cat
659 5073 725 5128 de
757 5077 1138 5144 praedicatione
1175 5078 1298 5134 fidei
1339 5078 1652 5134 locuturus:
1681 5077 1852 5133 Nemo
1888 5080 2039 5133 mittit
2063 5080 2138 5133 vi-

548 5177 676 5220 num‘
697 5184 878 5222 novum
900 5172 955 5224 in
985 5182 1119 5227 utres
1146 5182 1356 5238 veteres,
1382 5173 1612 5243 alioquin
1635 5183 1947 5243 rumpuntur
1973 5183 2133 5241 utres,

548 5267 599 5311 et
622 5261 796 5314 vinum
825 5262 1129 5331 elfunditur,
1163 5276 1208 5320 et
1249 5276 1388 5322 utres
1419 5267 1690 5333 peribunt;
1725 5269 1815 5321 sed
1837 5268 2012 5322 vinum
2038 5285 2135 5324 no-

549 5365 666 5405 vum
701 5353 754 5406 in
795 5359 933 5408 utres
982 5371 1136 5410 novos
1176 5358 1403 5424 mittunt,
1436 5366 1482 5412 et
1511 5361 1659 5413 ambo
1705 5361 2136 5415 conservabuntur

549 5438 768 5511 (Matth.
794 5459 867 5512 ix,
898 5444 1008 5515 t7).

621 5533 780 5592 Vers.
805 5536 895 5593 84.
925 5536 1060 5602 Quot
1089 5548 1208 5593 sunt
1235 5541 1343 5597 dies
1361 5543 1490 5597 servi
1518 5542 1592 5597 tui
1628 5541 1763 5615 [ed.,
1801 5559 1944 5598 servo
1975 5541 2083 5614 tuo]
2118 5559 2133 5598 :

549 5626 756 5697 quando
782 5627 940 5697 facies
967 5627 1030 5683 de
1058 5631 1468 5702 persequentibus
1503 5647 1584 5686 me
1603 5632 1901 5702 judicium?
1941 5631 2135 5687 Sciens

549 5724 858 5773 sanctorum
886 5727 1060 5774 coitus
1100 5736 1270 5790 usque
1296 5719 1362 5775 ad
1390 5721 1550 5777 finem
1583 5722 1766 5777 smculi
1809 5720 2136 5778 teutationi-

552 5807 652 5866 bus
675 5810 958 5870 diabolicis
987 5816 1227 5872 membra
1259 5813 1466 5872 Domini
1498 5813 1798 5893 subjacere,
1829 5813 2132 5885 interrogat

2241 4706 2529 4778 diligenter
2576 4707 2828 4762 intendas
2853 4749 2870 4775 ,
2917 4708 3086 4778 magis
3112 4722 3209 4762 eos
3238 4705 3507 4776 perfectos
3547 4703 3720 4760 fuisse
3744 4717 3832 4759 co-

2240 4815 2489 4870 gnosces,
2519 4801 2663 4856 sicut
2691 4801 3035 4870 Evangelinm
3076 4799 3243 4856 dicit:
3279 4798 3711 4855 Consummatum
3737 4807 3829 4863 est,

2241 4893 2295 4947 id
2325 4902 2409 4948 est
2438 4895 2735 4963 perfectum
2776 4903 2894 4949 est:
2931 4892 2997 4948 Et
3026 4893 3135 4948 haec
3163 4894 3360 4960 dicens,
3391 4894 3559 4948 emisit
3589 4894 3832 4965 spiritum

2243 4986 2419 5060 (Joan.
2455 5004 2564 5055 nx,
2596 4987 2711 5058 39).
2740 4987 2796 5044 Si
2829 5002 2957 5042 vero
2987 4995 3198 5056 strages
3221 4987 3570 5042 morientium
3600 4987 3831 5056 cogites,

2241 5093 2380 5150 pene
2419 5089 2796 5134 consummatos
2846 5077 3349 5134 immisericorditer
3395 5077 3740 5142 asumabis.
3769 5076 3833 5129 In

2240 5178 2393 5235 terra,
2427 5171 2478 5224 in
2513 5170 2615 5225 hoc
2640 5171 2860 5234 saeculo,
2886 5167 2976 5224 ubi
3007 5179 3275 5239 martyres
3331 5167 3694 5238 pertulerunt.
3723 5167 3834 5222 Ad-

2241 5260 2412 5329 didit,
2443 5277 2536 5332 ego
2564 5270 2736 5316 autem
2781 5276 2884 5315 non
2924 5260 3174 5332 dereliqui
3204 5261 3452 5314 mandata
3477 5269 3598 5324 tua;
3627 5259 3836 5314 scilicet

2243 5361 2302 5408 ut
2329 5367 2500 5424 usque
2523 5354 2589 5408 ad
2624 5354 2785 5408 finem
2825 5352 2943 5422 ejus
2990 5350 3290 5407 constantia
3321 5350 3668 5422 perveniret,
3697 5349 3836 5404 sicut

2244 5445 2438 5516 legitur
2469 5463 2481 5498 :
2515 5446 2616 5512 Qui
2637 5444 3030 5515 perseveraverit
3059 5459 3217 5515 usque
3240 5444 3297 5498 in
3325 5443 3478 5513 ﬁnem
3502 5483 3518 5509 ,
3551 5443 3638 5496 hic
3668 5440 3836 5496 salvus

2244 5537 2339 5592 erit
2369 5535 2587 5607 (Matth.
2616 5551 2674 5602 κ,
2698 5535 2814 5608 22).

2321 5627 2475 5683 Vers.
2518 5625 2608 5682 88.
2657 5625 2957 5682 Secundum
3000 5625 3403 5680 misericordiam
3445 5635 3589 5679 tuam
3634 5623 3839 5692 vivi/ica

2248 5737 2347 5788 me,
2374 5728 2418 5775 et
2441 5716 2731 5774 custodiam
2769 5718 3060 5773 testimonia
3086 5719 3191 5772 oris
3221 5717 3317 5772 tui.
3353 5717 3479 5772 Post
3502 5713 3838 5770 desiderium

2248 5812 2519 5884 singulare
2544 5810 2758 5868 Domini
2780 5810 3114 5877 Salvatoris,
3150 5819 3272 5882 post
3321 5807 3672 5864 afflictionem
3712 5817 3832 5859 cor-
