4090 6346
205 365 305 421 8C5

1112 339 1470 401 EXPOSITIO
1509 338 1571 393 IN
1614 327 2070 391 ιιεΑιτιῖιιμυιι.
2112 321 2305 380 PSAL.
2344 319 2574 375 C.\'Vlll.

3388 309 3494 365 866

206 478 350 549 poris
396 472 529 529 utris
581 466 932 525 similitudine
976 462 1342 525 declaratam;
1393 464 1514 527 post
1564 452 1804 523 gloriosa
1840 451 1883 508 Α
1916 442 2170 498 sarculum
2200 440 2252 493 iu
2283 434 2640 506 patriarcbis,
2684 438 2782 487 nec
2830 427 3125 484 secundum
3156 426 3209 480 in
3239 421 3498 495 apostolis

1454 547 1499 549 ,_
1607 546 1617 549 _
1976 537 1988 549 .
2094 548 2097 549 ,
2132 532 2144 549 ι
2267 528 2346 549 ---1
2383 540 2678 549 μ-..μ.-..-..-
2706 523 2963 549 unus...“
3023 520 3153 549 Nam
3197 517 3240 549 ος
3280 518 3381 549 tum
3427 512 3492 549 ml

208 546 462 638 supplicia
489 562 793 632 passionum
825 558 1034 611 videtur
1056 563 1241 624 petere
1268 567 1328 605 se
1358 546 1647 607 viviﬁcari,
1680 552 1798 595 tan-

209 636 363 733 quam
392 656 565 712 adhuc
596 668 701 707 non
728 652 904 715 vivat;
935 657 982 703 et
1010 646 1392 701 custoditurum
1422 655 1482 695 se
1512 636 1804 691 testimonia

210 727 309 807 oris
339 748 552 807 Domini
585 746 901 816 pollicetur,
956 740 1106 796 velut
1144 737 1319 791 adhuc
1366 748 1472 788 non
1517 727 1802 785 custodiat.

210 846 309 901 Sed
338 841 539 909 rivi/ica
563 853 641 889 me
669 835 824 901 dixit,
850 833 902 887 in
928 832 1018 886 illa
1042 844 1128 883 me
1148 837 1349 882 asterna
1374 824 1479 877 vita
1503 819 1795 881 constitue,

213 936 301 990 ubi
333 931 535 989 sanctis
559 930 666 983 vita
694 936 796 989 est,
827 925 953 994 quia
984 922 1130 977 nulla
1163 916 1547 973 contrarietate
1580 911 1799 981 pulsan—

216 1043 323 1085 tur.
356 1024 510 1093 Quod
535 1034 711 1079 autem
739 1019 894 1084 dixit,
927 1015 1213 1070 custodiam
1240 1007 1527 1064 testimonia
1558 1005 1662 1057 oris
1695 1002 1810 1066 tui;

218 1138 320 1177 non
352 1119 475 1190 quia
507 1117 559 1170 in
585 1112 839 1185 prmsenti
871 1124 974 1163 non
1005 1103 1377 1165 custodiebat,
1419 1098 1513 1153 sed
1541 1110 1711 1165 usque
1737 1094 1806 1147 ad

219 1189 381 1266 ﬁnem
408 1208 534 1262 vita:
578 1220 688 1258 sua:
729 1201 1017 1269 adiuvante
1066 1193 1295 1250 Domino
1324 1189 1714 1246 custoditurum
1746 1200 1807 1239 se

223 1306 350 1359 talia
373 1299 739 1374 promittebat.
766 1294 913 1360 Sive,
944 1300 1003 1346 ut
1030 1287 1346 1357 quibusdam
1381 1284 1573 1352 placet,
1601 1288 1813 1333 sancto-

223 1415 340 1457 rum
365 1373 470 1451 vox
500 1403 583 1448 est
605 1391 695 1461 qui
726 1387 1044 1458 martyrium
1091 1378 1507 1444 desiderabant,
1533 1375 1623 1445 qui
1657 1373 1815 1443 paulo

225 1504 346 1550 ante
374 1492 626 1545 dixerunt
655 1504 668 1538 :
705 1484 879 1552 Iniqui
902 1480 1157 1551 persecuti
1181 1486 1299 1531 sunt
1336 1491 1437 1538 me,
1469 1472 1662 1541 adjuva
1694 1481 1815 1529 me;

227 1585 468 1657 sequitur
515 1580 675 1637 etiam
704 1619 718 1643 ,
764 1578 918 1648 paulo
943 1575 1114 1627 minus
1146 1570 1621 1624 consummaverunt
1657 1576 1735 1614 me
1766 1559 1820 1610 in

229 1655 408 1740 terra;
438 1673 666 1741 ideoque
695 1667 758 1723 ad
775 1664 1098 1722 desiderium
1128 1658 1374 1729 martyrii
1403 1655 1670 1709 :cstitnant
1698 1665 1821 1705 esse

235 1762 601 1822 referendum.
652 1760 754 1830 Ipsi
788 1756 932 1811 enim
974 1751 1220 1821 viviﬁcari
1254 1764 1313 1803 se
1358 1752 1609 1816 petebant
1647 1749 1821 1795 morte

1908 537 1988 588 vel
2018 532 2245 588 credere
2267 528 2349 582 vel
2379 540 2679 599 permanere
2706 523 2990 590 potuisset.
3022 520 3154 574 Nam
3197 517 3242 573 si
3279 518 3382 571 hoc
3427 512 3496 569 ad

1914 634 2114 680 terram
2148 620 2354 676 releras
2385 615 2743 671 universalem
2771 654 2786 679 ,
2816 628 2935 682 qum
2967 609 3196 665 mirabili
3247 606 3390 661 mole
3418 604 3500 658 ie-

1911 718 2056 787 gitur
2093 727 2217 768 esse
2264 723 2523 777 suSpensa
2549 748 2564 773 ,
2610 702 3060 776 quemadmodum
3100 713 3219 756 eam
3259 699 3503 753 dicamus

1914 818 2260 876 permanere,
2292 815 2451 871 quam
2484 798 2792 854 mutandam
2826 804 2884 851 ut
2910 795 3105 850 coelum
3140 790 3298 848 lecﬁo
3319 789 3503 843 divina

1913 874 2238 933 conﬁrmat?

1986 947 2143 1002 Vers.
2178 945 2267 998 ﬁl.
2305 940 2646 1021 ordinatione
2667 948 2755 992 tua
2787 943 3069 1008 perseverat
3092 934 3229 998 dies,
3260 930 3505 1001 quoniam

1917 1036 2092 1091 omnia
2122 1020 2353 1088 serviunt
2373 1032 2480 1085 tibi.
2507 1029 2732 1098 Quoties
2746 1025 3008 1096 singulari
3032 1037 3256 1078 numero
3276 1020 3383 1074 dies
3411 1033 3507 1088 po-

1916 1130 2079 1192 nitur,
2104 1134 2363 1181 venturus
2396 1124 2483 1178 ille
2504 1121 2860 1192 significatur,
2885 1117 2972 1187 qui
2999 1131 3135 1171 unus
3163 1128 3325 1183 atque
3348 1120 3507 1167 aeter-
3567 1140 3577 1148 -

1918 1235 2019 1274 nus
2047 1227 2131 1272 est
2158 1226 2213 1271 et
2241 1232 2346 1270 non
2374 1214 2537 1267 habet
2564 1222 2777 1266 noctem
2810 1227 2824 1263 :
2857 1210 2925 1265 de
2952 1223 3057 1278 quo
3084 1209 3344 1277 scriptum
3377 1213 3459 1260 est
3486 1221 3500 1259 :

1920 1314 1985 1369 Et
2006 1315 2101 1368 erit
2132 1311 2236 1365 illis
2286 1309 2539 1362 Dominus
2581 1306 2750 1360 lumen
2782 1312 3030 1358 veternum
3060 1301 3207 1373 (lsa.
3239 1316 3305 1355 ιι
3332 1340 3348 1365 ,
3383 1300 3508 1367 l9).

1923 1408 1990 1462 Et
2016 1422 2083 1460 ne
2112 1404 2233 1475 quis
2261 1402 2329 1457 de
2357 1408 2503 1455 tanto
2534 1398 2798 1453 miraculo
2822 1395 3065 1451 crederet
3103 1391 3510 1463 disputandum,

1920 1498 2127 1555 addidit
2152 1496 2286 1567 [ed.,
2316 1490 2560 1561 adiecit],
2584 1489 2756 1542 omnia
2786 1488 2971 1541 servire
3006 1484 3271 1550 Creatori,
3299 1483 3389 1553 qui
3416 1498 3512 1551 pro

1921 1606 2015 1646 sua
2040 1589 2319 1645 voluntate
2348 1594 2402 1639 et
2431 1580 2747 1650 temporalia
2776 1588 2831 1633 et
2861 1586 3063 1631 teterna
3105 1576 3365 1645 disponit.
3405 1574 3513 1629 Po-

1931 1688 2035 1734 test
2065 1686 2242 1731 autem
2281 1675 2351 1729 de
2393 1672 2698 1727 inﬁdelibus
2727 1667 2983 1723 nonnulla
3012 1665 3237 1735 quaestio
3274 1664 3475 1719 oboriri
3499 1704 3515 1727 ,

1926 1774 2017 1843 qui
2044 1787 2147 1826 non
2175 1768 2421 1823 videntur
2448 1765 2634 1819 servire
2657 1762 2907 1827 Domino,
2939 1759 3155 1829 quando
3186 1760 3254 1812 ab
3278 1756 3394 1826 eius
3423 1756 3517 1810 de-

236 1855 490 1928 B‘oriosn’
517 1861 576 1906 ut
598 1846 893 1902 amittendo
931 1858 1029 1914 pro
1071 1841 1175 1895 “de
1206 1840 1342 1893 ¹¹³¹¹⁰
1369 1837 1530 1891 mam
1564 1874 1578 1898 '
1611 1845 1823 1928 mm‘f'
1860 1839 1900 1896 Β
1931 1837 2146 1919 votione
2167 1859 2383 1915 discreti
2414 1864 2559 1910 sunt.
2589 1854 2697 1910 Sed
2738 1862 2791 1908 et
2832 1851 2933 1922 ipsi
2962 1851 3190 1905 serviunt
3221 1864 3342 1904 cum
3370 1846 3518 1918 iudi-

240 1957 429 2003 rentur
459 1942 697 2012 requiem
747 1939 1165 2006 sempiternam;
1196 1940 1251 1987 et
1298 1941 1420 1985 tunc
1465 1928 1640 1998 potius
1679 1923 1822 1978 acci-

246 2047 435 2111 perent
462 2037 696 2090 honores
723 2041 953 2087 azternos
975 2071 990 2095 ,
1020 2042 1143 2081 cum
1173 2040 1266 2080 eos
1298 2022 1487 2093 perﬁdi
1526 2019 1826 2074 credebant

244 2145 361 2185 esse
389 2135 758 2193 consumptos.
810 2120 1175 2175 Considerans
1224 2112 1828 2189 tamenimbccillitates

244 2222 528 2283 humanas,
553 2215 694 2270 ἰδῑιιιέ
727 2214 853 2269 dicit
878 2213 1158 2265 secundum
1182 2206 1590 2260 misericordiam
1621 2200 1829 2256 Domini

251 2311 615 2373 tribuendum,
646 2308 733 2376 qui
763 2312 975 2359 mortua
999 2300 1267 2366 viviﬁcat,
1312 2308 1367 2353 et
1406 2295 1673 2351 imbecilla
1703 2308 1832 2347 con-

253 2405 451 2459 ﬁrmat.

320 2493 475 2548 Vers.
510 2490 748 2545 89—xn.
781 2487 989 2541 Lutto.
1022 2482 1088 2537 In
1114 2492 1363 2537 internum
1383 2522 1399 2548 ,
1433 2478 1653 2532 Domine
1674 2520 1689 2544 ,
1717 2494 1836 2531 ver-

255 2586 369 2637 bum
395 2593 538 2635 tuum
564 2588 821 2649 permanet
850 2579 902 2630 in
932 2577 1073 2629 caelo.
1102 2574 1179 2627 Ad
1205 2572 1577 2626 duodecimam
1608 2570 1837 2623 litteram

254 2681 407 2751 plebs
429 2679 666 2734 cmlestis
688 2675 925 2737 advenit,
948 2675 999 2726 in
1023 2686 1124 2741 qua
1151 2670 1399 2723 virtutem
1432 2666 1645 2721 Domini
1678 2663 1839 2716 facta-

255 2789 361 2843 que
390 2771 719 2831 describens,
760 2767 892 2820 dicit
934 2765 1113 2818 omnia
1148 2760 1464 2828 temporalia
1491 2758 1651 2811 ﬁnem
1679 2768 1842 2823 posse

256 2863 565 2929 suscipere;
594 2859 840 2912 mandata
873 2870 999 2910 vero
1028 2854 1145 2923 eius
1190 2865 1523 2921 nequaquam
1556 2847 1843 2903 terminum

258 2953 516 3021 reperire.
541 2950 645 3005 Sed
670 2950 916 3017 quoniam
940 2948 1186 3015 superius
1208 2944 1422 2999 dixerat
1446 2960 1458 2995 :
1495 2942 1664 2994 Paulo
1683 2940 1849 2992 minus

263 3051 732 3097 consummaverunt
773 3055 849 3092 me
898 3039 948 3090 in
979 3047 1115 3089 terra
1141 3079 1155 3100 ,
1202 3034 1498 3088 admiratus
1554 3032 1848 3100 potentiam

267 3132 495 3200 Domini,
529 3131 618 3201 qui
644 3147 750 3184 non
781 3129 1042 3197 permittit
1073 3130 1275 3181 statum
1301 3121 1561 3178 Ecclesim
1608 3120 1853 3191 quamvis

1926 1964 2154 2017 cantur;
2183 1968 2288 2006 non
2311 1950 2455 2003 enim
2479 1948 2613 2002 liber
2636 1944 2946 2007 dimittitur,
2970 1942 3058 2011 qui
3083 1939 3382 2009 puniendus
3401 1953 3521 1993 esse

1929 2054 2287 2103 monstratur.
2344 2041 2472 2095 Sive
2498 2079 2512 2104 ,
2554 2037 2769 2104 omnia,
2813 2034 3117 2103 intelligere
3163 2032 3421 2087 debemus
3458 2029 3522 2084 de

1930 2142 2122 2212 quibus
2144 2136 2490 2206 l0quebatur,
2522 2133 2718 2203 quibus
2766 2129 2882 2185 dies
2911 2138 3200 2198 perpetuus
3232 2126 3370 2191 erit;
3402 2125 3524 2196 quia

1934 2229 2262 2288 inﬁdelitatis
2291 2226 2540 2281 tenebras
2568 2224 2712 2278 nullo
2742 2230 2984 2289 tempore
3013 2220 3306 2289 patiuntur.

2005 2325 2161 2380 Vers.
2188 2322 2278 2378 92.
2314 2320 2433 2375 Nisi
2460 2319 2595 2389 quod
2624 2320 2707 2373 lea:
2735 2328 2823 2372 tua
2847 2317 3112 2371 meditatio
3136 2333 3247 2369 mea
3288 2324 3382 2381 est,
3411 2324 3526 2368 tunc

1939 2423 2070 2489 forte
2100 2417 2365 2488 periissem
2397 2415 2449 2467 in
2481 2412 2769 2466 humilitate
2796 2428 2926 2464 mea.
2981 2409 3099 2463 Nisi
3146 2409 3406 2464 beneﬁcia
3453 2408 3528 2463 le-

1947 2512 2087 2582 galis
2115 2506 2481 2563 meditationis
2511 2502 2806 2570 habuisset,
2843 2510 2899 2554 ut
2932 2501 3102 2569 pix-nis
3149 2514 3261 2565 non,
3284 2498 3528 2564 cederet,

1948 2611 2004 2657 et
2032 2599 2386 2656 constantiam
2428 2595 2551 2649 ﬁdei
2580 2593 2935 2663 periculorum
2980 2590 3325 2660 despectione
3351 2604 3533 2643 serva-

1946 2700 2046 2757 ret,
2074 2692 2215 2745 inter
2244 2687 2578 2741 calamitates
2607 2700 2743 2753 quas
2776 2698 3059 2753 perpessus
3084 2690 3207 2749 est,
3257 2683 3451 2737 asserit
3476 2696 3532 2737 se

1954 2783 2133 2853 perire
2164 2779 2437 2851 potuisse;
2471 2788 2529 2832 ut
2556 2777 2915 2846 intelligamus
2944 2782 3200 2845 quantum
3234 2774 3387 2829 nobis
3415 2788 3539 2842 prte-

1948 2883 2056 2929 stet
2087 2872 2354 2926 meditatio
2396 2870 2543 2938 legis,
2584 2883 2704 2937 qua:
2733 2868 2905 2936 potuit
2933 2881 2961 2919 a
2993 2876 3097 2919 tam
3135 2864 3441 2934 ingentibus
3468 2861 3542 2919 li»-

1952 2966 2148 3021 berare
2183 2962 2457 3032 periculis.
2492 2959 2764 3013 Mcditatio
2792 2958 2989 3028 quippe
3019 2956 3145 3027 legis
3175 2966 3258 3011 est
3300 2956 3393 3011 illa
3421 2969 3537 3026 qua

1954 3055 2209 3126 prmcepit
2236 3054 2320 3106 νει
2352 3051 2608 3121 cogitare,
2644 3050 2724 3104 vel
2769 3050 2973 3112 iacere;
3009 3057 3067 3101 ut
3096 3048 3362 3101 interiore
3396 3061 3538 3116 quast

1956 3147 2265 3204 consiliario
2295 3144 2440 3217 imss.
2467 3143 2556 3206 A.,
2598 3139 2686 3204 Β.,
2714 3137 2809 3204 F.,
2833 3135 3212 3209 consolatorio]
3248 3139 3507 3191 formatus
3529 3178 3541 3200 ,

268 3226 433 3282 atroci
465 3224 836 3294 persecutione
863 3221 1144 3285 consumi,
1176 3220 1263 3288 pia
1307 3216 1695 3273 exclamatione
1727 3228 1851 3283 pro-
1877 3219 1921 3280 (ζ
1955 3236 2231 3293 mviemia
2284 3216 2547 3289 (armenta
2579 3244 2837 3299 superare
2886 3229 3054 3297 possit
3104 3227 3426 3297 imrepidus.
3483 3225 3548 3281 ιη

269 3317 417 3372 siluit
442 3316 624 3371 dicens
652 3332 664 3368 :
694 3312 761 3367 In
790 3313 914 3367 cwlo
943 3311 1151 3365 verbum
1189 3308 1398 3364 Domini
1429 3321 1729 3376 permanere
1755 3319 1773 3368 ;
1803 3302 1855 3357 id

270 3421 373 3476 est,
402 3411 457 3465 in
505 3422 824 3478 unoquoque
875 3415 1063 3460 sancto
1086 3446 1103 3470 ,
1149 3417 1284 3468 quos
1314 3401 1382 3456 de
1410 3407 1583 3454 morte
1614 3398 1741 3452 facit
1781 3395 1856 3449 vi-

270 3517 420 3566 vere,
468 3512 521 3555 ct
560 3501 626 3554 de
656 3498 1003 3553 tribulatione
1032 3495 1298 3565 gaudere,
1329 3493 1417 3563 qui
1449 3489 1715 3545 mandatis
1742 3488 1859 3558 ejus

270 3598 356 3667 pia
380 3595 674 3649 humilitate
706 3592 1051 3646 famulaniur.
1085 3589 1179 3642 Est
1207 3586 1350 3641 enim
1396 3585 1448 3639 in
1494 3584 1603 3638 illis
1634 3585 1817 3636 caelum
1842 3621 1858 3643 ,

269 3688 363 3759 qui
414 3700 474 3741 se
515 3683 927 3739 conversatione
979 3679 1189 3735 caelesti
1241 3686 1471 3731 tractare
1521 3684 1857 3729 noscuntur:

269 3780 387 3833 sive
418 3777 469 3830 in
510 3775 714 3844 angelis
738 3814 752 3837 ,
784 3782 838 3827 et
864 3772 1200 3841 archangelis
1227 3810 1243 3836 ,
1271 3768 1668 3835 virtutibusque
1698 3764 1865 3820 coele-

269 3870 483 3932 stibus,
529 3880 662 3937 quas
705 3879 802 3934 pro
834 3863 1145 3918 sinceritate
1187 3860 1479 3915 voluntatis
1522 3873 1634 3912 sua:
1677 3870 1864 3911 sancta

272 3958 531 4027 maiestas
572 3956 854 4009 inhabitat.
886 3954 1065 4008 Manet
1102 3952 1243 4006 enim
1287 3951 1339 4005 in
1371 3950 1450 4005 eis
1494 3964 1708 4018 semper
1740 3948 1867 4001 Ver-

274 4051 433 4112 bum;
461 4048 710 4117 quoniam
739 4056 794 4101 et
834 4045 909 4100 illi
934 4046 1134 4115 iugiter
1163 4043 1214 4095 in
1241 4042 1541 4095 ministerio
1589 4039 1865 4093 dominico

276 4139 587 4194 ﬁrmissima
628 4136 1021 4192 deliberatione
1050 4134 1372 4188 consistunt.
1408 4132 1604 4185 Verum
1639 4131 1725 4185 hic
1766 4132 1865 4185 ali-

274 4235 370 4305 qui
402 4234 713 4289 nonnullam
743 4230 946 4286 faciunt
968 4230 1353 4299 quaestionem,
1388 4225 1866 4296 quemadmodum,

275 4326 349 4383 1η
372 4338 618 4381 veternum
652 4324 875 4377 Verbum
899 4330 1195 4393 permaneat
1234 4321 1285 4373 in
1310 4320 1457 4379 mlo,
1490 4333 1611 4372 cum
1644 4319 1758 4386 ip~e
1790 4317 1872 4370 di-

277 4427 410 4474 cat:
439 4416 629 4470 Caelum
658 4425 703 4469 et
726 4427 860 4469 terra
886 4415 1177 4467 transibunt
1202 4456 1217 4477 ,
1250 4414 1402 4466 verba
1433 4420 1601 4465 autem
1634 4428 1743 4463 utea
1773 4427 1874 4464 non

280 4505 611 4580 praeteribunt
643 4506 795 4579 (Luc.
829 4521 944 4572 χχι,
975 4505 1091 4576 55).
1122 4505 1230 4559 Sed
1255 4504 1499 4573 quamvis
1527 4506 1625 4557 ista
1660 4514 1876 4557 muten-

1957 3326 2249 3380 Itumilitate
2273 3338 2401 3379 vero
2433 3336 2553 3386 sua,
2580 3321 2636 3375 in
2665 3319 3049 3375 afﬂictionibus
3077 3318 3206 3373 dicit
3229 3358 3244 3383 ,
3303 3333 3436 3388 quas
3462 3317 3546 3387 pia

1965 3416 2273 3473 intentione
2303 3412 2553 3468 toleravit
2584 3428 2598 3465 :
2631 3425 2662 3465 a
2689 3410 2883 3480 quibus
2924 3424 2982 3463 se
3022 3408 3220 3479 gaudet
3266 3418 3508 3478 ereptum
3535 3449 3547 3473 ,

1962 3507 2180 3578 quando
2220 3505 2287 3561 ad
2336 3511 2581 3561 sanctum
2635 3503 2834 3557 meruit
2884 3500 3163 3571 pervenire
3217 3500 3553 3569 martyrium.

1964 3599 2253 3653 Huniilitas
2283 3596 2427 3652 enim
2462 3605 2518 3651 et
2547 3593 2871 3649 necessitate
2918 3591 3130 3646 subitur
3154 3631 3168 3655 ,
3202 3598 3257 3646 et
3279 3590 3552 3645 voluntate

1968 3691 2297 3760 suscipitur;
2356 3687 2501 3742 illam
2559 3686 2829 3741 sustinent
2890 3684 3175 3739 criminum
3229 3682 3336 3748 rei;
3399 3683 3553 3737 istam

1965 3790 2223 3839 exercent
2248 3779 2481 3849 puritate
2505 3776 2858 3834 sanctissimi.

2036 3874 2192 3929 Vers.
2225 3873 2311 3927 9'5.
2353 3870 2416 3924 1η
2456 3880 2704 3924 wternum
2752 3884 2855 3922 non
2900 3866 3170 3922 obliviscar
3211 3867 3555 3934 justiﬁcatio-

1980 3982 2069 4020 nes
2099 3973 2252 4031 tuas,
2300 3965 2422 4033 quia
2464 3964 2518 4014 in
2566 3960 2690 4031 ipsis
2734 3959 3004 4026 viviﬁcasti
3055 3973 3153 4011 mc.
3207 3956 3557 4015 Devotionem

1977 4052 2244 4124 promittit
2295 4050 2538 4104 absolute
2570 4058 2691 4118 post
2718 4047 2900 4113 dona,
2949 4061 3068 4115 qute
3119 4046 3329 4100 Domini
3372 4047 3559 4101 meruit

1973 4146 2264 4216 impetrare
2292 4142 2597 4198 clementia.
2644 4141 2875 4195 Possunt
2904 4139 3006 4193 alia
3034 4140 3295 4195 memoria
3340 4139 3560 4199 fortasse

1973 4235 2254 4300 decidere;
2308 4232 2631 4288 beneﬁcium
2674 4241 2850 4286 autem
2885 4232 3062 4287 nu!lus
3093 4233 3326 4288 ﬁdelium
3376 4234 3562 4288 oblivio

1976 4330 2171 4393 scitur,
2216 4327 2269 4380 in
2300 4341 2407 4395 quo
2450 4325 2558 4378 vita
2603 4334 2910 4395 praestatur.
2944 4325 3296 4396 Quapropter
3345 4342 3567 4384 necesse

1979 4419 2151 4475 fuerat
2173 4419 2387 4473 illarum
2410 4418 2848 4489 justiﬁcationum
2871 4431 3087 4488 semper
3106 4434 3229 4475 esse
3255 4435 3565 4487 memorem,

1980 4531 2009 4568 a
2040 4513 2236 4585 quibus
2265 4513 2424 4567 vitale
2468 4526 2664 4567 munus
2694 4512 2934 4566 noscitur
2969 4512 3259 4580 accepisse.
3305 4512 3564 4577 Justi/ica-

282 4611 397 4666 tur,
422 4601 475 4653 in
504 4598 629 4653 caelo
675 4607 935 4669 permanet
976 4597 1217 4658 verbum,
1252 4597 1373 4665 quia
1420 4596 1599 4649 omnia
1632 4594 1848 4649 caelesti

1980 4609 2143 4662 tiones
2174 4616 2351 4661 autem
2398 4615 2523 4660 sunt
2564 4605 2727 4677 (sicut
2751 4604 2861 4672 iam
2903 4619 3063 4671 supra
3118 4604 3318 4656 dictum
3349 4601 3452 4672 est)
3483 4619 3568 4672 pet

283 4695 595 4764 dignatione
618 4707 731 4747 suze
760 4691 1060 4759 maiestatis
1094 4690 1381 4744 inhabitat.

282 4822 294 4837 -
360 4782 517 4843 Vers.
542 4786 631 4842 90.
664 4784 728 4839 In
767 4786 1011 4839 servulum
1052 4786 1229 4838 surculi
1257 4784 1445 4837 veritas
1487 4792 1616 4835 tua:
1650 4781 1879 4851 fundasti

287 4874 501 4945 terram,
526 4890 571 4933 et
601 4886 881 4948 permanet.
916 4878 979 4931 In
1019 4877 1264 4931 saeculum
1304 4876 1500 4940 smculi,
1532 4883 1772 4943 tempora
1802 4874 1877 4927 si-

289 4972 513 5044 gniﬁcat
540 4972 590 5025 in
630 4964 825 5039 quibus
867 4968 971 5022 duo
1014 4968 1229 5038 populi,
1268 4967 1492 5021 Domino
1543 4975 1832 5035 prtestantc
1861 5004 1876 5028 ,

290 5062 671 5123 crediderunt;
706 5075 931 5129 quorum
962 5074 1098 5111 unus
1122 5066 1204 5112 est
1235 5058 1365 5126 legis
1389 5065 1442 5111 et
1470 5055 1881 5125 pr0pltetarum,

293 5155 435 5208 alius
465 5153 865 5223 evangeliorum
889 5161 945 5205 et
970 5151 1355 5221 apostolorum,
1378 5151 1426 5202 in
1452 5149 1645 5219 quibus
1667 5157 1749 5202 est
1788 5146 1887 5200 Ve-

293 5247 446 5313 ritas,
469 5246 520 5300 id
543 5253 626 5299 est
652 5247 766 5313 ipse
800 5244 1054 5297 Dominus
1078 5242 1339 5306 Christus,
1366 5242 1453 5310 qui
1483 5242 1560 5294 eis
1589 5251 1642 5295 et
1669 5240 1889 5294 donavit

296 5337 546 5403 credere,
566 5347 620 5391 et
652 5339 701 5389 in
727 5336 1076 5388 fundamento
1098 5334 1258 5405 412
1283 5333 1402 5387 ﬁdei
1429 5347 1760 5401 permanere.
1784 5330 1888 5386 Sed

300 5444 402 5483 cur
432 5429 548 5484 istis
581 5428 794 5482 smculis
834 5426 1021 5479 vetitas
1071 5440 1175 5479 non
1224 5423 1453 5478 defuerit
1500 5432 1892 5489 consequenter

302 5521 546 5588 exponit,
586 5517 772 5574 dicens
804 5536 815 5569 :
851 5515 1108 5571 Fundasti
1138 5526 1325 5569 terram
1356 5523 1403 5568 et
1438 5524 1717 5583 permanet.
1741 5515 1892 5582 Quod

307 5611 504 5667 melius
529 5611 598 5667 de
624 5611 826 5665 sanctis
868 5608 1174 5663 hominibus
1196 5608 1354 5661 datur
1386 5604 1608 5673 intelligi
1636 5647 1651 5670 ,
1686 5606 1776 5674 qui
1816 5608 1894 5658 sic

308 5704 514 5772 fundati
554 5712 695 5767 sunt,
726 5711 783 5755 ut
811 5703 862 5756 in
893 5701 1090 5757 Christi
1149 5698 1355 5757 Domini
1404 5697 1724 5753 credulitate
1775 5712 1895 5765 per-

313 5805 602 5859 maneant;
628 5798 876 5861 quoniam
900 5797 943 5853 si
976 5795 1089 5859 ipse
1116 5811 1219 5851 non
1270 5794 1560 5859 t‘uudasset,
1607 5805 1705 5847 nec
1747 5794 1893 5862 prius

1984 4698 2311 4767 temporales
2336 4710 2528 4751 causas
2559 4695 2868 4750 intellectus
2900 4692 3195 4747 futurarum
3225 4693 3571 4763 signiﬁcatio~

1983 4806 2138 4856 num;
2183 4788 2324 4859 quod
2354 4786 2700 4843 occidebatur
2744 4798 2917 4855 agnus
2967 4784 3344 4838 immaculatus
3389 4784 3445 4838 in
3476 4784 3572 4839 Pa-

1985 4881 2148 4943 scha;
2180 4877 2320 4947 quod
2353 4893 2499 4931 mare
2533 4876 2775 4932 ltubrum
2804 4876 2909 4930 iter
2945 4874 3172 4943 pra'buit
3209 4875 3274 4927 ad
3319 4875 3574 4944 salutem;

1988 4970 2130 5040 quod
2156 4969 2379 5038 populus
2401 4978 2599 5024 terram
2629 4965 3064 5037 repromissionis
3091 4981 3186 5034 per
3212 4964 3396 5020 Jesum
3426 4968 3571 5023 Nave

1989 5059 2330 5116 intromissus
2358 5062 2581 5128 accepit.
2614 5058 2741 5112 litec
2774 5058 2919 5113 enim
2952 5057 3133 5110 omnia
3179 5067 3418 5111 venturae
3453 5074 3575 5127 per-

1993 5152 2209 5206 tectioni
2241 5159 2450 5205 constat
2488 5149 2684 5220 indicia
2726 5148 3061 5219 praestitisse.
3098 5146 3204 5202 llas
3230 5163 3358 5217 ergo
3371 5150 3576 5221 justi/i4

1992 5246 2218 5299 cationes
2248 5260 2355 5298 non
2402 5243 2660 5298 debemus
2691 5242 2960 5296 ullatenus
2987 5238 3236 5303 oblivisci,
3268 5256 3387 5311 qua:
3420 5245 3578 5302 nobis

1995 5338 2118 5392 ﬁdet
2152 5335 2440 5406 primordia
2468 5334 2851 5404 praestiterunt.
2882 5331 3053 5386 Nemo
3079 5333 3227 5386 enim
3257 5342 3432 5399 potest
3463 5348 3579 5400 per~

1999 5432 2132 5486 lecte
2161 5431 2384 5499 gratiam
2406 5428 2714 5483 donationis
2745 5442 3058 5497 agnoscere,
3096 5429 3199 5482 nisi
3231 5436 3289 5484 et
3315 5428 3466 5485 initia
3497 5446 3580 5485 re-

1998 5537 2116 5575 rum
2142 5519 2467 5583 meminerit,
2493 5533 2589 5573 cur
2615 5518 2725 5573 visa
2755 5518 2864 5572 sint
2894 5518 3213 5574 inchoasse.i

2072 5611 2227 5666 V'ers.
2274 5610 2360 5666 94.
2398 5610 2538 5665 Tuus
2566 5625 2675 5664 sum
2721 5626 2834 5681 ego,
2866 5608 3063 5664 salvum
3100 5627 3181 5666 me
3206 5613 3308 5682 (ac,
3338 5612 3584 5683 quoniam

2000 5701 2389 5769 iustificationes
2419 5712 2531 5756 tuas
2558 5702 2805 5773 exquisivi
2851 5700 3022 5772 (Psal.
3060 5717 3211 5770 χχιιι,
3239 5704 3314 5771 in).
3348 5703 3478 5757 Cum
3511 5702 3583 5753 le-

2002 5802 2193 5861 gatur:
2231 5791 2436 5848 Domini
2458 5802 2532 5849 est
2562 5801 2734 5865 terra,
2778 5801 2826 5849 et
2851 5794 3120 5864 plenitudo
3146 5798 3286 5860 ejus.
3320 5792 3455 5848 orbis
3486 5800 3585 5846 ter-
