4032 6340
529 327 630 384 86⁹1

1753 323 1803 379 Μ
1815 367 1826 377 .
1873 321 2152 380 AURELII
2191 320 2594 386 CASSIODORI

3711 336 3820 394 868

524 460 720 510 rarum,
754 450 800 498 et
831 441 1051 496 universi
1073 440 1162 510 qui
1202 438 1435 494 habitant
1463 438 1516 493 in
1546 455 1628 505 eo,
1653 439 1852 494 chorus
1881 439 1984 496 iste
2021 455 2116 496 ne-
2143 442 2193 502 A
2222 441 2330 495 suit
2352 443 2506 498 nimis
2525 487 2540 512 ,
2565 445 2772 504 scilicet
2795 447 3106 520 signiﬁcans
3127 449 3462 518 charitatem,
3487 468 3650 520 quam
3673 454 3818 512 circa

527 539 643 594 scio
671 551 776 608 qua
807 533 1019 591 Domini
1050 525 1297 603 specialis
1323 532 1510 602 gratiae
1533 533 1969 588 remuneratione
1995 547 2120 589 con-

527 635 721 699 fidens,
753 631 829 686 ait
857 648 870 683 :
904 628 1045 682 Tuus
1071 643 1184 681 sum
1209 642 1321 698 ego.
1356 625 1498 680 Tuus
1536 624 1681 682 enim
1706 643 1843 694 sum,
1891 641 1999 683 non
2027 627 2118 684 ille

527 739 702 801 potest
723 741 849 783 vere
876 725 1076 788 dicere,
1108 723 1198 793 qui
1230 722 1407 791 aliqua
1451 736 1510 777 se
1556 721 1900 791 cognoscitur
1929 721 2117 778 obsce-

519 825 690 876 nitate
733 827 982 874 tractare.
1032 815 1297 872 Vitiorum
1345 814 1543 884 quippe
1591 827 1785 869 servus
1827 813 2113 869 Dominum

515 931 629 970 non
659 920 895 968 meretur
916 911 1116 966 habere
1141 916 1474 963 sanctorum.
1499 907 1788 975 Apostolus
1809 909 1951 962 enim
1976 908 2111 963 Pau-

526 1007 609 1060 lus
648 1019 754 1060 non
797 1003 1136 1072 impudenter
1174 1001 1302 1075 [ms.
1355 998 1451 1066 F.,
1487 999 1808 1072 prudenter]
1839 1000 1940 1056 hac
1981 1016 2112 1056 voce

463 1148 472 1156 .
526 1097 698 1168 potuit
727 1096 826 1163 uti,
849 1096 940 1165 qui
968 1094 1236 1149 clamabat
1266 1112 1280 1147 :
1314 1093 1446 1147 Mihi
1469 1093 1634 1148 vivere
1657 1091 1892 1148 Christus
1933 1103 2026 1158 est,
2061 1103 2111 1148 et

520 1193 652 1246 mori
683 1191 885 1244 lucrum
919 1187 1141 1258 (Philip.
1174 1203 1213 1254 t,
1247 1185 1373 1255 2|);
1409 1195 1463 1242 et
1495 1185 1626 1240 illud
1656 1201 1671 1238 :
1706 1185 1833 1239 Vivo
1857 1190 1975 1257 jam
2005 1203 2107 1241 non

515 1299 608 1354 ego
629 1326 644 1352 ,
672 1283 794 1336 vivit
818 1291 995 1335 autem
1023 1280 1077 1332 in
1123 1294 1202 1332 me
1245 1277 1476 1332 Christus
1508 1277 1650 1348 (Gal.
1688 1293 1743 1342 ιι,
1775 1279 1898 1345 '20);
1928 1287 1983 1332 et
2027 1279 2107 1334 his

515 1374 735 1429 similia.
764 1371 899 1427 Illud
941 1385 1155 1441 quoque
1185 1369 1634 1424 considerandum
1668 1377 1749 1423 Cal
1770 1409 1784 1432 ,
1819 1370 1958 1438 quod
1985 1385 2106 1426 cum

515 1465 793 1534 professus
823 1462 984 1518 fuerit
1012 1478 1070 1517 se
1101 1475 1220 1517 esse
1251 1461 1487 1524 Domini,
1517 1459 1692 1515 adhuc
1723 1461 1855 1529 petit
1899 1470 1956 1515 ut
1998 1463 2106 1516 sal-

513 1575 602 1612 vus
627 1558 754 1627 ﬁat,
783 1556 969 1624 utique
997 1555 1052 1608 in
1083 1555 1173 1609 illa
1201 1554 1536 1624 judicatione
1575 1552 1750 1607 futura
1771 1597 1786 1622 ,
1811 1569 1931 1608 cum
1962 1554 2105 1610 beati

516 1650 946 1705 intromittuntur
983 1649 1036 1701 in
1071 1649 1313 1717 requiem
1361 1648 1767 1717 sempiternam.
1803 1649 1907 1705 Sed
1937 1663 2104 1718 quare

515 1744 615 1797 ista
639 1741 786 1796 salus
834 1749 1048 1810 petatur
1079 1739 1314 1807 assidue,
1353 1739 1538 1796 subter
1566 1739 1831 1810 adjunxit,
1855 1741 2100 1811 quoniam

2223 533 2391 590 Deum
2423 537 2625 594 habere
2642 539 2899 608 jubemur
2918 552 2973 597 ct
2993 543 3320 612 proximum.
3343 543 3473 598 Nam
3499 545 3628 615 quid
3658 546 3820 603 latins

2221 625 2327 706 diei
2362 636 2560 698 potest,
2592 646 2748 703 quant
2781 635 2919 704 quod
2951 637 3253 691 universam
3285 635 3460 706 legem
3497 646 3552 693 et
3591 651 3820 694 cuneus-

2219 735 2336 774 rnm
2370 723 2754 793 prophetarum
2798 727 2940 783 dicta
2981 729 3299 784 concludit?
3326 730 3404 784 De
3431 746 3535 802 qua
3565 730 3734 804 413
3769 744 3821 790 et

2217 812 2507 881 Apostolus
2536 816 2666 872 dicit
2695 835 2707 870 :
2741 819 2979 874 Charitas
3023 819 3122 875 Dei
3146 820 3336 887 diffusa
3379 833 3466 895 est
3484 824 3537 876 in
3571 825 3820 879 cordibus

2215 908 2402 962 nostris
2446 925 2537 980 per
2585 910 2844 982 Spiritum
2885 925 3154 983 sanctum,
3203 918 3294 988 qui
3339 918 3493 973 datus
3541 931 3618 974 cst
3667 922 3821 976 nobis

2216 996 2392 1067 (Rom.
2427 1017 2480 1066 v,
2511 1001 2592 1072 5).

2287 1114 2440 1172 Vers.
2471 1117 2757 1175 97.—x1n.
2793 1121 2940 1176 Μειι.
2973 1122 3241 1190 Quomodo
3269 1123 3427 1179 dilexi
3454 1125 3815 1196 legemtnam,

2214 1205 2599 1264 Domine?tota
2629 1213 2712 1267 die
2739 1215 3004 1268 meditatio
3028 1233 3140 1269 mea
3170 1227 3265 1271 est.
3299 1217 3536 1287 Pepulus
3581 1219 3812 1287 beatus,

2213 1299 2301 1366 qui
2336 1301 2724 1370 prophetarum
2755 1315 2918 1376 atque
2965 1307 3242 1374 Evangelii
3291 1310 3522 1380 plurima
3565 1314 3818 1369 medita-

2216 1390 2362 1446 tione
2407 1393 2734 1463 profecerat,
2769 1397 2821 1451 in
2870 1397 2973 1454 hac
3004 1399 3180 1455 littera
3215 1401 3570 1458 introducitur
3607 1405 3678 1459 ad
3722 1405 3816 1460 los

2209 1479 2484 1546 quendum
2533 1499 2546 1535 :
2591 1499 2752 1554 super
2797 1486 3054 1542 docentes
3081 1505 3141 1544 se
3165 1505 3229 1545 ac
3257 1493 3508 1548 seniores
3549 1509 3812 1551 asserens

2207 1569 2383 1628 divina
2438 1573 2769 1633 intellexisse
2812 1581 3091 1647 mandata;
3136 1591 3191 1636 ct
3220 1583 3342 1638 ideo
3392 1599 3553 1654 super
3596 1587 3702 1642 mel
3750 1596 3812 1642 et

2206 1663 2384 1719 favum
2417 1667 2497 1722 ori
2523 1682 2622 1724 suo
2651 1669 3052 1742 Scripturarum
3077 1673 3378 1729 divinarum
3412 1685 3641 1732 testatur
3679 1695 3814 1748 pro—

2207 1755 2425 1810 venisse
2453 1757 2814 1815 dulcedinem.
2847 1763 3104 1828 Dicendo,
3133 1766 3425 1833 Quomodo,
3454 1769 3724 1837 promittit
3751 1784 3814 1825 se

513 1833 899 1900 iustiﬁcationes
928 1839 1045 1884 tuas
1073 1831 1344 1900 exquisivi.
1368 1831 1471 1886 Alii
1499 1832 1646 1887 enim
1688 1831 1918 1888 honores
1941 1847 2098 1902 appe-

2209 1843 2476 1901 dicturum
2506 1851 2958 1918 quemadmodum
2986 1856 3148 1926 legem
3181 1857 3392 1912 Dntttit.i
3419 1860 3692 1929 praecipua
3725 1860 3812 1914 in-

513 1935 656 1990 tunt,
684 1925 933 1996 conjugia
963 1935 1231 1995 quaerunt,
1251 1926 1432 1980 mundi
1461 1925 1652 1996 gaudia
1685 1925 2100 1996 concupiscunt;

513 2021 615 2076 istc
652 2021 752 2075 sibi
784 2019 1187 2074 inasstimabilcs
1231 2019 1449 2086 putabat
1493 2034 1616 2075 esse
1641 2019 1886 2086 divitias,
1922 2019 1969 2074 si
1997 2019 2104 2074 Do-

514 2111 648 2165 mini
668 2111 1068 2181 justiﬁcationes
1091 2109 1205 2180 jugi
1240 2108 1420 2165 studio
1449 2110 1766 2180 probaretur
1794 2110 2100 2179 exquirere.

516 2201 964 2257 Perscrutandum
1008 2211 1091 2256 est
1134 2216 1367 2272 quoque,
1405 2216 1503 2256 cur
1533 2201 1660 2257 istas
1703 2203 2104 2274 justiﬁcaiiones

512 2293 669 2349 toties
707 2293 930 2363 repetit;
965 2293 1176 2348 scilicet
1217 2301 1274 2347 ut
1316 2293 1522 2348 Veteris
1569 2294 1904 2349 Testamenti
1933 2291 2102 2363 signi-

557 2384 764 2439 cantias
789 2400 893 2438 non
923 2392 1136 2454 putaret
1155 2384 1350 2454 aliquis
1375 2383 1742 2455 negligendas.

581 2477 736 2532 Vers.
767 2478 856 2533 95.
890 2476 975 2531 Me
993 2486 1409 2547 exspectaverunt
1442 2485 1736 2544 peccatores
1758 2485 1812 2530 ut
1832 2476 2102 2545 perderent

510 2586 628 2624 nte:
663 2571 949 2624 testimonia
988 2580 1079 2624 tua
1116 2569 1362 2624 intellexi.
1401 2569 1840 2642 Exspcctaverunt
1886 2581 1943 2624 ut
1981 2587 2102 2640 per-

509 2665 709 2730 derent,
756 2665 822 2719 ad
851 2663 980 2719 illud
1008 2663 1247 2733 respicit,
1290 2662 1430 2732 quod
1476 2663 1603 2718 mali
1642 2678 1895 2719 suasores
1944 2664 2100 2720 blan-

508 2759 704 2814 diendo
732 2758 979 2828 agebant,
1025 2766 1084 2812 ut
1113 2757 1228 2827 ejus
1277 2757 1510 2810 animam
1563 2757 1841 2826 pravitatis
1880 2757 2102 2813 vulnere

507 2851 831 2906 sauciarent.
861 2849 993 2904 Nam
1017 2849 1062 2904 si
1095 2863 1249 2918 poma
1277 2848 1464 2903 fuisset
1495 2849 1826 2918 prarcipitata
1845 2890 1860 2916 ,
1891 2863 1997 2904 non
2021 2848 2101 2904 di-

507 2955 722 3003 ceretur
768 2953 1187 3017 expectaverunt,
1233 2941 1328 2999 sed
1366 2942 1824 2998 acceleraverunt.
1873 2940 2102 2998 Gravior

507 3049 588 3094 est
615 3039 759 3094 enim
787 3039 883 3094 ista
933 3037 1269 3106 persecutio,
1320 3049 1442 3105 qua:
1478 3042 1534 3089 et
1552 3049 1809 3090 coronam
1853 3032 2099 3104 martyrii

506 3127 804 3200 suspendit,
828 3135 883 3182 et
910 3136 1133 3181 mortem
1158 3125 1351 3179 animae
1370 3123 1598 3178 suadere
1621 3138 1728 3179 non
1752 3122 1965 3178 desinit.
1993 3121 2098 3178 Sed

2214 1936 2455 1994 tentione
2493 1941 2749 1997 dilexerit.
2802 1943 2997 1998 Dilexit
3034 1962 3162 2017 ergo
3203 1940 3365 2019 lrgem
3391 1990 3408 2017 ,
3440 1965 3548 2006 non
3581 1953 3807 2008 timuit:

2207 2030 2461 2098 quoniam
2502 2021 2600 2104 per
2628 2035 2994 2106 dilectionem,
3027 2055 3133 2095 non
3165 2056 3261 2111 per
3291 2042 3542 2098 timorem
3567 2045 3812 2100 munda-

2212 2137 2338 2176 num
2363 2134 2690 2196 prmeeptum
2726 2127 2938 2183 Domini
2961 2138 3177 2186 sanctos
3201 2133 3346 2188 viros
3378 2135 3536 2190 decet
3564 2137 3810 2206 operari.

2212 2211 2338 2266 Plus
2367 2215 2510 2268 enim
2563 2226 2842 2288 acceptum
2892 2230 2978 2276 est
3019 2234 3294 2279 amantem
3346 2225 3554 2296 aliquid
3587 2227 3806 2296 facere,

2185 2320 2370 2374 quam
2417 2308 2592 2364 solum
2646 2311 2934 2368 inﬁdeliter
2967 2315 3269 2374 timentem.
3305 2320 3576 2383 Quomodo
3624 2331 3806 2377 autem

2211 2399 2490 2466 dilexerit,
2521 2413 2920 2473 consequenter
2965 2409 3222 2476 exponit,
3275 2408 3459 2464 dicens
3493 2427 3508 2465 :
3555 2411 3683 2466 Tota
3715 2413 3807 2467 die

2213 2490 2480 2545 meditatio
2507 2509 2618 2546 mea
2645 2504 2744 2549 est.
2773 2495 2905 2549 Tota
2931 2498 3012 2550 die
3039 2497 3355 2554 continuum
3389 2509 3602 2570 tempus
3640 2502 3808 2558 debe-

2214 2595 2334 2634 mus
2363 2583 2608 2652 accipere
2629 2627 2642 2650 ,
2673 2585 2812 2640 sicut
2837 2595 2893 2641 et
2920 2588 3048 2642 alibi
3081 2588 3272 2658 legitur
3305 2607 3318 2643 :
3351 2589 3665 2646 Benedicnm
3690 2591 3808 2648 Do-

2209 2672 2404 2726 minum
2432 2674 2487 2728 in
2517 2676 2656 2728 omni
2687 2685 2912 2747 tempore
2938 2695 2958 2732 :
2982 2695 3179 2752 semper
3205 2681 3318 2734 laus
3352 2683 3462 2752 ejus
3491 2685 3544 2738 in
3570 2701 3659 2740 ore
3688 2701 3806 2740 meo

2209 2760 2398 2830 (Psal.
2444 2779 2632 2834 χχχιιι,
2661 2767 2749 2839 2).
2785 2769 2982 2824 Sancta
3025 2773 3166 2828 enim
3216 2777 3548 2831 conscientia
3579 2794 3805 2848 semper

2207 2851 2394 2908 habuit
2419 2854 2588 2923 diem,
2620 2873 2740 2928 quae
2773 2859 3070 2918 clariﬁcato
3101 2865 3266 2920 corde
3296 2867 3686 2924 incredulitatis
3715 2880 3808 2927 te.

2205 2943 2406 2998 nebras
2439 2944 2723 3015 ignoravit.
2756 2949 2801 3004 Ο
2829 2950 3094 3008 indefecta
3137 2957 3416 3013 meditatio
3438 3000 3452 3026 ,
3479 2960 3562 3014 cui
3597 2961 3804 3018 saeculi

2205 3035 2363 3092 istius
2393 3053 2500 3094 non
2525 3039 2725 3099 sufﬁcit
2753 3041 2902 3121 di‘es!
2939 3045 3006 3099 Et
3034 3053 3095 3100 ut
3123 3046 3410 3105 humanam
3451 3050 3805 3121 fragilitatem

2204 3127 2472 3182 continua:
2502 3107 2842 3186 meditatioﬁi
2881 3133 3164 3191 credamus
3211 3139 3448 3207 potuisse
3498 3142 3754 3198 sufﬁcere
3781 3181 3801 3208 ,

507 3195 617 3294 quo
634 3220 874 3278 remedio
900 3220 989 3275 illa
1019 3220 1188 3274 vitare
1211 3217 1470 3288 potuisset
1490 3215 1756 3281 ostendit;
1784 3215 2094 3285 intelligens
2123 3195 2168 3258 ε
2201 3216 2304 3273 hac
2325 3219 2502 3283 nobis,
2535 3229 2594 3276 ut
2619 3223 2834 3293 opinor,
2866 3225 3078 3282 ratione
3109 3195 3410 3298 constabit;
3461 3233 3716 3303 quoniam
3749 3235 3800 3290 si

505 3315 648 3369 enim
678 3313 966 3367 testimonia
999 3310 1230 3376 Domini,
1259 3324 1367 3364 non
1389 3317 1599 3380 poterat
1620 3307 1688 3362 ad
1711 3307 1838 3363 vitia
1862 3306 2093 3363 nefanda

507 3404 749 3475 perduci.
781 3403 933 3458 Unde
962 3403 1132 3456 claret
1158 3401 1279 3456 illos
1318 3400 1462 3455 solos
1491 3399 1655 3469 eripi,
1687 3413 1778 3468 qut
1806 3413 1836 3452 a
1869 3399 1960 3452 tali
1995 3413 2092 3468 pe-

507 3495 679 3552 riculo
718 3494 862 3566 [mss.
905 3494 994 3562 A.,
1048 3491 1140 3558 B.,
1186 3489 1466 3564 martyrio}
1497 3490 1712 3546 Domini
1744 3489 1944 3546 fuerint
1972 3490 2094 3545 illu-

508 3586 799 3642 minatione
831 3586 1065 3642 liberati.
1094 3583 1338 3639 Intellexi
1367 3594 1566 3648 autem,
1599 3582 1927 3654 accipiamus
1962 3598 2094 3653 cpe-

507 3693 655 3738 ratus
684 3696 823 3747 sum,
857 3681 998 3736 sicut
1026 3683 1078 3735 in
1108 3680 1214 3734 alio
1247 3679 1454 3750 psalmo
1481 3678 1610 3733 dicit
1641 3693 1657 3736 :
1687 3677 1875 3732 Beatus
1896 3677 1983 3746 qui
2007 3678 2090 3731 in-

505 3773 684 3844 telligit
707 3789 861 3840 super
889 3788 1098 3844 egenum
1125 3781 1172 3826 et
1199 3787 1472 3840 pauperem
1511 3769 1684 3842 (Psal.
1726 3787 1814 3838 ιι,
1845 3769 1927 3841 2).
1953 3771 2091 3838 Quid

503 3865 646 3921 enim
679 3872 886 3934 poterat
915 3862 1134 3933 pauperi
1163 3863 1437 3930 prodesse,
1468 3861 1514 3917 si
1537 3877 1658 3917 eum
1688 3869 1890 3916 tantum
1930 3875 2092 3931 egen-

504 3971 611 4013 tem
641 3955 985 4027 intelligeret,
1013 3962 1070 4010 et
1098 3954 1246 4009 nullo
1281 3968 1506 4009 munere
1551 3953 1898 4008 sublevaret?
1947 3952 2093 4020 Qua-

505 4060 724 4123 propter
753 4051 1059 4106 intellectus
1087 4047 1464 4104 mandatorum
1497 4055 1680 4102 sancta
1719 4047 1962 4117 operatio
1982 4053 2088 4102 est.

574 4143 730 4198 Vers.
754 4141 845 4198 96.
883 4142 1064 4194 Omnis
1087 4140 1541 4194 consummationis
1565 4139 1670 4192 vidi
1696 4138 1852 4207 ﬁnem
1883 4155 1901 4192 :
1925 4138 2089 4191 latum

505 4237 802 4290 mandatum
837 4244 989 4288 tuum
1025 4233 1199 4286 nimis.
1249 4233 1546 4287 lntraverat
1575 4232 1629 4286 in
1657 4231 1876 4286 divitias
1907 4231 2092 4285 altitu-

505 4329 646 4384 dinis
688 4329 780 4383 Dei
812 4343 826 4380 :
861 4327 1067 4381 viderat
1095 4325 1238 4396 quod
1271 4341 1367 4395 per
1399 4334 1582 4396 partes
1613 4339 1720 4380 non
1748 4334 1959 4394 poterat
1996 4340 2090 4380 ex-

505 4422 692 4492 plicari
725 4421 830 4476 :ad
863 4431 1191 4488 postremum
1241 4421 1392 4476 brevi
1421 4420 1688 4476 sententia
1717 4435 1838 4490 qua:
1880 4421 2092 4474 fuerant

504 4513 728 4570 dicenda
755 4513 1050 4580 conclusit;
1079 4513 1368 4585 proﬁtetur
1407 4513 1550 4568 enim
1575 4512 1737 4566 totius
1767 4527 2090 4566 consumma-

503 4610 654 4667 tionis
680 4624 740 4665 se
766 4609 954 4664 vidisse
971 4609 1163 4678 :finem.
1217 4607 1600 4662 Consummatio
1629 4615 1715 4661 est
1737 4607 1880 4662 enim
1925 4607 2095 4662 virlu-
2123 4581 2177 4641 Β

503 4713 615 4760 ιιιιιι
640 4703 875 4759 omnium
903 4701 1222 4771 completiva
1247 4702 1504 4771 perfectio
1531 4720 1542 4755 :
1576 4702 1664 4757 cui
1687 4705 2090 4757 consummatio-

503 4799 582 4852 nis
604 4797 850 4852 Christus
877 4804 962 4850 est
988 4795 1148 4864 ﬁnis;
1190 4809 1348 4864 quem
1375 4811 1436 4850 se
1473 4797 1666 4851 merito
1697 4797 1883 4852 vidisse
1913 4797 2040 4853 dicit
2069 4815 2084 4864 ;

503 4892 752 4963 quoniam
793 4905 917 4947 eum
961 4890 1259 4944 illuminata
1295 4897 1475 4944 mente
1525 4899 1651 4945 tunc
1699 4892 1930 4948 credidit
1969 4907 2094 4949 esse

511 4998 816 5044 venturum.
853 4986 908 5042 Si
933 4998 1110 5043 autem
1137 4985 1206 5041 ad
1245 4987 1471 5042 litteram
1503 4987 1605 5042 hoc
1627 4989 1759 5044 velis
1786 4989 2090 5059 advertere,

513 5090 693 5138 potest
711 5089 765 5135 ct
795 5080 873 5135 sic
901 5080 1070 5148 accipi
1098 5097 1112 5134 :
1144 5078 1395 5150 quoniam
1418 5081 1580 5134 rebus
1605 5083 1953 5138 saecularibus
1986 5094 2094 5139 ter-

515 5187 696 5228 minus
750 5187 964 5242 semper
1011 5171 1224 5228 videtur
1277 5173 1591 5243 impositus;
1644 5174 1896 5231 mandata
1949 5167 2092 5231 enim

506 5265 719 5320 Domini
750 5279 855 5318 non
886 5264 1086 5320 habent
1113 5265 1311 5332 ﬁnem;
1359 5269 1481 5338 quia
1521 5268 1778 5324 latissima
1809 5285 1870 5327 se
1899 5272 2096 5328 virtute

503 5359 832 5415 distendunt.
875 5359 1027 5428 Quod
1071 5360 1192 5416 ideo
1219 5361 1296 5416 sic
1329 5364 1561 5430 positum
1593 5374 1697 5431 est,
1747 5373 1808 5421 ut
1836 5383 1935 5423 nec
1963 5384 2079 5423 am-

501 5451 731 5508 bitiones
760 5449 944 5506 szeculi
991 5450 1181 5520 aliquis
1223 5451 1595 5510 desideranter
1623 5465 1931 5525 expeteret,
1967 5459 2083 5528 qni-

502 5547 601 5600 bus
630 5544 792 5600 ﬁnem
830 5543 1011 5600 datum
1037 5559 1160 5602 esse
1185 5546 1440 5615 sentiret;
1473 5559 1526 5605 et
1568 5549 1822 5605 mandata
1874 5553 2085 5608 Domini

501 5636 664 5692 nimia
693 5635 1031 5692 festinatione
1055 5639 1430 5708 perquireret,
1470 5656 1590 5711 qua:
1639 5642 1898 5696 latissima
1939 5659 2086 5700 com-

506 5725 774 5793 probaret.
807 5725 916 5781 Nec
937 5736 1091 5782 vacat
1121 5730 1264 5798 quod
1297 5731 1456 5784 latum
1483 5734 1785 5788 mandatum
1821 5746 1963 5790 tuum
1994 5753 2089 5806 po-

2197 3310 2318 3381 quis
2337 3311 2609 3381 quaslibet
2633 3328 2823 3370 causas
2851 3328 3100 3388 respectu
3149 3321 3362 3378 Domini
3403 3325 3506 3379 sub
3547 3325 3801 3382 modera-

2197 3401 2343 3456 tione
2386 3400 2676 3470 disponat,
2715 3404 2762 3459 si
2811 3407 2965 3463 cibos
3014 3421 3382 3482 temperanter
3431 3417 3695 3487 accipiat,
3749 3418 3800 3476 si

2195 3505 2442 3546 somnum
2469 3495 2854 3552 convenienter
2880 3501 3079 3570 capiat,
3103 3503 3276 3575 legem
3305 3506 3522 3563 Domini
3551 3503 3798 3565 medita-

2197 3591 2284 3638 tur
2328 3585 2382 3638 in
2425 3586 2710 3654 omnibus;
2765 3593 3020 3661 quoniam
3063 3609 3122 3652 se
3152 3597 3373 3654 honesta
3424 3611 3480 3656 et
3524 3601 3799 3671 probabili

2195 3676 2407 3732 actione
2437 3681 2803 3746 commendat,
2832 3685 2971 3740 sicut
2992 3690 3264 3756 apostolus
3291 3691 3422 3746 dicit
3448 3707 3462 3743 :
3501 3693 3625 3749 Sive
3653 3696 3797 3750 enim

2193 3767 2536 3837 manducetis,
2567 3773 2672 3826 sive
2698 3773 2886 3840 bibitis,
2922 3777 3026 3832 sive
3051 3781 3200 3834 aliud
3226 3782 3424 3851 aliquid
3453 3785 3649 3856 facitis,
3676 3801 3787 3840 ont-

2195 3857 2280 3910 nia
2311 3859 2364 3912 in
2390 3860 2612 3930 gloriam
2636 3861 2735 3918 Dei
2764 3866 2918 3936 facile
2950 3867 3002 3939 (I
3031 3867 3152 3926 Cor.
3185 3889 3239 3940 x,
3270 3874 3390 3944 51).

2267 3993 2424 4050 Vers.
2445 3995 2536 4051 98.
2564 3996 2735 4067 Super
2755 4000 2987 4057 inimicos
3018 4021 3154 4060 meos
3186 4008 3486 4076 prudentem
3505 4025 3585 4063 me
3612 4010 3794 4080 fecisti

2194 4085 2440 4139 manda'o
2469 4096 2598 4155 tuo;
2627 4092 2748 4161 quia
2769 4093 2822 4146 in
2851 4104 3096 4150 teternum
3119 4098 3245 4150 mihi
3269 4109 3363 4153 est.
3394 4097 3598 4155 Inimici
3625 4103 3795 4160 intel-

2196 4173 2393 4244 ligendi
2425 4188 2552 4233 sunt
2579 4181 2830 4238 obstinati
2864 4184 3039 4240 Judxi
3062 4227 3075 4250 ,
3120 4187 3356 4244 haeretici
3381 4233 3396 4255 ,
3427 4192 3513 4246 vel
3547 4194 3792 4263 pagani,

2193 4267 2282 4335 qui
2306 4279 2578 4338 praecepta
2609 4271 2822 4329 Domini
2854 4286 2946 4330 aut
2990 4279 3212 4334 tninimc
3242 4281 3668 4354 intellexerunt,
3699 4295 3796 4345 aut

2191 4369 2254 4410 ea
2281 4371 2444 4426 pravo
2471 4360 2671 4416 studio‘
2695 4379 2802 4420 non
2854 4367 3151 4434 probantur
3179 4377 3414 4439 operari.
3447 4374 3627 4444 Supra
3657 4377 3794 4432 istos

2195 4449 2494 4516 prudentem
2524 4467 2584 4508 se
2625 4453 2756 4510 dicit
2783 4456 3068 4527 eﬁ'ectum;
3103 4463 3356 4532 quoniam
3385 4465 3541 4534 jussa
3571 4467 3788 4524 Domini

2198 4548 2253 4592 et
2277 4539 2502 4598 devotus
2533 4547 2780 4616 accepit,
2808 4555 2866 4604 et
2889 4565 3074 4604 veram
3119 4553 3225 4608 illis
3275 4554 3648 4624 integritatem
3677 4573 3796 4613 ser-

2199 4633 2345 4686 vavit
2373 4633 2490 4704 luis.
2522 4634 2587 4689 Ο.
2619 4647 2666 4691 et
2697 4639 2806 4703 ed.,
2839 4656 2967 4696 vera
3017 4644 3123 4698 illis
3170 4644 3478 4716 integritate
3519 4647 3799 4722 servivit].

2203 4721 2305 4777 Sed
2346 4725 2485 4780 unde
2513 4726 2680 4797 factus
2713 4731 2936 4798 prudens
2977 4732 3136 4789 fuerit
3165 4752 3321 4805 super
3359 4737 3599 4794 inimicos
3630 4721 3765 4798 suos
3784 4784 3800 4808 ,

2203 4812 2436 4881 addidit,
2485 4820 2726 4874 mandato
2775 4835 2863 4878 tuo
2909 4841 2928 4878 :
2969 4828 3221 4896 quoniam
3273 4829 3400 4885 dum
3447 4831 3526 4886 illi
3561 4832 3790 4890 ﬁdeliter

2203 4906 2482 4976 obedivit,
2531 4922 2756 4968 cunctos
2801 4927 3047 4973 errantes
3093 4919 3212 4975 sine
3256 4920 3600 4979 dubitatione
3641 4935 3798 4980 tran-

2205 4999 2431 5056 scendit.
2469 5001 2608 5058 Ecce
2640 5019 2827 5062 revera
2860 5007 3048 5066 beatus
3071 5009 3264 5078 bonor,
3287 5027 3415 5068 ecce
3437 5030 3670 5085 regnum
3699 5016 3798 5072 bo-

2198 5107 2390 5149 norum
2422 5097 2685 5166 superbos
2734 5103 3118 5159 transcendere
3143 5147 3158 5170 ,
3208 5107 3566 5173 potestatibus
3603 5111 3786 5166 seculi

2198 5185 2576 5254 prmeminere,
2601 5198 2654 5244 et
2685 5190 2735 5244 in
2765 5203 2948 5247 sancta
2982 5194 3286 5251 humilitate
3316 5197 3417 5251 ﬁxa
3450 5207 3638 5256 mente
3663 5215 3788 5255 con-

2195 5276 2407 5331 sistere.
2439 5277 2656 5348 Adiecit
2683 5321 2698 5345 ,
2729 5283 2850 5353 quia
2896 5284 2950 5337 in
2991 5294 3243 5340 wternum
3287 5287 3418 5341 mihi
3463 5297 3572 5353 est;
3613 5289 3668 5344 id
3705 5297 3788 5345 est

2196 5370 2506 5427 mandatum
2561 5385 2730 5430 tuum.
2781 5376 2889 5434 Sed
2939 5395 3247 5450 qutcramus
3291 5384 3434 5452 quod
3482 5385 3783 5439 mandatum

2198 5472 2302 5532 est,
2339 5465 2482 5535 quod
2512 5470 2711 5525 saeculo
2735 5471 2838 5527 isto
2879 5472 3168 5530 deﬁciente
3200 5489 3533 5545 permaneat.
3578 5479 3780 5533 scilicet

2193 5557 2410 5614 dilectio
2441 5559 2533 5615 Dei
2562 5570 2616 5616 et
2640 5564 2903 5632 proximi;
2937 5567 3008 5622 ibi
3039 5567 3186 5623 enim
3209 5578 3264 5624 et
3295 5568 3582 5626 Dominum
3611 5583 3779 5640 supra

2194 5651 2374 5706 omnia
2409 5653 2716 5725 diligimus,
2749 5667 2805 5714 et
2833 5661 3142 5730 proximum
3191 5663 3645 5733 quemadmodum
3685 5676 3781 5718 nos
3871 5717 3880 5722 .

2198 5744 2586 5812 perfectissime
2616 5759 2743 5807 tunc
2770 5765 3032 5810 amamus.
3083 5755 3274 5814 Merito
3313 5772 3444 5828 ergo
3491 5757 3593 5814 hoc
3628 5772 3776 5810 mu-
