4032 6340
189 305 296 363 869

1083 295 1445 357 EXPOSITIO
1481 295 1547 350 IN
1590 268 2041 350 I‘SALTERI‘UM.
2082 290 2275 349 PSAL.
2316 290 2542 348 CXVIII.

3371 287 3478 345 870

190 418 365 470 latum
398 430 446 466 ιη
480 420 726 466 ωιενηηηι
762 411 863 466 sibi
894 410 1107 466 dicebat
1131 425 1254 467 esse
1292 397 1640 475 servandum,
1671 421 1777 477 quo
1810 406 1863 467 Α
1887 404 2019 475 tua].
2054 405 2130 461 Ex
2183 407 2285 463 hoc
2321 421 2479 460 versu
2525 403 2804 459 evidenter
2845 411 3100 473 apparet,
3137 411 3191 458 et
3228 403 3484 473 superius

192 510 336 565 beati
366 515 552 561 sancta
583 504 1135 575 conscientiajugiter
1163 504 1533 574 perfruuntur.

262 600 417 653 Vers.
452 598 544 653 99.
577 597 748 661 Super
777 613 955 651 omnes
985 597 1218 651 docentes
1256 611 1335 649 me
1360 592 1593 648 intellexi
1622 593 1789 660 :quia

190 692 484 746 testimonia
514 700 599 742 tua
626 689 889 742 ntetlitatio
915 705 1030 743 mea
1057 696 1152 743 est.
1180 688 1404 743 Videtur
1439 702 1470 740 a
1506 686 1787 739 beatorum

191 782 497 837 humilitate
544 780 883 835 sanctiSsima
913 779 1224 849 discrepare
1249 821 1263 846 ,
1298 779 1345 833 si
1372 792 1535 845 super
1564 775 1786 846 Moysen

194 885 358 946 atque
383 875 673 945 prophetas
701 874 785 927 vel
817 872 1093 943 apostolos
1121 873 1212 941 qui
1247 869 1547 926 Ecclesiam
1575 865 1788 921 Domini

198 969 548 1036 integerrima
590 963 695 1019 ﬁde
715 963 1037 1027 docuerunt,
1070 962 1173 1017 hoc
1203 961 1404 1016 dictum
1429 960 1657 1014 velimus
1685 956 1790 1011 ad-

196 1071 430 1117 vertere.
458 1058 564 1115 Sed
598 1055 938 1111 intendamus
959 1054 1295 1124 superiorem
1329 1066 1568 1117 versum,
1594 1059 1648 1105 et
1675 1065 1792 1105 om-

197 1154 279 1208 nis
306 1150 535 1221 quaestio
561 1148 894 1203 calumniosa
922 1147 1177 1202 discedit.
1204 1145 1320 1201 Non
1351 1146 1499 1201 enim
1543 1142 1677 1197 dixit
1701 1156 1791 1196 su-

198 1263 294 1315 per
317 1254 517 1315 patres.
546 1242 641 1297 sed
674 1257 825 1312 super
849 1240 1084 1293 inimicos
1107 1254 1273 1304 meos,
1296 1238 1482 1308 utique
1503 1237 1595 1307 qui
1618 1236 1789 1304 legem

200 1336 416 1392 Domini
442 1347 604 1404 prava
628 1332 926 1386 intentione
948 1330 1274 1386 docuerunt.
1299 1330 1400 1385 llic
1424 1330 1569 1385 enim
1592 1325 1789 1397 arguit,

201 1445 310 1484 non
332 1426 585 1496 reprobat
615 1424 747 1496 [ed.,
782 1421 994 1494 probat]
1021 1422 1343 1491 magistros;
1379 1421 1584 1475 scilicet
1616 1415 1793 1488 phari-

201 1535 345 1576 saeus
371 1520 684 1589 designans,
713 1515 807 1584 qui
839 1531 898 1571 se
928 1516 993 1569 ad
1026 1516 1258 1569 litteram
1307 1522 1556 1569 tenentes
1581 1552 1595 1577 ,
1628 1508 1790 1580 spiri-

201 1616 408 1669 tualem
435 1610 845 1681 intelligentiam
878 1609 1251 1680 negligebant;
1282 1622 1417 1679 quos
1449 1616 1502 1663 et
1530 1605 1795 1661 Dominus

203 1707 259 1761 iu
293 1703 586 1774 Evangelia
607 1702 919 1771 frequenter
949 1701 1154 1770 arguit;
1187 1698 1282 1755 sed
1314 1714 1408 1755 cor
1443 1712 1632 1753 eorum
1661 1695 1796 1765 lapi-

1890 498 2015 553 illos
2041 498 2217 554 dictos
2249 497 2493 554 inimicos
2523 498 2613 568 qui
2654 497 2826 567 legem
2861 495 3073 550 Domini
3116 496 3431 551 nesciebant
3459 533 3484 566 ,

1888 600 1943 645 et
1973 592 2225 646 doctores
2252 591 2537 660 imperitia:
2564 590 2811 645 caecitate
2839 588 3114 656 detentos,
3144 596 3198 643 et
3237 588 3479 645 seniores

1895 698 2002 738 non
2035 683 2286 738 habuisse
2323 683 2701 754 gravissimam
2731 682 2855 738 ﬁdei
2886 682 3194 737 ﬁrmitatem
3219 721 3236 748 ,
3266 681 3482 752 quando

1892 789 1953 830 se
1983 774 2114 829 dicit
2136 777 2197 828 ab
2227 776 2368 828 omni
2398 776 2478 830 via
2517 775 2655 829 mala
2700 774 2937 845 ipsorum
2969 774 3120 843 pedes
3157 787 3282 827 suos
3307 773 3486 844 prohi-

1896 867 2082 933 buisse,
2114 881 2181 922 ne
2202 880 2388 921 eorum
2421 867 2680 937 potuisset
2703 867 3054 935 perversitate
3082 865 3345 921 subverti.
3389 864 3482 920 Illa

1893 967 1979 1014 est
2005 959 2149 1013 enim
2174 958 2375 1013 certior
2403 957 2729 1028 explanatio,
2760 958 2975 1028 quando
3000 971 3059 1012 se
3110 957 3225 1027 ipsa
3255 970 3483 1012 corusco

1894 1049 2089 1106 similis
2121 1050 2688 1107 declaratauctoritas.
2723 1051 2829 1107 Sed
2863 1051 3140 1105 videamus
3168 1050 3295 1121 quid
3325 1049 3482 1106 nobis

1894 1134 2262 1198 istius’versus
2292 1142 2457 1198 verba
2495 1143 2830 1212 parturiant.
2879 1141 2954 1194 Ab
3004 1142 3141 1195 omni
3171 1142 3252 1195 via
3297 1140 3440 1195 mala
3463 1181 3482 1208 ,

1893 1233 2157 1303 significat
2190 1235 2559 1289 hazreticorum
2585 1250 2778 1305 pravas
2804 1243 2858 1289 et
2888 1235 3152 1305 pessimas
3180 1234 3478 1297 suasiones,

1896 1326 2089 1396 quibus
2122 1326 2198 1380 illi
2227 1326 2483 1380 exitiabili
2512 1326 2795 1382 dulcedine
2843 1326 3207 1381 blandiuntur.
3262 1325 3485 1381 Addidit

1896 1431 2129 1487 quoque,
2160 1416 2397 1485 prohibui
2423 1417 2575 1487 pedes
2598 1432 2753 1482 meos,
2783 1417 2935 1487 quasi
2958 1416 3330 1472 desiderantes
3359 1415 3489 1471 illuc

1905 1509 2007 1573 ire,
2042 1509 2131 1563 ubi
2175 1509 2226 1563 in
2258 1519 2428 1564 atram
2462 1508 2670 1565 foveam
2715 1524 2970 1565 corruere
3015 1512 3335 1579 potuissent.
3367 1511 3490 1567 Ori-

1898 1599 2092 1670 giualis
2114 1599 2380 1668 siquidem
2408 1602 2616 1670 peccati
2647 1602 2799 1671 culpa
2824 1615 3021 1671 pronos
3043 1616 3140 1656 nos
3164 1602 3322 1656 trahit
3341 1617 3487 1658 sem-

1902 1705 1994 1759 per
2025 1689 2091 1746 ad
2120 1691 2282 1759 vitia;
2315 1701 2367 1746 et
2394 1692 2497 1746 nisi
2522 1692 2691 1761 gratia
2724 1691 2937 1748 Domini
2964 1692 3288 1756 muniamur,
3317 1692 3482 1763 415.

204 1798 367 1852 deum
411 1795 675 1850 rationem
707 1792 951 1848 veritatis
979 1792 1185 1847 sentire
1225 1807 1331 1846 non
1367 1791 1589 1846 meruit.
1622 1789 1792 1858 Supra
1828 1803 1873 1863 Β
1903 1780 2155 1839 facillime
2216 1797 2468 1852 perversa
2549 1782 2801 1839 suasione
2865 1783 3191 1852 decipimur.
3259 1785 3351 1838 llla
3407 1794 3493 1840 est

205 1888 345 1942 tales
374 1887 541 1957 igitur
562 1899 750 1951 omnes
784 1883 1036 1938 doctores
1092 1884 1287 1938 merito
1323 1884 1518 1938 cohors
1553 1883 1794 1951 Evange-

206 1981 310 2035 lica
341 1978 650 2033 intellexisse
702 1991 763 2031 se
810 1975 1004 2031 melius
1052 1974 1210 2037 dicit;
1260 1974 1383 2044 quia
1435 1971 1793 2043 pravitatibus

206 2084 394 2125 eorum
424 2067 721 2137 repudiatis
745 2106 761 2132 ,
805 2066 1071 2120 sinceram
1105 2064 1408 2118 doctrinam
1443 2062 1655 2118 Domini
1681 2061 1801 2117 Sal-

205 2162 411 2217 vatoris
438 2160 665 2229 accepit.
702 2157 810 2214 Sed
841 2171 936 2211 cur
961 2156 1153 2211 melius
1182 2156 1492 2209 intellexerit
1517 2197 1532 2223 ,
1580 2167 1799 2209 causam

205 2255 482 2324 designat,
514 2253 637 2322 quia
665 2242 951 2305 testimonia
982 2256 1071 2301 tua
1106 2248 1369 2302 meditatio
1408 2264 1519 2301 mea
1547 2256 1640 2301 est.
1685 2244 1800 2300 lllis

205 2348 359 2401 etiim
386 2343 671 2398 testimonia
700 2340 916 2395 Domini
942 2354 1048 2395 non
1080 2348 1223 2393 erant
1246 2337 1529 2402 meditatio,
1564 2338 1654 2407 qui
1681 2352 1802 2407 per-

208 2439 471 2495 suasione
501 2435 784 2491 falsissima
811 2434 972 2503 longe
1020 2431 1163 2487 aliud
1192 2446 1355 2501 quam
1384 2430 1590 2486 dictum
1626 2430 1803 2486 fuerat

212 2531 538 2588 sentiebant.

287 2622 439 2678 Vers.
472 2621 595 2676 100.
631 2618 801 2689 Super
821 2618 1048 2674 seniores
1074 2616 1304 2671 intellexi
1338 2632 1359 2671 :
1390 2617 1515 2686 quia
1560 2616 1804 2669 mandata

213 2725 298 2768 tua
323 2712 589 2782 exquisivi.
622 2710 738 2766 Non
768 2722 849 2766 est
880 2710 970 2765 hic
990 2710 1251 2779 jactautia
1282 2710 1538 2777 superba,
1586 2707 1683 2762 sed
1715 2723 1805 2763 ve-

215 2806 364 2859 ritas.
397 2802 641 2859 Seniores
672 2802 901 2857 dicimus
937 2809 991 2854 et
1014 2799 1296 2868 sapientiae
1318 2799 1632 2852 maturitate
1664 2813 1807 2868 prte-

216 2896 413 2959 claros,
441 2901 497 2949 et
526 2892 684 2961 longa
715 2905 814 2945 nos
844 2896 1003 2944 aetate
1055 2888 1424 2957 prmccdentes
1450 2905 1464 2954 ;
1515 2888 1582 2942 de
1612 2888 1807 2957 quibus

219 2986 419 3040 dictum
442 2991 553 3039 est:
574 2980 846 3052 Interroga
866 2988 1061 3051 patrem
1084 2988 1246 3044 tuum,
1265 2989 1311 3032 et
1332 2978 1653 3033 annuntiabit
1680 2978 1807 3035 tibi:

218 3079 443 3133 seniores
465 3084 601 3141 tuos,
630 3083 677 3128 et
701 3074 872 3127 dicent
895 3073 985 3127 tibi
1008 3071 1242 3142 (Denter.
1268 3087 1437 3137 xxxix,
1462 3072 1542 3140 7).
1572 3070 1808 3125 Dicimus

1903 1872 2047 1927 enim
2097 1872 2323 1927 Domino
2346 1872 2571 1942 juvante
2615 1874 2847 1929 salubris
2881 1873 3197 1941 prohibitio,
3236 1889 3355 1929 cum
3390 1876 3492 1929 hoc

1907 1963 2024 2020 ﬁeri
2055 1978 2162 2019 non
2193 1964 2448 2034 patimur,
2484 1965 2623 2036 quod
2659 1965 2877 2035 plenum
2911 1966 3168 2034 periculis
3194 1966 3488 2021 invenitur.

1902 2054 2070 2112 Pedes
2100 2067 2280 2111 autem
2314 2073 2472 2122 meos,
2512 2056 2777 2127 signiﬁcat
2805 2058 3002 2113 mentis
3041 2072 3341 2127 assensum,
3375 2075 3495 2130 qua:

1904 2160 2004 2201 nos
2028 2146 2263 2216 quodam
2305 2147 2531 2218 vestigio
2577 2148 2727 2203 ducit
2774 2148 2840 2203 ad
2885 2150 3095 2219 culpam
3123 2192 3138 2218 ,
3185 2160 3240 2206 et
3282 2151 3349 2205 ad
3379 2152 3495 2207 vias

1905 2240 2071 2294 malas
2092 2240 2391 2309 compellit,
2425 2240 2525 2296 nisi
2557 2256 2656 2295 nos
2680 2241 2853 2309 pietas
2884 2242 3186 2298 Divinitatis
3213 2242 3493 2297 abstraxe-

1908 2333 1997 2388 rit.
2020 2331 2293 2402 Sequitur,
2330 2343 2384 2387 ut
2409 2334 2695 2387 custodiam
2722 2335 2927 2388 verbum
2958 2344 3126 2388 tuum.
3151 2334 3324 2390 Aliter
3351 2335 3494 2390 enim

1907 2426 2133 2483 verbum
2167 2426 2380 2481 Domini
2424 2441 2529 2481 non
2558 2428 2731 2497 potuit
2768 2427 3025 2482 custodiri
3054 2468 3069 2493 ,
3102 2427 3204 2482 nisi
3252 2442 3375 2482 cum
3408 2428 3497 2482 illa

1907 2518 2164 2589 pestifera
2209 2518 2393 2573 suasio
2438 2518 2699 2587 probatur
2750 2519 3005 2588 expulsa,
3038 2519 3178 2575 sicut
3207 2519 3500 2589 Apostolus

1905 2611 2034 2666 dicit
2068 2626 2083 2664 :
2118 2609 2241 2664 Non
2267 2614 2480 2680 potestis
2509 2610 2720 2665 calicem
2749 2609 2959 2666 Domini
2994 2610 3190 2677 bibere,
3216 2621 3263 2665 ct
3288 2612 3499 2665 calicem

1906 2703 2320 2769 daemoniorum,-
2365 2720 2464 2757 non
2505 2705 2716 2773 potestis
2755 2720 2944 2760 mensa:
2971 2704 3187 2758 Domini
3226 2705 3501 2776 participes

1909 2812 2016 2851 esse
2051 2806 2085 2849 ‘t
2108 2811 2294 2849 menste
2314 2795 2683 2850 daemoniorum
2715 2796 2763 2867 (Ι
2794 2795 2915 2850 Cor.
2950 2814 3001 2861 π,
3033 2798 3124 2865 20,
3158 2797 3277 2869 2|).

1988 2887 2141 2942 Vers.
2181 2887 2303 2941 102.
2338 2888 2381 2940 Α
2402 2888 2620 2960 judiciis
2648 2890 2750 2942 tuis
2773 2904 2873 2942 non
2902 2890 3172 2956 declinavi,
3205 2891 3324 2960 quia
3350 2899 3404 2942 tu
3433 2889 3506 2943 le-

1911 2994 2023 3047 gem
2047 2980 2259 3048 posuisti
2288 2981 2434 3031 mihi.
2481 2980 2779 3034 Declaravit
2820 2978 2947 3033 illud
2980 2979 3121 3049 quod
3152 2982 3397 3049 superius
3424 2982 3506 3036 di-

1914 3073 2029 3126 xit:
2061 3071 2136 3125 Ab
2157 3072 2295 3125 omni
2318 3073 2399 3124 via
2421 3073 2556 3126 mala
2582 3073 2820 3142 prohibui
2853 3074 3006 3139 pedes
3041 3090 3202 3140 meos,
3234 3074 3417 3144 utique
3448 3084 3507 3130 ut

217 3170 383 3224 etiam
412 3169 657 3233 seniores,
686 3174 845 3221 tutata
871 3165 1089 3235 quidem
1123 3174 1394 3229 maturos,
1429 3164 1524 3220 sed
1557 3154 1805 3220 vitiorum
1835 3178 1880 3240 ρ
1911 3170 2026 3240 ejus
2049 3171 2268 3225 tninime
2281 3171 2489 3242 judicia
2512 3172 2808 3225 declinaret.
2834 3171 2924 3228 Sic
2944 3171 3086 3227 enim
3111 3171 3359 3241 perfecta:
3383 3172 3507 3227 bea-

219 3263 559 3319 atfectatione
585 3260 719 3332 [ed.,
745 3257 1051 3330 affectione]
1076 3259 1409 3326 levissimos;
1438 3258 1577 3314 sicut
1601 3258 1813 3315 fuerunt

221 3356 319 3420 illi,
348 3354 417 3409 de
448 3351 714 3423 quibusin
749 3350 1046 3420 Etangelio
1091 3348 1352 3418 scriptum
1383 3357 1468 3404 est
1496 3368 1510 3404 :
1557 3347 1814 3405 Fecerunt

225 3446 511 3500 sacerdotes
556 3443 829 3499 consilium
871 3458 988 3495 cum
1034 3441 1352 3507 senioribus,
1402 3450 1460 3495 ut
1512 3457 1630 3495 eum
1660 3443 1814 3496 morti

225 3538 487 3591 traderent
516 3536 731 3606 (Matth.
753 3550 901 3601 xxvr,
934 3536 990 3604 ὃ,
1015 3533 1096 3604 4).
1127 3533 1286 3588 Tales
1317 3548 1458 3588 nunc
1486 3536 1708 3589 seniores
1730 3536 1814 3590 di-

228 3631 324 3695 cit,
345 3644 451 3684 non
475 3641 639 3683 canos
666 3634 870 3691 mente,
900 3625 995 3680 sed
1022 3640 1271 3695 corpore.
1298 3625 1378 3679 Ab
1402 3625 1520 3680 istis
1547 3640 1677 3696 ergo
1705 3641 1818 3681 me-

232 3724 338 3776 rito
370 3735 428 3775 se
469 3719 702 3788 amplius
748 3718 880 3773 dicit
922 3717 1275 3783 intellexisse,
1307 3717 1521 3786 quando
1549 3732 1708 3787 quem
1740 3718 1817 3773 illi

227 3812 485 3882 sacrilega
528 3818 711 3865 mente
746 3814 1233 3878 contempserunt,
1269 3808 1371 3863 iste
1400 3824 1555 3866 suum
1587 3825 1817 3865 venera-

226 3904 382 3957 batur
407 3912 704 3958 auctorem.
740 3901 1075 3971 Frequenter
1099 3904 1241 3957 enim
1272 3902 1579 3973 Scripturas
1606 3904 1818 3959 divinas

228 3996 466 4065 iuniores
495 3997 687 4051 melius
714 3995 1022 4063 intelligunt
1066 3996 1393 4051 senioribus.
1442 3995 1598 4049 Sicut
1650 3994 1818 4050 Jacob

230 4090 325 4157 qui
365 4104 424 4144 se
452 4088 519 4143 ad
570 4088 999 4143 benedicendum
1050 4087 1279 4157 praebuit
1317 4098 1372 4143 et
1415 4103 1671 4158 germano
1719 4102 1818 4142 suo

230 4182 554 4251 promissum
571 4181 798 4235 fructum
824 4180 1009 4249 prima:
1029 4180 1418 4234 benedictionis
1445 4195 1507 4234 ac
1528 4165 1672 4249 epit.
1696 4180 1814 4236 Sic-

229 4283 288 4329 ut
326 4272 540 4328 Samuel
569 4273 767 4328 melius
812 4273 927 4327 lleli
972 4272 1287 4337 sacerdote;
1343 4272 1425 4327 vel
1470 4272 1661 4327 Daniel
1704 4288 1817 4328 me-

231 4365 338 4419 lius
374 4363 527 4419 falsis
554 4364 879 4425 senioribus.
928 4379 1067 4434 quos
1106 4365 1226 4434 ipse
1267 4364 1466 4432 Spiritu
1499 4364 1591 4419 Dei
1633 4364 1821 4433 plenus

229 4464 405 4512 morte
444 4455 741 4511 damnavit.
794 4455 985 4512 Melius
1038 4457 1223 4525 utique
1276 4455 1544 4510 intellexit
1593 4456 1819 4525 populus

1919 3262 2160 3317 titudinis
2199 3263 2479 3332 integritas
2510 3263 2840 3329 eustoditur,
2876 3264 3091 3333 quando
3132 3264 3507 3321 haereticorum

1915 3354 2167 3420 iniquitas
2191 3367 2445 3422 perversa
2467 3352 2759 3423 respuitur.
2782 3354 2825 3406 A
2838 3354 3057 3426 judiciis
3080 3368 3210 3425 ergo
3232 3356 3333 3408 tuis
3356 3355 3509 3423 dicit,

1915 3445 1967 3500 id
2001 3456 2082 3499 cst
2114 3460 2235 3513 qua:
2266 3454 2354 3499 tua
2386 3444 2632 3500 voluntas
2661 3455 2843 3500 sancta
2873 3447 3179 3515 constituit,
3217 3456 3270 3501 et
3300 3448 3511 3504 vivendi

1917 3540 2077 3592 nobis
2106 3538 2345 3609 regulam
2378 3536 2547 3592 dedit.
2579 3537 2660 3592 Ab
2681 3538 2760 3592 eis
2783 3538 2964 3607 utique
2986 3555 3086 3591 non
3111 3538 3386 3606 declinare,
3412 3540 3513 3595 hoc

1917 3639 1999 3683 est
2029 3629 2082 3682 in
2115 3628 2196 3681 via
2229 3637 2371 3682 recta
2405 3628 2737 3693 consistere;
2770 3629 2871 3683 hoc
2898 3629 3066 3683 estad
3094 3630 3353 3684 cmlorum
3384 3645 3514 3700 gau-

1919 3723 2006 3777 dia
2057 3721 2359 3791 pervenire.
2410 3720 2664 3789 Sequitur
2710 3736 2874 3776 causa
2915 3721 3249 3791 probabilis,’
3286 3723 3409 3792 quia
3460 3733 3516 3776 tu

1920 3815 2082 3886 legem
2111 3816 2327 3881 posuisti
2351 3815 2496 3867 mihi.
2521 3811 2653 3869 Cum
2676 3814 2847 3884 legem
2874 3829 2971 3883 per
2995 3814 3229 3885 Moysen:
3262 3815 3519 3868 Dominus

1920 3905 2157 3968 dederit,
2187 3919 2413 3974 eamque
2432 3903 2655 3973 jusserit
2678 3904 3059 3959 inviolabiliter
3088 3906 3383 3972 observari,
3410 3921 3519 3962 non

1923 3999 2219 4067 incongrue
2267 3996 2355 4051 hic
2394 3997 2742 4066 Evangelium
2792 3996 3138 4065 intelligimus
3168 4013 3289 4053 cum
3339 3998 3513 4053 dicit:

1922 4088 2002 4142 Tu
2025 4090 2186 4159 legem
2214 4089 2432 4159 posuisti
2479 4087 2628 4141 mihi.
2666 4087 2761 4141 Illa
2792 4087 2936 4142 enim
2967 4102 3124 4157 quam
3156 4104 3250 4158 per
3281 4090 3522 4160 Moysem

1926 4182 2094 4245 dedit,
2127 4181 2402 4251 pmdagogi
2432 4181 2582 4236 nobis
2607 4180 3235 4251 prmeentavitol‘ticium;
3267 4184 3364 4237 ista
3387 4199 3522 4238 vero

1924 4274 2090 4329 t0tius
2147 4273 2496 4343 plenitudinis
2553 4272 2774 4333 donavit
2829 4272 3097 4328 effectum.
3154 4274 3344 4331 Merito
3390 4291 3524 4347 ergo

1924 4374 2147 4419 sanctus
2192 4365 2420 4435 populus
2445 4364 2512 4420 de
2558 4364 2671 4435 ipsa
2716 4366 2833 4435 lege
2870 4366 3161 4438 gaudebat,
3207 4384 3366 4440 quam
3409 4371 3524 4441 jam

1928 4456 2201 4512 credendo
2232 4467 2568 4527 susceperat.
2603 4458 2845 4530 Denique
2875 4460 2997 4516 vide
3024 4462 3149 4531 quid
3186 4463 3448 4533 sequitur.

230 4562 428 4613 novus,
459 4562 617 4618 quam
650 4548 833 4603 senior
864 4547 956 4603 ille
985 4548 1268 4613 Judaicus,
1300 4547 1389 4615 qui
1418 4545 1645 4603 feliciter
1675 4547 1821 4620 [mss.
1859 4560 1905 4619 [)
2003 4547 2157 4603 Vers.
2184 4548 2308 4602 105.
2349 4548 2514 4614 Quam
2552 4548 2728 4603 dulcia
2761 4550 2993 4619 faucibus
3021 4551 3143 4605 meis
3174 4551 3381 4620 eloquia
3410 4559 3523 4618 tua,

230 4640 325 4703 A.,
350 4636 439 4704 B.,
465 4636 724 4709 ﬁdeliter]
754 4638 992 4707 suscepit
1017 4636 1289 4693 Christum
1328 4638 1631 4705 Dominum,
1659 4655 1821 4709 quam

232 4732 331 4787 ille
350 4730 444 4801 qui
471 4730 751 4785 mortifere
781 4729 1013 4785 credidit
1039 4744 1161 4785 esse
1186 4730 1555 4785 temnendum.
1582 4731 1649 4785 Et
1676 4739 1733 4785 ut
1761 4747 1826 4786 ea

234 4822 349 4893 ipsa
371 4822 614 4878 veritatis
638 4822 947 4879 testimonio
970 4822 1370 4891 comprobaret,
1396 4823 1640 4893 sequitur
1659 4838 1826 4895 quare

235 4914 547 4969 intellexerit
567 4932 725 4985 supra
753 4916 1019 4981 seniores;
1066 4916 1295 4984 scilicet,
1328 4920 1449 4987 quia
1474 4919 1718 4973 mandata
1740 4929 1829 4973 tua

236 5006 504 5075 exquisivi.
546 5006 626 5060 Illi
654 5007 801 5061 enirn
842 5007 887 5062 si
914 5008 1272 5077 quuisiissent
1301 5011 1544 5064 mandata
1590 5009 1824 5079 Domini,

237 5110 579 5166 nequaquam
612 5097 990 5165 prudentiores
1009 5113 1070 5152 se
1100 5106 1389 5167 potuerant
1418 5101 1619 5156 habere
1642 5101 1826 5171 junio-

241 5200 351 5239 rcs.
375 5184 440 5238 Et
466 5183 588 5238 vide
609 5184 1064 5252 quemadmodum
1089 5186 1329 5241 veritatis
1359 5187 1604 5242 ordinem
1628 5199 1828 5244 servat.

242 5278 383 5332 Dicit
409 5278 550 5332 enim
582 5279 826 5332 mandata
849 5287 960 5343 tua,
991 5295 1095 5335 non
1122 5281 1397 5337 hominum
1424 5300 1794 5353 perversorum
1813 5330 1827 5352 ,

239 5370 309 5424 de
335 5367 530 5438 quibus
557 5367 761 5423 dictum
792 5379 874 5424 est
902 5388 914 5422 :
942 5368 1251 5440 Ignorantes
1278 5374 1411 5426 enim
1425 5375 1685 5444 justitiam
1712 5375 1829 5444 Dei,

240 5472 285 5512 et
320 5477 467 5514 suam
514 5462 731 5516 volentes
780 5465 1125 5530 constituere,
1166 5465 1388 5535 justitia:
1432 5466 1527 5521 Dei
1570 5484 1671 5522 non
1714 5482 1832 5525 sunt

239 5555 456 5626 subjecti
489 5555 662 5625 (Ilom.
693 5572 747 5622 x,
781 5558 858 5627 3).

315 5642 474 5702 Vcrs.
506 5650 631 5702 101.
667 5649 741 5701 Ab
770 5651 908 5705 omni
932 5652 1013 5703 via
1046 5651 1181 5704 mala
1212 5650 1453 5722 prohibui
1485 5650 1638 5717 pedes
1669 5669 1829 5715 meos.

245 5749 301 5792 ut
341 5742 627 5796 custodiam
658 5745 857 5798 verbum
904 5753 1044 5798 tuum
1089 5742 1245 5815 [tnss.
1292 5746 1381 5808 A.,
1421 5744 1507 5809 8.,
1543 5743 1628 5811 l".,
1685 5745 1830 5799 verba

1928 4655 2083 4711 super
2129 4640 2230 4693 mel
2257 4649 2306 4693 et
2357 4640 2531 4708 favum
2585 4642 2663 4693 ori
2707 4642 2853 4694 meo!
2881 4641 3323 4709 Comparationes
3378 4641 3522 4710 istae,

1931 4732 2174 4804 quamvis
2200 4732 2401 4799 aliquid
2432 4734 2713 4787 videantur
2737 4734 2935 4788 habere
2964 4736 3311 4803 praecipuum,
3346 4745 3527 4791 tamen

1940 4841 2049 4881 non
2082 4833 2306 4895 possunt
2336 4825 2494 4879 rebus
2531 4826 2894 4893 spiritualihus
2924 4828 3186 4896 exaequari
3206 4870 3221 4894 ,
3252 4828 3351 4883 nisi
3381 4842 3528 4883 sem-

1937 4932 2031 4986 per
2058 4926 2308 4987 ponatur,
2331 4932 2504 4985 super,
2541 4916 2680 4971 sicut
2710 4917 2763 4971 in
2802 4933 2940 4971 nona
2980 4919 3153 4972 littera
3180 4919 3288 4987 jam
3321 4918 3528 4973 dictum

1935 5017 2013 5063 est
2048 5025 2061 5061 :
2092 5005 2295 5062 Bonum
2318 5008 2442 5061 mihi
2488 5007 2569 5061 lex
2609 5010 2711 5061 oris
2735 5010 2810 5061 tui
2830 5026 2981 5080 super
3009 5008 3171 5063 millia
3212 5013 3327 5063 auri
3347 5020 3395 5063 et
3441 5027 3528 5063 ar-

1935 5104 2115 5173 genti;
2154 5110 2298 5156 utea
2330 5102 2544 5171 quidem
2602 5103 2739 5156 inter
2788 5101 3036 5157 homines
3080 5104 3385 5172 prmcipua,
3436 5104 3531 5157 scd

1936 5186 2128 5250 divina:
2145 5195 2464 5265 jucttuditati
2502 5194 2754 5250 inferiora
2780 5210 2898 5249 esse
2920 5209 3236 5264 cognoscas.
3271 5196 3533 5266 Spiritus-

1936 5288 2075 5342 Iibus
2106 5287 2284 5358 itaque
2326 5287 2535 5342 de'iciis
2574 5303 2761 5357 magna
2815 5290 3058 5344 ubertate
3108 5292 3383 5362 saginatus
3434 5307 3531 5360 po-

1940 5381 2095 5451 pulus
2124 5379 2313 5435 beatus
2337 5382 2647 5435 exclamat:
2688 5380 2855 5446 Quam
2899 5384 3073 5436 dulcia
3127 5385 3361 5454 faucibus
3410 5386 3534 5439 meis

1940 5475 2143 5542 eloquia
2174 5476 2298 5528 tua!
2332 5474 2609 5530 Dicendo:
2643 5478 2836 5540 Quam,
2883 5492 3128 5547 magnam
3154 5478 3367 5548 quidem
3410 5478 3534 5533 dul-

1940 5566 2185 5622 cedinetn
2230 5566 2332 5621 sibi
2364 5580 2485 5621 e~se
2525 5565 2796 5635 professus
2818 5575 2930 5632 est,
2966 5567 3059 5621 sed
3096 5584 3198 5621 non
3231 5583 3388 5638 quam
3425 5567 3531 5620 lin-

1943 5673 2040 5725 gua
2067 5658 2323 5728 potuisset
2350 5658 2672 5725 etpritnere.
2704 5656 2835 5711 Nam
2869 5673 2988 5712 cum
3022 5662 3197 5712 omnis
3222 5669 3407 5730 gustus
3435 5671 3526 5710 sa-

1947 5748 2057 5817 piat
2086 5751 2135 5803 in
2180 5750 2384 5820 palato,
2440 5749 2889 5805 considerandum
2934 5760 3016 5806 est
3063 5750 3146 5804 hic
3172 5765 3337 5819 quare
3378 5746 3533 5812 dixi,
