4032 6340
533 315 629 371 871

1760 315 1830 371 Μ.
1880 313 2159 372 AURELII
2196 313 2593 370 CASSIODORI

3706 310 3833 370 δη

531 430 771 502 faucibus
793 429 937 484 meis.
984 426 1185 483 Fauces
1215 429 1356 483 enim
1391 438 1518 484 sunt
1545 429 1772 499 gutturis
1798 430 1968 486 nostri
2000 432 2081 486 via
2104 472 2119 496 ,
2151 432 2202 490 Δ
2227 431 2398 502 facitis
2445 432 2762 486 intendentes
2802 430 2936 486 velut
2985 432 3207 488 lucerna:
3259 433 3449 489 lucenti
3492 433 3547 486 in
3595 431 3832 486 obscuro

529 522 621 579 ubi
638 523 746 592 jam
770 521 1026 591 deglutita
1054 519 1286 576 dulcedo
1313 521 1456 575 nulla
1497 521 1747 575 sentitur.
1784 521 1890 578 Sed
1920 523 2010 592 qui
2045 522 2112 578 de

529 615 760 686 eloquiis
801 615 1008 669 Domini
1051 622 1168 668 erat
1197 613 1442 668 absolute
1483 613 1722 669 dicturus
1745 658 1760 679 ,
1795 615 2114 671 mirabiliter

529 709 676 764 illam
707 715 912 777 partem
958 707 1164 775 posuit;
1209 715 1267 760 ut
1295 707 1402 761 cito
1425 707 1491 761 ad
1522 708 1702 762 cordis
1746 710 1912 762 nostri
1944 725 2110 776 pene-

528 799 681 853 tralia
713 797 1036 866 perveniret.
1069 793 1290 866 Eloquia
1310 797 1451 851 enim
1479 796 1689 851 Domini
1723 813 1828 850 non
1860 797 1913 852 in
1939 798 2114 866 palato

526 891 765 961 sapiunt,
801 888 895 945 sed
919 887 1089 959 magis
1115 903 1236 943 cum
1267 889 1465 944 iuerint
1496 889 1754 962 deglutita
1776 889 2112 945 dulcescunt.

524 983 806 1052 Sequitur,
838 996 994 1049 suprr
1021 979 1118 1034 mel
1143 989 1190 1035 et
1220 980 1392 1049 favum
1415 981 1495 1034 ori
1526 997 1657 1034 meo.
1687 979 1790 1034 Mel
1814 980 1879 1035 ad
1915 980 2113 1047 Vetus,

525 1077 696 1142 favum
722 1073 787 1128 ad
815 1073 1018 1130 Novum
1053 1074 1288 1144 pertinet
1323 1077 1505 1144 utique
1525 1076 1951 1130 Testamentum.
1981 1076 2113 1131 Nam

524 1170 650 1224 licet
688 1177 912 1238 utraque
956 1169 1064 1223 sint
1091 1168 1294 1233 dulcia,
1328 1177 1508 1222 tamen
1541 1169 1643 1239 favi
1674 1184 1834 1237 sapor
1869 1178 1953 1223 est
1987 1182 2116 1221 sua-

523 1259 642 1313 vior
664 1299 680 1323 ,
712 1259 838 1328 quia
861 1257 1035 1328 gratia
1064 1257 1322 1313 novitatis
1347 1259 1548 1328 majore
1569 1259 1894 1313 cumulatur.
1933 1259 2116 1314 Potest

523 1350 684 1408 etiam
728 1356 781 1402 et
837 1348 937 1402 mel
968 1348 1194 1418 intelligi
1251 1356 1436 1416 aperta
1495 1349 1739 1402 doctrina
1789 1350 2113 1417 sapientiam

522 1443 694 1513 favum
743 1455 902 1506 vero,
951 1457 1072 1512 qua:
1120 1442 1171 1495 in
1219 1441 1539 1510 quibusdam
1595 1440 1871 1509 profundis
1911 1440 2118 1497 cellulis

529 1533 782 1601 probatur
810 1547 930 1588 esse
970 1532 1264 1587 recondita.
1297 1533 1448 1600 Quod
1481 1542 1762 1602 utrumque
1794 1535 1845 1588 in
1876 1534 2118 1604 Scriptu-

523 1631 598 1683 ris
651 1627 850 1683 divinis
875 1642 982 1682 non
1051 1636 1134 1680 est
1182 1625 1404 1681 dubium
1449 1626 1700 1695 reperiri.
1752 1626 1989 1694 Addidit,
2039 1625 2118 1681 ori

521 1735 632 1774 meo
655 1735 672 1773 :
697 1718 908 1788 quando
938 1732 1125 1772 revera
1153 1718 1326 1787 ipsam
1368 1719 1723 1787 sapientiam,
1761 1735 1920 1788 quam
1950 1719 2116 1774 fauci-

2214 527 2328 576 loco
2358 519 2442 592 (ll
2479 521 2624 576 Petr.
2657 539 2706 591 ι,
2735 524 2844 592 l9).
2886 524 2978 579 Sic
3005 534 3060 579 et
3099 525 3217 594 ipse
3246 524 3506 580 Dominus
3551 521 3832 593 apostolis

2215 613 2343 668 dicit
2370 631 2385 668 :
2416 612 2533 669 Sint
2565 614 2725 668 lumbi
2754 617 2903 667 vestri
2947 615 3233 684 praecincti,
3281 623 3329 669 et
3379 617 3600 669 lucerna
3629 620 3830 666 vestra

2215 705 2452 759 ardentes
2479 705 2634 778 (Luc.
2663 721 2764 772 xu,
2792 704 2907 776 55).
2943 707 3085 761 Bene
3129 717 3307 762 autem
3333 707 3567 761 ardentes
3608 703 3832 759 addidit

2215 802 2438 864 preptcr
2481 796 2713 866 virgines
2732 794 2940 858 fatuas,
2974 796 3169 865 quibus
3200 811 3322 851 cum
3365 798 3545 852 oleum
3575 795 3827 858 defecit.

2215 887 2280 940 ad
2311 886 2596 940 adventum
2628 885 2822 956 Sponsi
2850 904 2956 941 non
2991 895 3286 954 potuerunt
3313 888 3644 957 praestolari.
3677 886 3830 941 Ver-

2217 979 2336 1032 bum
2365 989 2542 1035 autem
2583 979 2713 1034 illud
2751 980 3207 1036 consubstantiale
3234 980 3376 1036 Patri
3409 995 3440 1034 a
3469 989 3661 1034 natura
3699 977 3830 1034 dei-

2219 1072 2340 1127 tatis
2368 1085 2480 1126 sua:
2512 1071 2720 1126 lucerna
2755 1087 2860 1126 non
2885 1081 3062 1142 potest
3085 1071 3212 1140 dici,
3245 1074 3385 1144 quod
3409 1071 3672 1126 illuminat
3701 1087 3828 1125 om-

2216 1177 2329 1214 nem
2370 1161 2625 1216 hominem
2659 1164 2943 1217 venientem
2982 1165 3037 1216 in
3078 1165 3214 1218 hunc
3245 1163 3494 1219 mundum
3524 1161 3702 1233 (lacn.
3763 1176 3822 1225 ι,

2217 1251 2306 1321 9);
2343 1254 2481 1307 sicut
2510 1262 2565 1308 et
2615 1255 2728 1323 ipse
2751 1255 2819 1309 de
2849 1269 2909 1310 se
2939 1255 3069 1310 dicit
3099 1272 3114 1309 :
3147 1255 3259 1327 Ego
3288 1272 3403 1308 sum
3431 1256 3601 1308 lumen
3633 1253 3824 1307 muniis

2217 1344 2356 1416 (ld.,
2397 1361 2508 1410 vm,
2570 1345 2683 1415 1‘2).
2720 1347 2848 1402 Nam
2883 1348 2980 1401 ista
3015 1347 3271 1403 discretio
3318 1357 3374 1402 et
3419 1348 3472 1401 in
3515 1345 3821 1417 Evangelia

2217 1436 2355 1491 facta
2376 1447 2475 1496 est.
2514 1439 2603 1492 ubi
2626 1439 2693 1493 de
2720 1440 2926 1496 Joanne
2951 1441 3153 1496 dictum
3183 1450 3264 1496 est
3291 1459 3302 1494 :
3335 1440 3438 1496 Ille
3466 1452 3571 1495 erat
3591 1439 3816 1494 lucerna

2216 1529 2403 1582 ardens
2449 1537 2495 1582 et
2537 1531 2712 1584 lucens
2742 1529 2878 1599 (Id.,
2902 1548 2968 1594 ν.
3000 1532 3118 1602 55).
3147 1532 3214 1587 Ει
3262 1533 3455 1588 iterum
3484 1551 3497 1585 :
3529 1531 3646 1586 Non
3664 1533 3814 1585 enim

2218 1629 2329 1674 erat
2377 1621 2468 1673 ille
2492 1625 2694 1687 lumen,
2723 1625 2813 1676 secl
2834 1624 3009 1691 utique
3033 1626 3216 1678 missus
3253 1635 3347 1690 est,
3378 1634 3434 1677 ut
3457 1623 3816 1680 testimonia.

2216 1711 2500 1780 perhiberet
2532 1713 2594 1767 de
2641 1715 2831 1768 lumine
2855 1713 2988 1785 (Id.,
3030 1732 3067 1780 ι,
3108 1717 3186 1785 8).
3236 1715 3509 1786 Sequitur,
3540 1729 3589 1772 et
3634 1717 3816 1776 (mea

524 1815 623 1868 bus
653 1811 1045 1882 deglutiverat,
1089 1825 1186 1864 ore
1241 1811 1587 1880 praedicabat.
1639 1811 1730 1867 Sic
1773 1821 1824 1865 et
1859 1811 2112 1867 Ezechiel
2143 1798 2190 1858 B
2217 1805 2406 1858 semitis
2427 1821 2570 1860 meis.
2601 1805 2658 1859 in
2685 1806 2873 1861 eadem
2899 1809 3241 1863 translatione
3265 1812 3577 1878 permansit,
3613 1820 3674 1866 ut
3697 1827 3814 1865 eer-

522 1903 782 1974 proplteta
805 1901 935 1956 dicit
957 1901 1024 1956 de
1046 1901 1303 1956 Domino:
1330 1901 1400 1954 Et
1421 1903 1494 1955 ait
1513 1902 1580 1955 ad
1603 1919 1708 1958 me:
1733 1900 1839 1956 Fili
1868 1903 2108 1970 hominis,

520 1995 656 2063 quod
679 1995 912 2050 inuenisti
933 1994 1208 2058 manduca,
1236 2004 1282 2048 et
1306 1996 1491 2049 devora
1513 1997 1749 2048 uolumen
1773 1995 1888 2062 hoc,
1916 2005 1964 2049 et
1985 1997 2114 2049 vade

519 2096 566 2143 et
593 2086 798 2158 loquere
824 2086 894 2140 ad
931 2087 1140 2140 domum
1177 2085 1360 2141 lsrael.
1407 2087 1472 2140 Et
1515 2088 1821 2141 manducavi
1866 2088 2023 2154 illud,
2065 2098 2113 2143 et

519 2183 793 2251 factumest
815 2181 868 2234 in
889 2195 975 2233 ore
986 2195 1096 2233 meo
1116 2179 1246 2232 sicut
1271 2179 1370 2233 mel
1392 2178 1539 2232 dulce
1554 2178 1774 2249 (Ezech.
1793 2195 1870 2246 lit,
1894 2179 2010 2246 1,2.
2029 2181 2108 2250 5).

591 2269 748 2327 Vers.
796 2268 920 2325 104.
966 2270 1008 2322 Α
1053 2271 1309 2324 mandatis
1364 2271 1466 2324 tuis
1509 2270 1738 2324 intellexi
1778 2288 1797 2326 :
1835 2283 2108 2343 propterea

519 2362 654 2417 edici
690 2377 888 2416 omnem
921 2361 1386 2432 uiaminiquitatis.
1423 2360 1618 2430 Legem
1644 2361 1856 2416 Domini
1887 2363 2111 2420 edoctus

517 2462 834 2526 acceperat:
869 2451 995 2521 Fili,
1028 2455 1136 2508 noli
1158 2455 1421 2509 ambulare
1450 2456 1583 2509 uiam
1607 2473 1720 2510 cum
1747 2457 1920 2528 impiis
1962 2475 1982 2513 :
2022 2460 2107 2512 di-

520 2557 655 2604 certe
694 2556 864 2602 autent
909 2547 1088 2618 pedem
1133 2557 1276 2600 tuum
1318 2545 1380 2599 ab
1425 2547 1693 2601 itineribus
1719 2541 1928 2615 eorum;
1959 2551 2108 2618 pedes

521 2641 656 2697 enim
690 2656 868 2696 eorum
916 2640 970 2692 in
1007 2639 1259 2692 ma'itiam
1305 2648 1554 2707 currunt,
1585 2649 1634 2694 et
1673 2640 1867 2694 veloces
1897 2651 2013 2695 sunt
2039 2642 2109 2696 ad

519 2731 890 2800 effundendum
916 2729 1221 2801 sanguinem
1247 2727 1427 2796 (Prov.
1459 2745 1499 2795 t,
1530 2731 1622 2794 15,
1656 2731 1768 2802 16).
1818 2731 2109 2788 Audiverat

518 2823 682 2878 etiam
710 2839 726 2878 :
759 2822 1044 2878 Perdidisti
1069 2837 1246 2875 omnes
1272 2823 1360 2891 qui
1388 2821 1711 2889 fornicamur
1731 2825 1820 2879 abs
1845 2834 1894 2880 te
1921 2823 2101 2897 (Psal.

521 2930 685 2980 usu,
713 2913 830 2984 9.7).
880 2913 945 2968 Et
990 2913 1114 2967 alibi
1147 2929 1160 2965 :
1199 2912 1302 2979 Qui
1337 2914 1551 2985 diligitis
1602 2915 1877 2970 Dominum
1902 2958 1917 2981 ,
1969 2918 2107 2972 adite

520 3007 713 3060 malum
743 3003 918 3075 (Psal.
965 3019 1108 3070 xcvi,
1148 3003 1258 3075 l0).
1285 3005 1348 3059 Et
1375 3015 1567 3060 cmtera
1595 3023 1716 3076 qua:
1740 3008 1792 3062 in
1825 3009 1965 3064 hunc
1992 3026 2108 3065 mo-

513 3096 654 3151 ‘dum
679 3096 858 3152 divina
887 3095 1122 3150 lectione
1152 3095 1361 3164 prolata
1389 3105 1536 3152 sunt.
1567 3097 1718 3152 Talia
1746 3101 1948 3172 quippe
1974 3101 2102 3156 dum

2216 1897 2331 1950 bum
2375 1896 2608 1964 Domini,
2636 1897 2688 1953 id
2717 1907 2802 1955 est
2827 1900 2965 1954 dicta
3007 1900 3388 1970 prophetarum
3454 1901 3634 1956 lumen
3661 1903 3816 1960 dica'

2214 1992 2326 2047 suis
2353 1993 2546 2048 semitis
2574 1992 2911 2062 prmstitisse.
2953 1994 3054 2049 Per
3085 1996 3226 2064 ipsas
3253 1995 3517 2065 siquidem
3535 2036 3551 2063 ,
3579 1997 3710 2051 dum
3745 1997 3816 2053 ad

2217 2085 2338 2140 vita:
2368 2086 2524 2140 bonae
2549 2101 2763 2141 cursum
2789 2087 3124 2156 instruimur,
3151 2088 3424 2143 clariﬁcati
3449 2088 3621 2145 corde
3645 2089 3815 2144 rectis

2219 2175 2350 2247 (eth.
2383 2177 2623 2250 directis]
2645 2178 2918 2249 gressibus
2947 2179 3305 2234 ambulamus.

2285 2269 2440 2324 Vers.
2473 2269 2598 2325 106.
2621 2268 2806 2324 Juraui
2846 2281 2893 2324 et
2912 2270 3070 2324 statui
3094 2271 3346 2324 custodire
3357 2271 3568 2343 judicia
3589 2273 3810 2345 justitia

2217 2373 2340 2418 tuae.
2366 2362 2492 2417 Post
2523 2362 2668 2416 illam
2700 2362 3144 2418 illuminationem
3175 2364 3345 2428 verbi,
3375 2380 3535 2431 quam
3563 2366 3678 2419 suis
3705 2381 3812 2434 pc-

2211 2456 2370 2513 dibus
2397 2457 2578 2512 lucere
2602 2455 2877 2526 professus
2898 2465 3008 2521 est,
3042 2455 3316 2510 videamus
3345 2457 3390 2510 si
3421 2457 3653 2526 populus
3680 2457 3808 2513 bea-

2213 2558 2297 2603 tus
2326 2556 2514 2602 contra
2546 2555 2868 2618 praeceptum
2894 2547 3122 2616 potuerit
3143 2550 3323 2618 jurare
3343 2589 3359 2609 ,
3391 2563 3514 2602 cum
3544 2549 3808 2618 scriptum

2210 2643 2281 2698 sit
2306 2641 2358 2696 in
2393 2640 2682 2707 Evangelio
2708 2655 2722 2694 :
2752 2639 2870 2694 Non
2900 2639 3094 2706 iurabis
3116 2637 3276 2710 415
3301 2655 3460 2708 neque
3486 2656 3578 2710 per
3598 2643 3808 2712 calum,

2211 2749 2375 2804 neque
2422 2749 2513 2802 per
2553 2741 2764 2798 terram,
2795 2746 2952 2800 neque
2980 2746 3070 2800 per
3097 2727 3492 2799 Jerosolyniam,
3523 2747 3685 2799 neque
3719 2748 3806 2797 per

2209 2832 2363 2892 caput
2403 2834 2544 2877 tuum
2593 2823 2814 2892 (Matth.
2849 2837 2902 2887 v,
2945 2821 3089 2890 54),
3135 2831 3190 2876 et
3217 2832 3433 2876 cratera.
3481 2821 3589 2877 Sed
3617 2823 3808 2892 jurare

2198 2905 2316 2972 \non
2363 2929 2580 2986 semper
2607 2913 2878 2985 signiﬁcat
2907 2921 3241 2968 sacramenta
3272 2922 3560 2983 pra-stare,
3595 2914 3647 2966 in
3673 2914 3806 2982 qni-

2208 3009 2308 3064 bus
2337 3007 2638 3063 invocanda
2679 3007 3024 3062 Divinitatem
3058 3005 3415 3074 pollicemur,
3456 3021 3520 3059 ne
3559 3007 3802 3073 promis-

2209 3100 2390 3156 siones
2412 3109 2624 3156 nostras
2663 3097 2994 3154 mutabiliter
3022 3097 3373 3154 excedamus.
3404 3099 3493 3156 Sic
3520 3109 3572 3154 ct
3601 3111 3808 3153 sancta

521 3190 783 3247 :tudiisset
813 3191 866 3245 in
896 3190 1162 3245 mandatis
1195 3190 1430 3258 Domini,
1456 3192 1591 3245 uiam
1618 3193 1905 3264 iniquitatis
1941 3195 2102 3252 intel-
2134 3178 2178 3240 C
2209 3193 2422 3248 devotio
2445 3193 2764 3248 decreverat
2790 3190 2893 3246 sibi
2920 3199 3080 3260 atque
3100 3191 3456 3245 constituerat
3481 3191 3620 3246 inter
3647 3207 3797 3260 qna:-

522 3284 650 3342 lexit
689 3285 1014 3341 omnimodis
1065 3285 1453 3339 exsecrandam
1481 3325 1495 3351 ,
1533 3300 1652 3355 quae
1688 3286 1837 3357 justo
1882 3289 2110 3347 Domino

520 3380 736 3448 placere
759 3394 864 3432 non
897 3385 1123 3446 poterat.
1155 3377 1288 3430 0dio
1318 3377 1462 3433 enim
1490 3377 1688 3434 debent
1710 3395 1832 3436 esse
1854 3397 1973 3451 qum
2003 3396 2108 3439 sa:-

519 3467 627 3524 culi
657 3477 810 3528 sunt,
842 3475 898 3520 ut
925 3465 1086 3520 rebus
1114 3465 1427 3520 caelestibus
1465 3476 1610 3522 totus
1651 3469 1992 3537 impendatur
2019 3471 2107 3527 af-

519 3558 715 3614 fectus.
756 3557 919 3613 Decet
953 3557 1096 3611 enim
1138 3570 1236 3610 nos
1266 3559 1546 3613 exsecrari
1601 3576 1718 3630 qua:
1761 3563 1902 3618 mala
1951 3576 2105 3634 sunt,

518 3636 642 3721 quia
672 3646 940 3737 interdum
973 3662 1000 3700 a
1027 3649 1208 3718 pravis
1235 3649 1558 3706 necessitate
1580 3653 1949 3722 prohibemur;
1977 3674 2108 3726 quo-

520 3741 662 3795 niam
691 3732 1147 3793 conscius-eorum
1181 3737 1397 3792 videtur
1424 3741 1658 3807 animus,
1686 3745 1774 3812 qui
1798 3745 1972 3816 aliqua
2003 3747 2107 3804 illis

515 3830 870 3886 delectatione
897 3827 1264 3884 consenserit.
1297 3827 1679 3897 Sequestratur
1707 3845 1884 3889 autem
1905 3836 1974 3891 ab
1999 3835 2107 3891 illis

515 3920 682 3977 rebus
712 3919 958 3974 voluntas
987 3917 1246 3986 ﬁdelium,
1289 3933 1408 3988 quas
1436 3918 1560 3975 odio
1601 3921 1970 3981 intercedente
2005 3927 2106 3982 da-

515 4019 828 4077 mnaverat;
860 4020 917 4066 ut
946 4025 1046 4067 nec
1087 4020 1217 4066 voto
1267 4025 1367 4068 nec
1416 4015 1728 4082 operatione
1775 4031 1834 4072 se
1876 4019 2101 4088 polluat,

513 4102 604 4172 qui
636 4111 870 4157 mentem
900 4117 1052 4157 suam
1085 4102 1178 4156 tali
1207 4105 1583 4160 exsecratione
1611 4106 1876 4175 puriﬁcat.

586 4191 742 4247 Vers.
772 4193 1081 4248 105.—xw.
1109 4193 1242 4250 Nuu.
1271 4193 1504 4250 Lucerna
1525 4199 1737 4264 pedibus
1751 4201 1875 4254 meis
1897 4203 2103 4257 uerbum

515 4295 682 4349 tuum,
714 4282 962 4352 Domine,
994 4294 1041 4338 et
1085 4286 1253 4340 lumen
1298 4288 1490 4344 semitis
1521 4290 1665 4344 meis.
1714 4291 1842 4348 Post
1887 4295 2099 4351 tertiam

515 4373 777 4429 decimam
809 4373 1042 4429 litteram
1069 4375 1135 4429 ad
1161 4387 1406 4446 quartam
1429 4378 1694 4436 decimam
1717 4385 1913 4439 cohors
1944 4385 2097 4442 beata

507 4465 866 4536 pervenithin
907 4480 1010 4536 qua
1049 4467 1260 4537 pedibus
1289 4469 1401 4524 suis
1439 4471 1697 4527 Dominici
1733 4477 1882 4531 verbi
1921 4477 2092 4533 lumen

2211 3289 2341 3345 libet
2363 3291 2601 3359 pericula
2626 3287 2837 3344 Domini
2864 3287 3126 3342 custodire
3143 3287 3370 3360 judicia.
3387 3286 3519 3342 Nam
3542 3299 3598 3342 et
3617 3289 3804 3356 ipsum

2210 3395 2405 3436 nomen
2432 3379 2634 3435 indicat
2659 3393 2906 3442 causam;
2949 3380 3136 3450 jurare
3165 3378 3308 3434 enim
3352 3388 3436 3433 est
3460 3379 3586 3449 jure
3618 3394 3803 3448 orare,

2209 3474 2264 3529 id
2308 3482 2392 3529 cst
2420 3473 2727 3542 aequitatem
2764 3471 2948 3528 dicere
2989 3489 3002 3526 :
3048 3486 3116 3528 ne
3162 3473 3293 3527 velit
3337 3471 3610 3543 quispiam
3656 3472 3804 3544 quod

2209 3566 2460 3634 promisit
2489 3565 2543 3620 in
2582 3573 2789 3636 partem
2835 3565 3061 3620 alteram
3113 3563 3368 3618 seductus
3400 3571 3668 3619 avertere.
3713 3563 3805 3620 Sic

2209 3657 2350 3713 enim
2393 3656 2598 3727 jurant,
2635 3655 2686 3712 id
2731 3664 2820 3711 est
2853 3655 3016 3710 'llrme
3065 3653 3405 3711 constituunt
3451 3655 3662 3722 sancti,
3709 3657 3801 3726 qui

2204 3749 2315 3820 jam
2361 3757 2487 3804 sunt
2515 3751 2656 3804 dono
2701 3748 2914 3804 Domini
2950 3748 3210 3804 roborati.
3257 3747 3312 3802 In
3363 3749 3646 3818 evangelio
3671 3763 3800 3803 vere

2209 3840 2458 3910 prohibet
2491 3840 2750 3895 Dominus
2775 3839 3041 3904 inﬁrmos,
3075 3839 3164 3910 qui
3195 3847 3416 3894 venerat
3448 3840 3516 3893 ad
3542 3841 3797 3902 parvulos

2207 3931 2530 4002 sauciosqne
2555 3931 2866 4000 salvandos,
2902 3947 2971 3986 ne
2999 3932 3170 3986 velint
3204 3940 3408 3988 temere
3436 3934 3796 4002 promittere,

2207 4023 2348 4093 quod
2391 4038 2726 4093 nequaquam
2774 4033 3020 4093 poterant
3065 4024 3176 4079 suis
3221 4024 3429 4078 viribus
3474 4025 3778 4095 adimplere

2205 4113 2417 4169 Iudicia
2441 4128 2572 4170 vero
2590 4115 2812 4187 justitia:
2840 4125 2987 4181 sunt,
3017 4129 3140 4170 cum
3164 4116 3368 4171 esaltat
3395 4116 3667 4184 humiles,
3701 4119 3794 4174 de-

2200 4207 2318 4276 jicit
2339 4207 2621 4276 superbos,
2652 4216 2706 4262 et
2739 4197 3121 4262 misericordia
3144 4222 3254 4261 sua:
3283 4207 3426 4262 dono
3458 4211 3667 4265 relevat
3696 4210 3794 4266 bu-

2209 4299 2322 4356 mili
2361 4300 2731 4356 satisfactione
2773 4306 3090 4369 prostratos.
3123 4297 3276 4368 Quod
3317 4313 3553 4371 sequens
3599 4319 3793 4359 versus

2323 4394 2456 4448 ndit.

2323 4405 2456 4448 nti’t.

2203 4405 2424 4538 osSiler;
2460 4483 2581 4539 107.
2611 4483 2932 4538 Ilumiliatus
2959 4500 3070 4538 sum
3106 4500 3488 4556 usquequaque,
3525 4483 3749 4542 Domine
3771 4506 3790 4542 :

505 4557 711 4612 radiare
740 4557 1062 4626 οοηειιιιάθι,
1097 4558 1328 4613 “Diniam
1362 4574 1513 4615 suam
1545 4562 1840 4622 humillima
1868 4568 2081 4624 SﬂliSfa-
2117 4566 2167 4625 D
2189 4578 2387 4646 viui/ica
2404 4595 2482 4633 me
2499 4577 2781 4631 secundum
2798 4576 3005 4631 verbum
3026 4587 3188 4632 tuum.
3203 4577 3335 4633 Cum
3353 4579 3787 4636 sedicantChri-

503 4651 680 4706 etione
707 4651 1092 4705 commendans
1127 4669 1138 4703 :
1177 4663 1439 4721 expetens
1473 4656 1852 4713 retributiones
1877 4660 2091 4717 Domini

503 4741 845 4812 praemiorum
887 4741 1184 4806 desiderio,
1218 4758 1324 4796 non
1365 4751 1574 4802 terrore
1598 4747 1866 4804 vindictae.
1903 4751 2092 4808 Sciens

501 4850 631 4904 ergo
657 4833 815 4904 hujus
852 4834 1033 4890 saeculi
1067 4845 1277 4891 noctem
1325 4837 1551 4893 diversis
1596 4840 1980 4900 oﬂensionibus
2021 4849 2092 4902 ir-

501 4923 718 4979 retitam
740 4966 755 4990 ,
788 4932 847 4979 ut
877 4925 1002 4979 alibi
1038 4927 1288 4995 laqueos,
1322 4928 1447 4984 alibi
1484 4932 1760 5001 scopulos,
1795 4936 1919 4990 alibi
1958 4954 2089 4993 con-

502 5014 670 5068 tineat
693 5015 1136 5083 pzolnndissimas
1169 5018 1464 5085 vastitates,
1490 5024 1702 5092 pedibus
1730 5028 1840 5081 suis
1885 5032 2086 5086 verbum

501 5106 710 5162 Domini
738 5105 916 5162 lucere
950 5119 1206 5175 tesmtur;
1242 5127 1309 5165 ne
1341 5113 1578 5168 absentia
1605 5118 1717 5172 veri
1755 5119 1973 5176 luminis
2005 5125 2085 5178 in-

497 5196 640 5252 cidat
672 5196 725 5250 in
757 5197 986 5263 ruinam,
1013 5215 1171 5266 quam
1203 5217 1296 5269 per
1318 5217 1468 5258 suam
1502 5206 1888 5272 providentiam
1911 5214 2085 5270 vitare

494 5302 600 5342 non
626 5296 856 5355 poterat.
909 5289 1013 5343 Sed
1049 5290 1133 5346 hic
1180 5295 1384 5346 uerbum
1439 5295 1569 5351 illud
1616 5299 1778 5355 debet
1833 5303 2079 5376 intelligi,

496 5378 635 5450 quod
667 5392 762 5446 per
793 5378 1103 5448 Scripturas
1141 5393 1358 5439 sanctas
1385 5387 1766 5455 prophetarum
1797 5410 1890 5446 ore
1919 5399 2077 5451 semi-

493 5477 678 5523 natnm
708 5477 812 5522 est.
839 5468 991 5535 Quod
1023 5471 1158 5526 bene
1181 5475 1472 5542 appellavit
1511 5477 1800 5548 lucernam,
1833 5501 1950 5554 qua:
1982 5489 2077 5543 illl-

495 5560 669 5615 manis
691 5559 874 5616 usibus
897 5561 1018 5616 data
1041 5573 1122 5618 est
1149 5564 1216 5619 ad
1254 5566 1627 5636 depellendam
1657 5574 1828 5629 noctis
1855 5579 2078 5646 proluu-

492 5653 767 5707 dissimam
811 5655 1136 5720 edacitatem;
1191 5658 1327 5712 sicut
1381 5661 1572 5717 Petrus
1615 5669 1886 5733 apostolus
1912 5670 2077 5726 dicit:

500 5743 758 5800 Habemus
788 5745 1050 5799 certiorem
1070 5747 1429 5814 propheticum
1459 5770 1766 5820 sermonem.
1797 5761 1880 5813 cui
1928 5763 2076 5818 bene-

2199 4669 2268 4724 Sli
2287 4669 2526 4724 membra
2557 4668 2713 4723 nimis
2730 4668 3023 4734 humiliata,
3038 4669 3326 4724 multarum
3348 4675 3781 4738 persecutionum

2197 4776 2258 4816 se
2283 4760 2570 4816 ostendunt
2597 4761 2916 4816 sustinuisse
2944 4763 3212 4830 pericula;
3249 4773 3304 4818 et
3339 4764 3463 4818 ideo
3498 4777 3686 4834 petunt
3725 4783 3783 4822 se

2194 4853 2487 4908 secundum
2525 4853 2907 4922 promissioncs
2945 4852 3158 4908 Domini
3202 4856 3449 4921 uiuiﬁcari
3479 4873 3498 4912 :
3529 4861 3777 4929 quoniam

2164 4944 2246 4999 .in
2296 4954 2469 5000 morte
2523 4945 2843 5000 videbantur
2893 4946 3170 5000 constituti
3220 4948 3534 5004 coniitione
3582 4951 3776 5004 carnali

2189 5033 2335 5108 [mss.
2369 5037 2453 5100 A.,
2479 5034 2568 5102 B.,
2605 5034 2695 5102 F.,
2727 5035 3012 5108 carnales].
3047 5037 3342 5091 Secundum
3368 5041 3580 5094 uerbum
3602 5055 3772 5108 tuum,

2190 5128 2395 5183 scilicet
2427 5127 2839 5195 promissionem
2867 5127 3006 5182 illam
3030 5143 3149 5198 quia
3179 5129 3308 5182 dicit
3334 5145 3348 5183 :
3377 5129 3560 5184 Venite
3587 5134 3658 5187 ad
3677 5151 3770 5201 me,

2191 5233 2364 5271 omnes
2392 5219 2480 5284 qui
2509 5218 2755 5272 laboratis
2799 5228 2845 5271 el
2876 5220 3066 5272 onerati
3088 5220 3230 5284 estis,
3254 5229 3302 5272 et
3325 5236 3418 5290 ego
3439 5224 3669 5289 reﬁciam
3690 5242 3770 5280 us

2187 5307 2400 5379 (Matth.
2428 5325 2502 5374 XI,
2524 5309 2644 5378 28),
2677 5316 2733 5364 et
2760 5308 2844 5363 his
2875 5309 3089 5364 similia.
3117 5311 3307 5365 Sciunt
3334 5312 3499 5366 etiam
3528 5331 3624 5383 per
3643 5315 3773 5374 hanc

2187 5401 2544 5458 humilitatem
2587 5403 2870 5456 Dominum
2917 5400 3189 5456 Christum
3222 5402 3418 5458 diaboli
3451 5407 3646 5461 vicisse
3680 5423 3770 5461 su-

2185 5493 2422 5561 perbiam
2487 5512 2500 5546 :
2557 5495 2734 5548 sciunt
2798 5509 2892 5561 per
2949 5494 3261 5559 patientiam
3329 5499 3524 5551 mortis
3608 5499 3771 5566 ipsius

2183 5585 2340 5639 fortia
2372 5597 2617 5657 superata
2647 5606 2661 5643 :
2687 5588 2862 5642 sciunt
2892 5586 3072 5639 omnia
3117 5602 3428 5655 perpessum
3465 5590 3766 5658 Dominum,

2181 5689 2302 5743 qua:
2360 5679 2557 5732 sanctis
2614 5679 2725 5734 suis
2781 5677 3036 5748 praecepit
3084 5677 3374 5734 sustinuere.
3449 5681 3516 5734 Et
3581 5685 3768 5738 merito

2185 5766 2477 5826 humilitate
2498 5783 2593 5826 sua
2619 5780 2810 5834 petunt
2848 5770 3108 5840 remedia,
3141 5786 3238 5840 per
3264 5787 3386 5844 qua:
3415 5787 3474 5828 se
3509 5787 3761 5844 noverant
