4090 6346
287 331 400 415 ‘s't's

1200 344 1555 405 sxrosmo
1589 342 1658 399 1N
1688 336 2141 400 rsamsmuu.
2182 316 2373 395 rss‘L.
2416 320 2646 396 CXVlll.

3460 314 3572 391 Βὴλ

282 472 411 527 ‘esse
436 468 738 525 salvandos.
774 455 879 521 l‘er
912 466 1050 520 hanc
1086 462 1247 533 igitur
1287 461 1483 516 'tideles
1519 454 1680 526 supra
1712 450 1874 525 regna
1906 455 1953 513 Α
1987 450 2112 521 Reg.
2146 466 2242 517 xv,
2270 446 2402 519 ‘20);
2436 452 2550 519 ipse
2570 448 2701 504 Cain
2734 447 2904 503 litore
2928 445 3106 502 fratris
3136 440 3385 501 astrinxit
3413 444 3568 517 (Crit.

284 560 597 634 proﬁciunt,
643 573 739 628 per
784 558 920 611 hanc
959 553 1210 625 superbia
1243 554 1524 623 tyrannica
1561 553 1872 613 superatur,

292 592 597 634 yruuuusu,
645 592 728 628 pus
785 592 920 611 suum
959 592 1110 625 uuln"
1128 592 1210 608 υ...
1245 592 1524 623 ,διηυηινη
1561 592 1872 613 ν..,.ν-η..μ,

248 592 386 724 ινα·
418 653 556 708 hanc
591 653 646 705 in
690 642 952 705 aeternum
984 655 1250 717 martyres
1293 643 1507 709 vivunt;
1556 656 1656 696 nec
1699 646 1879 710 potest

287 742 389 801 dici
418 742 696 814 perlectus
720 743 809 810 qui
841 741 940 794 hac
969 740 1163 793 virtute
1194 738 1433 805 privatus
1463 744 1565 790 est.

270 840 281 901 ε
357 834 515 890 Vet‘s.
554 832 675 888 103.
716 831 1020 886 Voluntaria
1045 829 1147 885 oris
1178 827 1276 881 mei
1300 825 1612 895 beneplact'ta
1641 825 1746 894 fac,
1776 821 1879 874 Do-

276 919 445 990 mine,
480 934 528 980 et
550 927 754 995 judicia
784 933 875 977 tua
904 925 1027 978 decc
1053 938 1150 975 nte.
1181 920 1311 975 Cum
1343 933 1401 973 se
1427 917 1754 972 humiliatum
1783 915 1877 967 su-

292 1017 477 1085 perius
532 1016 727 1070 dixerit
764 1028 1153 1084 usquequaque,
1186 1026 1255 1065 nc
1291 1010 1435 1065 illam
1482 1009 1878 1063 inclinationem

287 1108 635 1163 nrccssitatis
665 1109 843 1177 potius
865 1105 1029 1160 fuisse
1052 1103 1304 1167 sentires,
1337 1102 1562 1167 addidit,
1594 1101 1881 1155 voluntaria

288 1199 392 1252 oris
421 1198 503 1253 sui
528 1196 790 1252 sacrificia
811 1197 958 1265 justo
983 1195 1210 1261 Domino
1233 1194 1350 1249 ﬁeri
1377 1208 1535 1263 posse
1555 1193 1881 1263 gratissima,

285 1302 408 1356 qutc
440 1288 583 1343 inter
608 1288 893 1343 sset-lentes
921 1288 1196 1355 angustias
1209 1286 1335 1355 ‘pius
1361 1287 1569 1340 animus
1600 1283 1877 1339 atterebat.

287 1383 664 1440 Laudes'enim
684 1384 767 1438 vcl
790 1383 842 1437 in
863 1384 973 1437 otio
987 1381 1495 1437 Demino'exliiberc
1516 1378 1880 1449 gratissimum

286 1478 404 1539 est“,
432 1474 528 1530 sed
556 1476 611 1528 in
640 1474 984 1529 tribulatione
1024 1472 1258 1542 amplius
1295 1472 1554 1543 probatur
1599 1472 1878 1537 eximium,

280 1564 819 1636 ‘quando‘iuiirmitas
849 1563 1102 1633 corporis
1131 1563 1320 1618 dolo‘re
1352 1577 1533 1630 pressa
1564 1578 1669 1618 non
1701 1562 1880 1616 vinci~

291 1668 400 1723 tur,
430 1655 675 1712 sed'tunc
713 1655 883 1726 magis
908 1656 1093 1709 anima
1140 1654 1264 1710 felix
1305 1656 1358 1708 in
1399 1654 1608 1709 Domini
1632 1655 1881 1710 laudibus

280 1748 577 1804 excitatur.
633 1747 753 1801 Uria
785 1755 963 1801 autem
994 1747 1284 1800 vol‘untaria
1311 1744 1573 1800 sacriﬁcia
1599 1753 1746 1813 sunt,
1777 1745 1878 1800 de-

1981 558 2054 609 tv,
2078 544 2133 614 8)
2154 584 2168 608 ,
2188 551 2243 598 et
2266 544 2348 596 his
2375 543 2569 598 similia
2589 558 2708 612 qu:c
2735 541 2787 597 in
2817 540 2972 609 hujus
2995 538 3177 594 smculi
3203 538 3571 608 longissimam

1979 634 2143 688 vitam
2194 633 2458 688 diabolica
2514 633 2714 704 iugiter
2761 638 3036 703 grassatur
3078 629 3307 685 insania.
3363 628 3420 682 ln
3474 628 3573 680 hae

1982 724 2126 779 enim
2160 724 2341 779 mundi
2370 725 2501 778 silva
2534 732 2609 779 tut
2636 725 2856 793 laqueos
2879 720 3109 784 invenis,
3143 710 3269 792 quot
3292 719 3417 775 vitia
3445 734 3575 774 con-

1983 814 2170 872 tueris.
2217 816 2323 872 Sed
2354 816 2583 888 collegio
2610 806 2710 871 isti
2750 824 2936 872 sancto
2966 815 3099 870 nihil
3131 825 3402 870 terrenum
3431 818 3575 883 pras-

1983 910 2161 967 valere
2184 911 2375 980 potuit,
2404 911 2492 981 qui
2522 924 2581 966 se
2611 910 2821 967 Caelesti
2849 896 3257 964 conversatione
3284 908 3538 964 tractavit
3562 948 3577 969 ,

1981 1004 2119 1057 sicut
2147 1003 2199 1058 in
2224 1003 2329 1057 alio
2356 1004 2562 1073 psalmo
2591 1002 2756 1058 dicit:
2789 1002 2977 1055 Anima
3006 1010 3182 1055 nostra
3226 999 3356 1054 sicut
3402 1008 3582 1069 passer

1982 1107 2152 1161 erepta
2182 1106 2256 1151 est
2282 1099 2344 1151 de
2374 1100 2549 1166 laqueo
2578 1089 2889 1151 venantium.
2935 1094 3161 1165 Laqueus
3184 1095 3435 1148 contritus
3479 1106 3577 1155 est,

1978 1190 2029 1245 et
2059 1207 2153 1244 nos
2175 1189 2386 1245 "liberati
2408 1196 2588 1247 sumus
2618 1184 2789 1262 (Psal.
2828 1184 3018 1254 θυῖε,
3052 1188 3129 1257 7).
3162 1186 3412 1257 Sequitur
3440 1190 3577 1240 auti~

1981 1280 2162 1335 dotum
2190 1281 2435 1346 ctelesm,
2481 1281 2621 1350 quod
2662 1287 2850 1335 contra
2883 1280 3039 1335 istius
3071 1279 3251 1334 Str-culi
3293 1278 3579 1349 cngn'os't-i«

1985 1381 2072 1429 tur
2116 1375 2320 1430 venena
2372 1378 2642 1443 p‘ugnarc;
2691 1368 2895 1429 scﬂicct
2943 1372 3194 1443 quoniam
3241 1391 3271 1426 α
3318 1368 3577 1427 mandatis

1987 1464 2198 1520 Domini
2232 1466 2455 1520 miuim‘c
2482 1464 2790 1521 declinavit.
2826 1464 2907 1519 Ab
2936 1454 3038 1519 illis
3057 1465 3200 1519 cnim
3232 1465 3319 1533 qui
3349 1479 3454 1519 non
3480 1462 3576 1516 dc-

1975 1556 2169 1623 ‘clinat,
2202 1557 2307 1611 ulla
2338 1556 2657 1624 deceptione
2685 1571 2792 1611 non
2816 1556 3073 1627 ’capitur:
3104 1554 3224 1626 quia
3252 1554 3402 1625 juxta
3430 1555 3571 1624 ip-a,

1980 1647 2095 1704 non
2120 1650 2172 1703 in
2197 1649 2327 1718 ipsis
2360 1644 2572 1703 insidiae
2603 1656 2747 1703 sunt.

2056 1738 2213 1794 Vers.
2244 1739 2368 1794 ill.
2432 1738 2748 1793 [latreditate
2788 1737 3034 1808 acquisiui
3063 1732 3349 1793 testimonia
3388 1746 3477 1791 tua
3523 1737 3575 1793 iit

285 1840 567 1895 notionem
600 1838 1014 1905 laudis'oll‘erre,
1044 1852 1151 1893 non
1189 1836 1416 1907 alicujus
1451 1836 1736 1892 mundana:
1776 1838 1876 1891 uti-
1911 1835 1955 1895 Β
1982 1834 2227 1888 a'ternum
2253 1850 2271 1887 .-
2299 1833 2420 1903 quia
2446 1833 2719 1887 exsultatio
2740 1832 2907 1886 cordis
2937 1833 3033 1886 mei
3056 1841 3194 1885 sunt.
3246 1830 3423 1886 Multis
3452 1833 3576 1902 qui-

286 1931 460 1987 tiratis
504 1942 774 2002 respectu,
815 1929 910 1984 sed
956 1929 1189 2000 propria:
1226 1928 1527 1985 devotiottis
1562 1929 1783 1995 intuitu,
1823 1939 1881 1984 ut

283 2026 472 2097 ipsum
513 2032 737 2096 propter
778 2037 839 2080 se
887 2023 1169 2078 Dominum
1212 2022 1495 2093 diligamus
1521 2040 1534 2078 :
1559 2028 1883 2079 veneremur

296 2119 607 2180 Auctorem,
638 2116 727 2184 qui
756 2113 888 2183 pluit
915 2128 1070 2182 super
1108 2114 1283 2184 justas
1320 2122 1371 2167 et
1398 2113 1618 2182 injuitos
1661 2113 1878 2182 (Matth.

285 2223 351 2274 τ,
384 2206 500 2277 45),
530 2206 622 2277 qui
650 2205 1093 2261 inaestimabiliter
1132 2205 1306 2259 bonus
1337 2214 1442 2260 est.
1475 2204 1617 2260 Petit
1651 2220 1780 2275 ergo
1825 2215 1882 2261 ut

294 2297 414 2367 ejus
442 2296 656 2352 devotio
688 2296 914 2350 Domino
937 2294 1194 2349 reddatur
1213 2304 1466 2365 accepta;
1494 2305 1757 2365 quatenus
1773 2297 1882 2351 hac

280 2387 571 2442 mblatione
597 2386 862 2456 placatus,
882 2384 1086 2456 judicia
1114 2398 1207 2438 sua
1239 2397 1363 2439 eum
1385 2384 1584 2452 doceat,
1611 2400 1734 2456 quae
1750 2386 1885 2439 iide-

289 2480 437 2536 libus
474 2480 723 2551 dignatur
758 2478 1028 2535 mentibus
1053 2478 1286 2548 aperire.
1324 2476 1436 2534 Sed
1480 2476 1885 2533 consideremus

274 2572 587 2645 «gloriosum
617 2571 797 2627 cordis
825 2569 1099 2635 ardorem,
1140 2576 1199 2623 ut
1241 2568 1331 2622 illa
1365 2581 1581 2637 semper
1608 2567 1762 2621 avide
1795 2576 1887 2636 pc-

286 2672 399 2729 tat,
430 2679 552 2734 qua:
574 2678 633 2719 se
667 2661 867 2732 stepius
894 2660 1171 2731 accepisse
1210 2668 1631 2727 commemorat,
1664 2660 1803 2715 sicut
1832 2661 1885 2714 in

274 2769 437 2811 nona
467 2755 648 2810 littera
672 2754 837 2810 dicit:
869 2752 1159 2809 Bonitatem
1187 2753 1353 2823 fecisti
1378 2768 1494 2806 cum
1518 2767 1659 2806 servo
1683 2760 1793 2807 tuo.
1821 2752 1889 2808 Et

268 2853 493 2901 “crum
523 2864 536 2899 :
568 2845 878 2913 Bonitatem,
920 2853 968 2899 et
1006 2844 1357 2913 disciplinam,
1400 2854 1449 2897 et
1473 2843 1734 2897 scientiam
1762 2842 1889 2898 doce

274 2951 397 2989 me.
431 2935 581 3001 Quod
614 2950 710 3005 per
738 2937 879 2992 hunc
909 2936 1127 2992 modum
1154 2942 1378 3007 utraque
1416 2937 1709 3005 probantur
1732 2937 1890 2993 intel-

272 3026 412 3096 ligi.
435 3026 644 3096 Jugitcr
677 3027 823 3083 enim
853 3027 1180 3099 sperandum
1211 3037 1323 3095 est,
1351 3027 1440 3083 ubi
1473 3027 1704 3097 petendo
1742 3042 1890 3084 sem-

276 3133 397 3190 per
424 3120 744 3190 acquiritur.

1984 1925 2106 1979 deut
2138 1924 2309 1979 modis
2350 1923 2549 1995 acquiri
2577 1923 2774 1978 dicitur
2819 1924 3075 1978 lucrativo
3124 1921 3430 1991 possessio;
3479 1921 3577 1976 sed

1985 2018 2078 2074 ille
2124 2016 2455 2073 honorabilis
2508 2015 2735 2073 habetur
2757 2015 2928 2082 ﬁlius,
2967 2016 3057 2088 qui
3103 2015 3446 2071 successione
3485 2022 3577 2085 pa-

1985 2118 2135 2167 terna
2166 2110 2447 2180 gloriatur.
2480 2108 2593 2165 noc
2619 2109 2764 2165 enim
2796 2098 3093 2180 legitimum
3121 2096 3318 2166 nomen
3341 2112 3452 2176 est,
3476 2108 3579 2161 hoc

1984 2206 2209 2257 summa:
2225 2200 2503 2256 ch‘aritatis
2520 2198 2799 2266 indicium,
2815 2202 2866 2254 et
2886 2198 3085 2269 judicia
3109 2199 3383 2254 seniorum
3405 2189 3579 2254 siuei-

1986 2305 2134 2362 pe‘re,
2148 2301 2201 2348 et
2212 2292 2280 2347 de
2294 2288 2598 2346 ﬁrmissima
2610 2288 3233 2361 possessione‘gaudere.
3260 2286 3579 2343 Testimouiu

1980 2387 2134 2439 ‘en'm
2162 2391 2286 2438 sunt
2314 2381 2527 2437 Domini
2552 2380 2823 2452 'prrecepta
2842 2379 3201 2447 sanctissima,
3224 2385 3343 2451 quae
3368 2379 3579 2450 Μοδὶρνί

1988 2477 2185 2547 popqu
2210 2477 2261 2541 in
2288 2473 2689 2531 Druteronomii
2710 2473 2847 2529 libro
2886 2472 2986 2529 sub
3031 2472 3407 2529 testificatione
3434 2487 3578 2527 com-

1990 2569 2273 2634 memorat,
2303 2566 2490 2623 dicens
2522 2583 2536 2621 :
2566 2565 2748 2621 Testor
2777 2566 2919 2620 vobis
2942 2564 3093 2620 hodie
3111 2567 3292 2620 calum
3317 2575 3368 2620 et
3393 2574 3579 2621 terram

1990 2656 2169 2730 (Deut.
2199 2672 2330 2724 xxx,
2366 2658 2475 2727 i9).
2509 2657 2578 2713 Et
2604 2657 2773 2712 alibi:
2810 2655 2985 2712 Estote
3023 2658 3149 2711 mihi
3188 2664 3357 2723 testes,
3396 2667 3446 2712 et
3487 2668 3579 2726 ego

1986 2751 2131 2807 vobis
2154 2752 2320 2821 testis,
2352 2751 2477 2813 dicit
2510 2748 2761 2805 Daminus
2783 2747 2918 2821 (Isa.
2943 2764 3092 2815 nm,
3118 2749 3227 2821 10).
3250 2749 3341 2807 Sic
3362 2757 3419 2806 et
3439 2750 3579 2820 Apo-

1990 2844 2162 2900 stolus
2186 2860 2200 2897 :
2237 2842 2504 2911 Testiﬁcor
2532 2857 2706 2897 coram
2734 2839 2865 2909 Deo,
2896 2853 2946 2897 et
2966 2839 3166 2896 Christo
3185 2830 3332 2911 Iesu,
3357 2851 3403 2897 et
3427 2850 3578 2913 ange-

1992 2935 2059 2990 lis
2085 2936 2194 3007 ejus
2219 2931 2273 3003 (I
2294 2932 2435 2989 Tim.
2459 2948 2515 2999 v,
2540 2932 2659 3004 21).
2692 2932 3033 3002 Quapropter
3062 2932 3179 2988 haec
3205 2941 3332 2989 sunt
3352 2934 3578 2989 testimo:

1986 3027 2104 3094 uia,
2133 3041 2251 3097 qua:
2270 3039 2331 3082 se
2351 3024 2652 3081 htereditate
2677 3024 2903 3096 pupulas
2914 3024 3113 3081 beatus
3137 3027 3191 3080 in
3210 3035 3462 3082 ‘azternum
3485 3036 3579 3081 ao-'-

1986 3117 2228 3188 ’quisiisse
2274 3115 2574 3187 gaudebat;
2616 3117 2820 3173 s'cilidet
2863 3118 3115 3187 quoniam
3141 3116 3265 3172 talis
3312 3116 3581 3175 lrteredita‘s

375 3207 532 3265 Vers.
563 3209 686 3266 109.
716 3211 904 3267 Anima
932 3228 1045 3268 mea
1071 3214 1127 3268 in
1154 3212 1387 3268 manibus
1415 3214 1518 3269 tatis
1544 3228 1741 3285 semper
1775 3229 1795 3268 :
1831 3223 1888 3270 'et
1919 3220 1969 3285 ο
1999 3211 2054 3264 in
2085 3214 2329 3266 (sternunt
2359 3208 2589 3279 capitur,
2626 3220 2736 3264 non
2765 3208 2830 3264 ad
2861 3210 3172 3265 brevitatem
3214 3209 3471 3280 temporis
3503 3212 3580 3266 in:

281 3300 462 3372 degens
491 3310 633 3356 luant
660 3320 761 3359 non
784 3311 903 3360 sunt
923 3306 1128 3361 oblitus.
1158 3306 1291 3362 Cum
1314 3308 1543 3361 animum
1562 3307 1692 3379 justi
1723 3310 1890 3362 latro-

291 3391 603 3449 cinantium
652 3405 1068 3466 persequeretur
1111 3397 1392 3469 iniquitas,
1421 3412 1649 3468 eamque
1678 3398 1890 3455 velient

282 3484 535 3541 diversis
576 3486 783 3557 laqueis
813 3489 1047 3556 irretirc,
1093 3490 1488 3560 sapientissime
1526 3492 1668 3546 illam
1696 3492 1751 3546 in
1779 3504 1893 3546 ma-

291 3576 458 3631 nibus
488 3577 701 3634 Domini
730 3580 862 3634 dicit
882 3580 1222 3644 collocatam,
1263 3582 1357 3636 ubi
1388 3582 1533 3636 nulla
1580 3583 1888 3638 nocentium

293 3668 386 3723 vis
428 3668 601 3738 possit
628 3670 915 3738 accedere»,
944 3670 1086 3725 sicut
1118 3671 1312 3742 legitur
1346 3689 1359 3726 :
1405 3671 1676 3727 Justorum
1703 3676 1890 3730 animo:

284 3765 357 3817 in
386 3778 545 3816 manu
571 3763 669 3818 Dei
696 3752 835 3830 sunt,
862 3773 908 3818 et
936 3780 1037 3819 non
1077 3774 1247 3836 tanget
1266 3764 1387 3821 illos
1414 3775 1729 3821 tormentum
1750 3776 1891 3821 mor-

287 3852 372 3906 tis
415 3850 570 3925 (ευρ.
614 3869 699 3917 tu.
731 3854 807 3925 ι).
843 3854 908 3909 Ει
942 3855 1175 3910 iterum:
1212 3855 1342 3910 Oves
1370 3873 1494 3912 mea:
1514 3867 1689 3912 vocem
1726 3873 1891 3912 meam

295 3945 523 3998 audiunt
550 3944 731 4017 (Joan.
767 3962 823 4013 ι,
853 3946 943 4011 27,
978 3945 1105 4017 28);
1153 3956 1209 4003 et
1254 3947 1419 4018 paulo
1457 3958 1621 4017 post:
1664 3947 1733 4004 Et
1788 3966 1892 4005 non

288 4038 440 4108 rapit
467 4052 555 4090 eas
573 4039 843 4110 quisquam
868 4038 932 4091 de
952 4053 1114 4092 manu
1136 4054 1270 4093 mea.
1312 4039 1553 4105 Addidit,
1581 4055 1801 4110 semper,
1835 4050 1891 4096 ut

292 4129 516 4186 nullum
546 4138 758 4201 tempus
784 4131 989 4186 dolosis
1013 4131 1455 4202 subreptionibus
1481 4132 1786 4203 relinquere
1807 4134 1892 4189 vi-

285 4220 547 4278 deretur.
592 4222 747 4290 Quod
780 4230 958 4278 autem
1002 4222 1153 4288 dicit,
1186 4224 1237 4277 in
1263 4224 1518 4291 manibus,
1548 4224 1809 4296 signiﬁcat
1840 4225 1894 4281 in

286 4322 597 4385 potestate,
633 4314 757 4385 quia
780 4317 932 4370 novit
960 4315 1268 4370 salutariter
1293 4327 1501 4387 regere,
1535 4318 1625 4386 qui
1670 4329 1733 4373 se
1772 4316 1893 4387 ejus

296 4405 607 4476 probantur
626 4406 966 4463 commisisse
992 4407 1295 4465 sentcntiae.
1323 4408 1578 4479 Sequitur
1599 4423 1695 4465 cur
1716 4410 1895 4465 anima

1993 3301 2208 3357 troitu'r.
2270 3299 2546 3371 Sequitur,
2596 3302 2716 3372 quia
2763 3301 3038 3357 exsultatio
3085 3302 3255 3357 cordis
3300 3304 3401 3358 nisi
3440 3294 3583 3359 sunt.

1993 3396 2183 3453 Merito
2229 3396 2621 3452 exsultationem
2650 3397 2734 3452 sui
2771 3396 2942 3452 cordis
2977 3390 3191 3455 dicebat
3233 3400 3583 3455 ltwreditatem

1991 3490 2143 3561 regni
2177 3489 2436 3557 ctelestis,
2465 3492 2682 3548 :ete'rnis
2730 3492 3063 3563 temporibus
3102 3493 3424 3559 a‘cquisitam.
3466 3496 3584 3566 ipse

1991 3589 2138 3641 enim
2168 3594 2407 3643 meretur
2435 3588 2500 3642 ad
2524 3588 2644 3644 eam
2677 3584 2978 3659 p‘er‘venire,
3001 3588 3088 3659 qui
3114 3589 3367 3658 probatur
3393 3590 3460 3646 de
3490 3582 3583 3647 tali

1993 3678 2346 3746 acquisitione
2373 3677 2625 3749 gaudere.

2066 3770 2231 3842 416
2262 3770 2420 3828 Vera.
2459 3762 2584 3827 112.
2629 3770 2885 3827 Inclinavi
2914 3780 3002 3827 eor
3028 3775 3194 3827 meu’in
3224 3774 3294 3827 ad
3318 3772 3584 3843 faciendas

1986 3863 2387 3933 justiﬁcationes
2419 3871 2531 3915 tuas
2571 3862 2632 3916 in
2666 3870 2913 3917 (uernum
2944 3873 3149 3935 propter
3175 3865 3579 3924 retributionem,

1993 3952 2284 4007 Audiverat
2303 3953 2500 4008 cohors
2514 3953 2617 4008 ista
2632 3953 2967 4008 sanctissima
2987 3954 3144 4025 (fuam
3168 3954 3447 4011 tnetlitatio
3462 3955 3545 4012 ire
3559 3985 3578 4000 ο

1993 4050 2161 4115 Quens
2183 4043 2383 4116 jugiter
2396 4044 2704 4100 instruebat
2727 4060 2743 4100 :
2778 4042 2970 4099 Discite
3003 4063 3033 4099 a
3064 4062 3141 4100 me
3161 4046 3284 4117 'quia
3304 4048 3441 4103 mitis
3465 4055 3583 4105 sunt

1995 4147 2041 4192 et
2071 4137 2280 4192 Immitis
2306 4137 2462 4191 corde
2482 4134 2701 4208 (Matth.
2741 4152 2819 4201 xl,
2848 4136 2965 4206 29).
3020 4135 3085 4191 Et
3116 4145 3337 4193 necesse
3380 4139 3482 4194 fuit
3522 4149 3583 4200 ut

1996 4236 2083 4283 cor
2109 4243 2263 4283 suum
2308 4229 2377 4282 'atl
2404 4227 2669 4299 faciendas
2705 4226 3102 4300 justiﬁcatioues
3148 4229 3356 4287 Domini
3407 4233 3581 4290 modii

1996 4316 2246 4375 omnibus
2289 4319 2594 4383 inclinaret,
2639 4332 2760 4389 qua:
2804 4318 2896 4374 tali
2946 4318 3256 4391 magisterio
3298 4322 3584 4389 inStruc’ta,

1996 4412 2228 4468 vitaliter
2257 4412 2486 4484 superba
2519 4412 2703 4467 mundi
2726 4411 2931 4482 fastigia
2962 4416 3267 4483 respuebat.
3313 4415 3583 4486 Iusti/ica-

296 4499 478 4570 ipsius
496 4500 747 4556 credatur
764 4502 821 4555 in
850 4500 1085 4557 manibus
1109 4502 1633 4565 Dominizconstituta
1653 4520 1669 4569 ;
1692 4503 1900 4559 scilicet
1999 4505 2160 4559 tiones
2185 4516 2268 4559 est
2292 4504 2489 4575 quippe
2517 4505 2710 4572 iacere,
2745 4506 2994 4561 mandata
3028 4505 3235 4561 Domini
3270 4506 3585 4563 humilitatis

292 4592 561 4663 quoniam
591 4594 753 4663 legem
782 4592 947 4661 ipsius
976 4608 1082 4650 non
1120 4594 1343 4650 docetur
1371 4596 1579 4650 oblitus.
1628 4593 1721 4651 Sic
1747 4595 1889 4650 enim
1924 4596 1969 4657 D
1996 4596 2244 4651 sensibus
2273 4595 2504 4666 operari,
2530 4605 2590 4651 ut
2614 4599 2870 4652 esurienti
2898 4612 3089 4666 panem
3118 4599 3351 4670 frangas,
3383 4599 3583 4657 nudum

290 4684 408 4739 sub
435 4682 747 4741 defensione
791 4686 955 4755 ipsius
982 4700 1189 4751 sumus,
1218 4687 1345 4742 dum
1377 4702 1409 4742 a
1437 4688 1720 4757 praeceptis
1749 4686 1892 4742 salu-

294 4775 517 4831 taribus
547 4777 766 4832 minime
790 4776 1088 4834 deviamus.
1134 4778 1246 4833 Hoc
1274 4778 1473 4849 ubique
1509 4793 1727 4848 semper
1753 4793 1892 4844 pne-

293 4869 530 4939 cipitur,
563 4870 665 4927 hoc
701 4871 1009 4941 specialiter
1036 4881 1476 4942 commonetnur,
1508 4882 1567 4930 ut
1592 4874 1672 4931 sic
1698 4874 1923 4930 redea—'

296 4974 431 5014 mus
459 4960 524 5014 ad
547 4960 741 5031 legem,
768 4976 835 5017 ne
864 4962 1203 5020 discedamus
1231 4980 1260 5019 a
1291 4966 1427 5036 lege.

382 5049 536 5105 Vera.
570 5052 691 5107 110.
729 5050 1016 5108 Posuerunt
1042 5064 1331 5125 peccatores
1353 5057 1589 5128 laqueum
1606 5058 1732 5132 [πίε.
1752 5059 1897 5116 G.et

294 5139 423 5205 δάε,
455 5141 682 5216 laqueos]
712 5144 838 5198 mihi
862 5160 882 5199 :
909 5154 957 5199 et
974 5162 1008 5199 α
1027 5147 1282 5201 mandatis
1306 5149 1410 5202 tuis
1436 5166 1537 5203 non
1558 5152 1746 5205 erraui.
1791 5153 1896 5204 Ροο

295 5240 566 5299 suerunt,
611 5234 878 5304 signiﬁcat
928 5236 1269 5291 tetenderunt
1313 5248 1473 5308 atque
1514 5251 1894 5309 armaverunt;

298 5336 423 5379 Iron
461 5324 605 5379 enim
645 5332 849 5380 tantum
892 5326 1016 5396 poni
1046 5335 1290 5397 poterant
1318 5328 1499 5384 otiosi.
1540 5330 1724 5401 Neque
1751 5335 1895 5387 enim

298 5414 530 5485 (aquam
564 5416 703 5486 capit
734 5431 917 5484 avem,
959 5418 1050 5488 qui
1078 5435 1182 5473 non
1215 5419 1375 5476 habet
1400 5436 1615 5488 escam;
1644 5425 1737 5479 sed
1769 5425 1898 5479 illud

300 5506 593 5563 efﬁcacius
619 5507 837 5579 decipit,
865 5512 1005 5581 quod
1022 5510 1197 5583 aliqua
1223 5512 1583 5569 oblectatione
1606 5516 1894 5573 blanditur.

302 5598 442 5656 Fuit
468 5598 610 5654 enim
649 5601 868 5672 laqueus
895 5602 1089 5659 diaboli
1118 5615 1356 5661 armatus
1388 5606 1601 5676 triginta
1629 5609 1900 5679 argenteis

290 5687 537 5765 (Matth.
565 5708 736 5759 xxvtt,
768 5693 846 5765 3),
876 5711 1000 5750 cum
1029 5696 1220 5751 ludam
1249 5697 1393 5767 cepit
1420 5707 1580 5768 atque
1622 5700 1674 5754 in
1714 5701 1896 5755 interi-

300 5788 436 5839 sum
462 5783 768 5851 sullocavit;
813 5788 927 5855 ipse
963 5788 1175 5844 Saulcm
1200 5788 1370 5844 vinxit
1395 5790 1511 5847 zelo
1541 5791 1806 5863 superbia:
1840 5791 1889 5863 (Ι

562 5900 835 5962 Panos.
883 5899 1080 5960 LXX.

2003 4686 2220 4750 vestias,
2252 4686 2541 4742 condoleas
2595 4687 2988 4743 calamitatibus
3038 4688 3250 4755 alienis,
3291 4700 3345 4745 et
3392 4692 3586 4747 cetera

2003 4782 2122 4848 quae
2156 4778 2445 4832 humanum
2476 4792 2647 4847 genus
2670 4762 2801 4851 [ed.,
2827 4778 3061 4832 humano
3091 4780 3273 4848 generi
3306 4780 3584 4836 conamen;
3612 4826 3617 4831 .

2005 4869 2154 4941 dare]
2183 4869 2458 4924 Creatoris
2483 4870 2654 4940 pietas
2698 4867 3041 4927 commonere
3082 4870 3297 4942 dignata
3331 4882 3434 4928 cst.
3476 4861 3585 4930 Sed

2005 4961 2454 5017 considerandum
2486 4970 2567 5017 est
2582 4960 2724 5039 quod
2744 4962 2873 5018 dicit
2888 4964 2941 5017 in
2971 4968 3236 5029 eternum,
3257 4963 3385 5019 dum
3408 4964 3586 5022 omnia

2002 5062 2122 5125 qua:
2160 5068 2320 5125 supra
2357 5054 2610 5121 diximus,
2664 5054 2844 5109 tandiu
2885 5052 2999 5109 ﬁeri
3056 5064 3301 5124 possunt,
3349 5056 3587 5127 qttandiu

2006 5146 2164 5218 hujus
2211 5147 2392 5202 mundi
2438 5146 2829 5203 calamitatibus
2876 5147 3275 5218 intlig‘cwiaquc
3303 5164 3584 5210 vexamur.

1998 5241 2134 5307 Quis
2180 5240 2323 5295 enim
2374 5240 2429 5293 in
2495 5238 2673 5294 futuro
2727 5239 3047 5295 misereatur
3094 5241 3311 5306 afﬂicto,
3363 5258 3484 5299 cum
3532 5244 3586 5301 in

2006 5331 2095 5385 illo
2142 5346 2307 5401 regno
2354 5328 2494 5385 nulla
2536 5330 2807 5399 probetur
2858 5338 2977 5386 esse
3031 5333 3281 5387 miseria?
3333 5333 3441 5391 Sed
3496 5337 3586 5403 qui

2009 5423 2095 5478 hic
2124 5424 2222 5477 ista
2250 5422 2373 5479 faeit
2404 5414 2587 5478 studio
2612 5420 2895 5478 charitatis
2914 5425 2966 5477 in
2994 5436 3239 5479 (sternunt
3272 5426 3362 5483 illa
3409 5427 3587 5486 facere

2003 5515 2414 5585 Comprobat'tlr,
2450 5500 2571 5584 quia
2610 5514 2840 5570 fructum
2878 5530 3061 5571 earum
3094 5533 3271 5574 rerum
3308 5520 3410 5575 sub
3454 5520 3583 5591 [εὼ.

2004 5606 2120 5678 pro]
2160 5606 2459 5661 mteruitate
2488 5605 2732 5677 recipiet.
2763 5606 3001 5673 Addidit,
3038 5609 3255 5681 Propter
3285 5612 3583 5665 retributio-

2000 5710 2151 5765 nem;
2173 5700 2376 5756 scilicet
2402 5700 2542 5755 illam
2569 5715 2730 5772 quam
2746 5701 2976 5757 audituri
3003 5715 3126 5759 sunt
3149 5704 3348 5759 sancti:
3382 5703 3581 5769 Venite,

2002 5790 2251 5846 benedicti
2276 5790 2448 5847 Patris
2477 5793 2594 5863 mei,
2628 5792 2872 5865 percipite
2914 5810 3123 5864 regnum
3156 5795 3292 5866 quod
3323 5794 3459 5850 vobis
3489 5812 3583 5865 pa.

2954 5904 3063 5979 ‘28
