  <div class='ocr_page' id='page_1' title='image "/cluster/home/n/w/nwhite01/storage/ocr_20150623/70/hvd.32044015469356/443.png"; bbox 0 0 4032 6340; ppageno 0'>
   <div class='ocr_carea' id='block_1_1' title="bbox 494 335 601 393">
    <p class='ocr_par' dir='ltr' id='par_1_1' title="bbox 494 335 601 393">
     <span class='ocr_line' id='line_1_1' title="bbox 494 335 601 393; baseline 0.019 -2"><span class='ocrx_word' id='word_1_1' title='bbox 494 335 601 393; x_wconf 75' lang='grc' dir='ltr'><strong>8τῦ</strong></span> 
     </span>
    </p>
   </div>
   <div class='ocr_carea' id='block_1_2' title="bbox 1716 332 2543 391">
    <p class='ocr_par' dir='ltr' id='par_1_2' title="bbox 1716 332 2543 391">
     <span class='ocr_line' id='line_1_2' title="bbox 1716 332 2543 391; baseline 0.004 -4"><span class='ocrx_word' id='word_1_2' title='bbox 1716 332 1786 387; x_wconf 83' lang='grc' dir='ltr'><strong>Μ.</strong></span> <span class='ocrx_word' id='word_1_3' title='bbox 1830 332 2103 390; x_wconf 68' lang='grc' dir='ltr'><strong>Αυῐὶίίυι</strong></span> <span class='ocrx_word' id='word_1_4' title='bbox 2145 332 2543 391; x_wconf 69' lang='grc' dir='ltr'><strong>(ΣᾹΞΞΙΟΠΟΙΠ</strong></span> 
     </span>
    </p>
   </div>
   <div class='ocr_carea' id='block_1_3' title="bbox 3672 335 3793 387">
    <p class='ocr_par' dir='ltr' id='par_1_3' title="bbox 3672 335 3793 387">
     <span class='ocr_line' id='line_1_3' title="bbox 3672 335 3793 387; baseline 0.017 -2"><span class='ocrx_word' id='word_1_5' title='bbox 3672 335 3793 387; x_wconf 69' lang='lat' dir='ltr'><strong>R75</strong></span> 
     </span>
    </p>
   </div>
   <div class='ocr_carea' id='block_1_4' title="bbox 496 430 3797 520">
    <p class='ocr_par' dir='ltr' id='par_1_4' title="bbox 496 430 3797 520">
     <span class='ocr_line' id='line_1_4' title="bbox 496 430 3797 520; baseline -0.001 -15"><span class='ocrx_word' id='word_1_6' title='bbox 496 462 670 507; x_wconf 85' lang='lat' dir='ltr'><strong>ratum</strong></span> <span class='ocrx_word' id='word_1_7' title='bbox 694 459 769 506; x_wconf 81' lang='lat' dir='ltr'><strong>est</strong></span> <span class='ocrx_word' id='word_1_8' title='bbox 796 452 861 505; x_wconf 86' lang='lat' dir='ltr'><strong>ab</strong></span> <span class='ocrx_word' id='word_1_9' title='bbox 890 449 1037 504; x_wconf 84' lang='lat' dir='ltr'><strong>initio</strong></span> <span class='ocrx_word' id='word_1_10' title='bbox 1066 447 1472 520; x_wconf 62' lang='lat' dir='ltr'><strong>mundiﬂfatth.</strong></span> <span class='ocrx_word' id='word_1_11' title='bbox 1497 463 1623 512; x_wconf 68' lang='lat' dir='ltr'><strong>xxv,</strong></span> <span class='ocrx_word' id='word_1_12' title='bbox 1643 446 1756 519; x_wconf 68' lang='lat'><strong>34),</strong></span> <span class='ocrx_word' id='word_1_13' title='bbox 1787 448 2089 517; x_wconf 63' lang='lat' dir='ltr'><strong>etmblagna</strong></span> <span class='ocrx_word' id='word_1_14' title='bbox 2125 452 2163 507; x_wconf 80' lang='grc' dir='ltr'><strong>Α</strong></span> <span class='ocrx_word' id='word_1_15' title='bbox 2197 449 2415 519; x_wconf 78' lang='lat' dir='ltr'><strong>speravit</strong></span> <span class='ocrx_word' id='word_1_16' title='bbox 2446 450 2496 503; x_wconf 85' lang='lat' dir='ltr'><strong>in</strong></span> <span class='ocrx_word' id='word_1_17' title='bbox 2521 447 2740 503; x_wconf 86' lang='lat' dir='ltr'><strong>Domino</strong></span> <span class='ocrx_word' id='word_1_18' title='bbox 2762 458 2809 502; x_wconf 88' lang='lat' dir='ltr'><strong>ct</strong></span> <span class='ocrx_word' id='word_1_19' title='bbox 2839 430 3079 519; x_wconf 77' lang='lat' dir='ltr'><strong>confusus</strong></span> <span class='ocrx_word' id='word_1_20' title='bbox 3105 458 3175 503; x_wconf 72' lang='lat' dir='ltr'><strong>est</strong></span> <span class='ocrx_word' id='word_1_21' title='bbox 3208 446 3429 520; x_wconf 71' lang='lat' dir='ltr'><strong>(Ecclrs.</strong></span> <span class='ocrx_word' id='word_1_22' title='bbox 3463 463 3522 512; x_wconf 90' lang='grc' dir='ltr'><strong>ιι,</strong></span> <span class='ocrx_word' id='word_1_23' title='bbox 3554 446 3687 517; x_wconf 81' lang='lat' dir='ltr'><strong>H)?</strong></span> <span class='ocrx_word' id='word_1_24' title='bbox 3731 455 3797 503; x_wconf 75' lang='lat' dir='ltr'><strong>ct</strong></span> 
     </span>
    </p>
   </div>
   <div class='ocr_carea' id='block_1_5' title="bbox 497 539 2075 611">
    <p class='ocr_par' dir='ltr' id='par_1_5' title="bbox 497 539 2075 611">
     <span class='ocr_line' id='line_1_5' title="bbox 497 539 2075 611; baseline -0.005 -12"><span class='ocrx_word' id='word_1_25' title='bbox 497 542 802 607; x_wconf 88' lang='lat' dir='ltr'><strong>retributio,</strong></span> <span class='ocrx_word' id='word_1_26' title='bbox 824 555 959 611; x_wconf 65' lang='lat' dir='ltr'><strong>quin,</strong></span> <span class='ocrx_word' id='word_1_27' title='bbox 982 549 1154 594; x_wconf 88' lang='lat' dir='ltr'><strong>tamen</strong></span> <span class='ocrx_word' id='word_1_28' title='bbox 1181 539 1248 593; x_wconf 88' lang='lat' dir='ltr'><strong>de</strong></span> <span class='ocrx_word' id='word_1_29' title='bbox 1275 539 1480 593; x_wconf 92' lang='lat' dir='ltr'><strong>Domini</strong></span> <span class='ocrx_word' id='word_1_30' title='bbox 1513 540 1757 608; x_wconf 78' lang='lat' dir='ltr'><strong>largitate</strong></span> <span class='ocrx_word' id='word_1_31' title='bbox 1783 539 2075 606; x_wconf 67' lang='lat' dir='ltr'><strong>proveniet,</strong></span> 
     </span>
    </p>
   </div>
   <div class='ocr_carea' id='block_1_6' title="bbox 500 629 2079 702">
    <p class='ocr_par' dir='ltr' id='par_1_6' title="bbox 500 629 2079 702">
     <span class='ocr_line' id='line_1_6' title="bbox 500 629 2079 702; baseline -0.005 -11"><span class='ocrx_word' id='word_1_32' title='bbox 500 636 728 691; x_wconf 81' lang='lat' dir='ltr'><strong>incolam</strong></span> <span class='ocrx_word' id='word_1_33' title='bbox 794 634 906 689; x_wconf 90' lang='lat' dir='ltr'><strong>ﬁeri</strong></span> <span class='ocrx_word' id='word_1_34' title='bbox 962 631 1107 702; x_wconf 77' lang='lat' dir='ltr'><strong>regni</strong></span> <span class='ocrx_word' id='word_1_35' title='bbox 1153 632 1419 701; x_wconf 74' lang='lat' dir='ltr'><strong>perpetui,</strong></span> <span class='ocrx_word' id='word_1_36' title='bbox 1453 640 1756 685; x_wconf 89' lang='lat' dir='ltr'><strong>consortem</strong></span> <span class='ocrx_word' id='word_1_37' title='bbox 1815 629 2079 683; x_wconf 89' lang='lat' dir='ltr'><strong>bonorum</strong></span> 
     </span>
    </p>
   </div>
   <div class='ocr_carea' id='block_1_7' title="bbox 497 720 2079 795">
    <p class='ocr_par' dir='ltr' id='par_1_7' title="bbox 497 720 2079 795">
     <span class='ocr_line' id='line_1_7' title="bbox 497 720 2079 795; baseline -0.003 -16"><span class='ocrx_word' id='word_1_38' title='bbox 497 726 829 795; x_wconf 91' lang='lat' dir='ltr'><strong>angelorum,</strong></span> <span class='ocrx_word' id='word_1_39' title='bbox 865 724 1086 793; x_wconf 87' lang='lat' dir='ltr'><strong>patriam</strong></span> <span class='ocrx_word' id='word_1_40' title='bbox 1120 722 1391 790; x_wconf 80' lang='lat' dir='ltr'><strong>suscipere</strong></span> <span class='ocrx_word' id='word_1_41' title='bbox 1435 736 1554 792; x_wconf 73' lang='lat' dir='ltr'><strong>qua:</strong></span> <span class='ocrx_word' id='word_1_42' title='bbox 1586 735 1800 790; x_wconf 89' lang='lat' dir='ltr'><strong>semper</strong></span> <span class='ocrx_word' id='word_1_43' title='bbox 1828 720 2079 787; x_wconf 84' lang='lat' dir='ltr'><strong>delectet,</strong></span> 
     </span>
    </p>
   </div>
   <div class='ocr_carea' id='block_1_8' title="bbox 499 813 2084 887">
    <p class='ocr_par' dir='ltr' id='par_1_8' title="bbox 499 813 2084 887">
     <span class='ocr_line' id='line_1_8' title="bbox 499 813 2084 887; baseline -0.006 -13"><span class='ocrx_word' id='word_1_44' title='bbox 499 833 596 874; x_wconf 90' lang='lat' dir='ltr'><strong>nec</strong></span> <span class='ocrx_word' id='word_1_45' title='bbox 610 818 711 872; x_wconf 88' lang='lat' dir='ltr'><strong>ulla</strong></span> <span class='ocrx_word' id='word_1_46' title='bbox 728 817 1157 887; x_wconf 65' lang='lat' dir='ltr'><strong>peregrinatione</strong></span> <span class='ocrx_word' id='word_1_47' title='bbox 1173 814 1481 877; x_wconf 81' lang='lat' dir='ltr'><strong>deseratur;</strong></span> <span class='ocrx_word' id='word_1_48' title='bbox 1500 822 1763 883; x_wconf 86' lang='lat' dir='ltr'><strong>eruntque</strong></span> <span class='ocrx_word' id='word_1_49' title='bbox 1776 814 1828 868; x_wconf 93' lang='lat' dir='ltr'><strong>in</strong></span> <span class='ocrx_word' id='word_1_50' title='bbox 1851 813 1935 867; x_wconf 91' lang='lat' dir='ltr'><strong>illa</strong></span> <span class='ocrx_word' id='word_1_51' title='bbox 1951 828 2084 868; x_wconf 85' lang='lat' dir='ltr'><strong>eon-</strong></span> 
     </span>
    </p>
   </div>
   <div class='ocr_carea' id='block_1_9' title="bbox 501 905 2088 977">
    <p class='ocr_par' dir='ltr' id='par_1_9' title="bbox 501 905 2088 977">
     <span class='ocr_line' id='line_1_9' title="bbox 501 905 2088 977; baseline -0.003 -14"><span class='ocrx_word' id='word_1_52' title='bbox 501 906 848 977; x_wconf 86' lang='lat' dir='ltr'><strong>templatione</strong></span> <span class='ocrx_word' id='word_1_53' title='bbox 878 905 1058 972; x_wconf 80' lang='lat' dir='ltr'><strong>deﬁxi,</strong></span> <span class='ocrx_word' id='word_1_54' title='bbox 1090 917 1146 959; x_wconf 87' lang='grc' dir='ltr'><strong>ιιι</strong></span> <span class='ocrx_word' id='word_1_55' title='bbox 1180 905 1328 961; x_wconf 84' lang='grc' dir='ltr'><strong>ἰΙΙιιηι</strong></span> <span class='ocrx_word' id='word_1_56' title='bbox 1356 906 1551 976; x_wconf 88' lang='lat' dir='ltr'><strong>jugiter</strong></span> <span class='ocrx_word' id='word_1_57' title='bbox 1575 913 1844 974; x_wconf 84' lang='lat' dir='ltr'><strong>appetant,</strong></span> <span class='ocrx_word' id='word_1_58' title='bbox 1885 907 1954 960; x_wconf 87' lang='lat' dir='ltr'><strong>de</strong></span> <span class='ocrx_word' id='word_1_59' title='bbox 1981 918 2088 974; x_wconf 86' lang='lat' dir='ltr'><strong>quo</strong></span> 
     </span>
    </p>
   </div>
   <div class='ocr_carea' id='block_1_10' title="bbox 498 989 1023 1071">
    <p class='ocr_par' dir='ltr' id='par_1_10' title="bbox 498 989 1023 1071">
     <span class='ocr_line' id='line_1_10' title="bbox 498 989 1023 1071; baseline -0.013 -13"><span class='ocrx_word' id='word_1_60' title='bbox 498 1017 711 1071; x_wconf 60' lang='lat' dir='ltr'><strong>semper</strong></span> <span class='ocrx_word' id='word_1_61' title='bbox 736 989 1023 1056; x_wconf 60' lang='lat' dir='ltr'><strong>essultant.</strong></span> 
     </span>
    </p>
   </div>
   <div class='ocr_carea' id='block_1_11' title="bbox 578 1088 2091 1161">
    <p class='ocr_par' dir='ltr' id='par_1_11' title="bbox 578 1088 2091 1161">
     <span class='ocr_line' id='line_1_11' title="bbox 578 1088 2091 1161; baseline -0.003 -14"><span class='ocrx_word' id='word_1_62' title='bbox 578 1094 730 1147; x_wconf 72' lang='lat' dir='ltr'><strong>Vi-rs.</strong></span> <span class='ocrx_word' id='word_1_63' title='bbox 765 1094 961 1148; x_wconf 76' lang='lat'><strong>“3.-—</strong></span> <span class='ocrx_word' id='word_1_64' title='bbox 984 1107 1070 1147; x_wconf 83' lang='lat' dir='ltr'><strong>xv.</strong></span> <span class='ocrx_word' id='word_1_65' title='bbox 1097 1091 1336 1148; x_wconf 71' lang='lat' dir='ltr'><strong>Suecn.</strong></span> <span class='ocrx_word' id='word_1_66' title='bbox 1372 1089 1586 1161; x_wconf 82' lang='lat' dir='ltr'><strong>Iniquus</strong></span> <span class='ocrx_word' id='word_1_67' title='bbox 1615 1091 1735 1145; x_wconf 84' lang='lat' dir='ltr'><strong>odio</strong></span> <span class='ocrx_word' id='word_1_68' title='bbox 1758 1090 1998 1153; x_wconf 79' lang='lat' dir='ltr'><strong>habui,et</strong></span> <span class='ocrx_word' id='word_1_69' title='bbox 2018 1088 2091 1143; x_wconf 86' lang='lat' dir='ltr'><strong>le-</strong></span> 
     </span>
    </p>
   </div>
   <div class='ocr_carea' id='block_1_12' title="bbox 500 1183 2090 1263">
    <p class='ocr_par' dir='ltr' id='par_1_12' title="bbox 500 1183 2090 1263">
     <span class='ocr_line' id='line_1_12' title="bbox 500 1183 2090 1263; baseline -0.003 -21"><span class='ocrx_word' id='word_1_70' title='bbox 500 1204 611 1261; x_wconf 81' lang='lat' dir='ltr'><strong>gem</strong></span> <span class='ocrx_word' id='word_1_71' title='bbox 644 1198 783 1242; x_wconf 82' lang='lat' dir='ltr'><strong>tuam</strong></span> <span class='ocrx_word' id='word_1_72' title='bbox 816 1187 998 1241; x_wconf 69' lang='lat' dir='ltr'><strong>dilexi.</strong></span> <span class='ocrx_word' id='word_1_73' title='bbox 1030 1186 1112 1263; x_wconf 64' lang='grc' dir='ltr'>Μ</span> <span class='ocrx_word' id='word_1_74' title='bbox 1142 1186 1381 1253; x_wconf 82' lang='lat' dir='ltr'><strong>quintam</strong></span> <span class='ocrx_word' id='word_1_75' title='bbox 1413 1183 1678 1240; x_wconf 80' lang='lat' dir='ltr'><strong>decimam</strong></span> <span class='ocrx_word' id='word_1_76' title='bbox 1726 1184 1953 1248; x_wconf 81' lang='lat' dir='ltr'><strong>litteram</strong></span> <span class='ocrx_word' id='word_1_77' title='bbox 1995 1197 2090 1237; x_wconf 83' lang='lat' dir='ltr'><strong>ca-</strong></span> 
     </span>
    </p>
   </div>
   <div class='ocr_carea' id='block_1_13' title="bbox 500 1273 2094 1347">
    <p class='ocr_par' dir='ltr' id='par_1_13' title="bbox 500 1273 2094 1347">
     <span class='ocr_line' id='line_1_13' title="bbox 500 1273 2094 1347; baseline -0.003 -12"><span class='ocrx_word' id='word_1_78' title='bbox 500 1280 756 1337; x_wconf 81' lang='lat' dir='ltr'><strong>tltolicum</strong></span> <span class='ocrx_word' id='word_1_79' title='bbox 789 1281 936 1335; x_wconf 77' lang='lat' dir='ltr'><strong>venit</strong></span> <span class='ocrx_word' id='word_1_80' title='bbox 961 1292 1208 1341; x_wconf 77' lang='lat' dir='ltr'><strong>examen,</strong></span> <span class='ocrx_word' id='word_1_81' title='bbox 1239 1279 1290 1331; x_wconf 91' lang='lat' dir='ltr'><strong>in</strong></span> <span class='ocrx_word' id='word_1_82' title='bbox 1323 1292 1426 1347; x_wconf 89' lang='lat' dir='ltr'><strong>qua</strong></span> <span class='ocrx_word' id='word_1_83' title='bbox 1467 1275 1616 1340; x_wconf 89' lang='lat' dir='ltr'><strong>dicit,</strong></span> <span class='ocrx_word' id='word_1_84' title='bbox 1646 1273 1885 1346; x_wconf 82' lang='lat' dir='ltr'><strong>Iniquus,</strong></span> <span class='ocrx_word' id='word_1_85' title='bbox 1919 1276 1969 1329; x_wconf 88' lang='lat' dir='ltr'><strong>id</strong></span> <span class='ocrx_word' id='word_1_86' title='bbox 2011 1285 2094 1330; x_wconf 69' lang='lat' dir='ltr'><strong>Cal</strong></span> 
     </span>
    </p>
   </div>
   <div class='ocr_carea' id='block_1_14' title="bbox 500 1369 2092 1444">
    <p class='ocr_par' dir='ltr' id='par_1_14' title="bbox 500 1369 2092 1444">
     <span class='ocr_line' id='line_1_14' title="bbox 500 1369 2092 1444; baseline -0.005 -13"><span class='ocrx_word' id='word_1_87' title='bbox 500 1375 839 1432; x_wconf 65' lang='lat' dir='ltr'><strong>adversarios</strong></span> <span class='ocrx_word' id='word_1_88' title='bbox 887 1372 1019 1444; x_wconf 80' lang='lat' dir='ltr'><strong>legis</strong></span> <span class='ocrx_word' id='word_1_89' title='bbox 1060 1372 1184 1428; x_wconf 90' lang='lat' dir='ltr'><strong>odio</strong></span> <span class='ocrx_word' id='word_1_90' title='bbox 1213 1372 1313 1427; x_wconf 85' lang='lat' dir='ltr'><strong>sibi</strong></span> <span class='ocrx_word' id='word_1_91' title='bbox 1354 1372 1552 1436; x_wconf 80' lang='lat' dir='ltr'><strong>fuisse;</strong></span> <span class='ocrx_word' id='word_1_92' title='bbox 1596 1372 1768 1441; x_wconf 83' lang='lat' dir='ltr'><strong>legem</strong></span> <span class='ocrx_word' id='word_1_93' title='bbox 1810 1384 1939 1425; x_wconf 88' lang='lat' dir='ltr'><strong>vero</strong></span> <span class='ocrx_word' id='word_1_94' title='bbox 1987 1369 2092 1423; x_wconf 91' lang='lat' dir='ltr'><strong>Do-</strong></span> 
     </span>
    </p>
   </div>
   <div class='ocr_carea' id='block_1_15' title="bbox 503 1458 2096 1531">
    <p class='ocr_par' dir='ltr' id='par_1_15' title="bbox 503 1458 2096 1531">
     <span class='ocr_line' id='line_1_15' title="bbox 503 1458 2096 1531; baseline -0.006 -8"><span class='ocrx_word' id='word_1_95' title='bbox 503 1468 633 1524; x_wconf 85' lang='lat' dir='ltr'><strong>mini</strong></span> <span class='ocrx_word' id='word_1_96' title='bbox 682 1482 742 1522; x_wconf 90' lang='lat' dir='ltr'><strong>se</strong></span> <span class='ocrx_word' id='word_1_97' title='bbox 773 1466 1029 1522; x_wconf 77' lang='lat' dir='ltr'><strong>dilexisse</strong></span> <span class='ocrx_word' id='word_1_98' title='bbox 1076 1471 1483 1528; x_wconf 86' lang='lat' dir='ltr'><strong>commemorat,</strong></span> <span class='ocrx_word' id='word_1_99' title='bbox 1509 1472 1563 1517; x_wconf 91' lang='lat' dir='ltr'><strong>et</strong></span> <span class='ocrx_word' id='word_1_100' title='bbox 1593 1461 1723 1531; x_wconf 84' lang='lat' dir='ltr'><strong>petit</strong></span> <span class='ocrx_word' id='word_1_101' title='bbox 1766 1469 1823 1515; x_wconf 92' lang='lat' dir='ltr'><strong>ut</strong></span> <span class='ocrx_word' id='word_1_102' title='bbox 1871 1460 1939 1514; x_wconf 90' lang='lat' dir='ltr'><strong>ab</strong></span> <span class='ocrx_word' id='word_1_103' title='bbox 1978 1458 2096 1529; x_wconf 84' lang='lat' dir='ltr'><strong>ejus</strong></span> 
     </span>
    </p>
   </div>
   <div class='ocr_carea' id='block_1_16' title="bbox 503 1555 2099 1635">
    <p class='ocr_par' dir='ltr' id='par_1_16' title="bbox 503 1555 2099 1635">
     <span class='ocr_line' id='line_1_16' title="bbox 503 1555 2099 1635; baseline -0.007 -17"><span class='ocrx_word' id='word_1_104' title='bbox 503 1565 701 1635; x_wconf 81' lang='lat' dir='ltr'><strong>pietate</strong></span> <span class='ocrx_word' id='word_1_105' title='bbox 730 1567 1016 1629; x_wconf 84' lang='lat' dir='ltr'><strong>susceptus</strong></span> <span class='ocrx_word' id='word_1_106' title='bbox 1049 1558 1187 1614; x_wconf 89' lang='lat' dir='ltr'><strong>mala</strong></span> <span class='ocrx_word' id='word_1_107' title='bbox 1219 1556 1401 1613; x_wconf 80' lang='lat' dir='ltr'><strong>saeculi</strong></span> <span class='ocrx_word' id='word_1_108' title='bbox 1433 1556 1602 1626; x_wconf 85' lang='lat' dir='ltr'><strong>possit</strong></span> <span class='ocrx_word' id='word_1_109' title='bbox 1632 1555 1882 1619; x_wconf 89' lang='lat' dir='ltr'><strong>evadere,</strong></span> <span class='ocrx_word' id='word_1_110' title='bbox 1918 1564 2099 1619; x_wconf 31' lang='lat' dir='ltr'><strong>[tostu-</strong></span> 
     </span>
    </p>
   </div>
   <div class='ocr_carea' id='block_1_17' title="bbox 501 1643 2098 1719">
    <p class='ocr_par' dir='ltr' id='par_1_17' title="bbox 501 1643 2098 1719">
     <span class='ocr_line' id='line_1_17' title="bbox 501 1643 2098 1719; baseline -0.009 -6"><span class='ocrx_word' id='word_1_111' title='bbox 501 1658 621 1712; x_wconf 90' lang='lat' dir='ltr'><strong>lans</strong></span> <span class='ocrx_word' id='word_1_112' title='bbox 656 1654 818 1710; x_wconf 87' lang='lat' dir='ltr'><strong>etiam</strong></span> <span class='ocrx_word' id='word_1_113' title='bbox 845 1665 1063 1707; x_wconf 88' lang='lat' dir='ltr'><strong>carnem</strong></span> <span class='ocrx_word' id='word_1_114' title='bbox 1090 1663 1243 1705; x_wconf 89' lang='lat' dir='ltr'><strong>suam</strong></span> <span class='ocrx_word' id='word_1_115' title='bbox 1273 1648 1466 1704; x_wconf 86' lang='lat' dir='ltr'><strong>timore</strong></span> <span class='ocrx_word' id='word_1_116' title='bbox 1494 1647 1640 1719; x_wconf 89' lang='lat' dir='ltr'><strong>[mss.</strong></span> <span class='ocrx_word' id='word_1_117' title='bbox 1666 1649 1752 1711; x_wconf 84' lang='lat' dir='ltr'><strong>A.,</strong></span> <span class='ocrx_word' id='word_1_118' title='bbox 1779 1645 1868 1711; x_wconf 83' lang='grc' dir='ltr'><strong>Β..</strong></span> <span class='ocrx_word' id='word_1_119' title='bbox 1902 1643 1993 1711; x_wconf 84' lang='lat' dir='ltr'><strong>F.,</strong></span> <span class='ocrx_word' id='word_1_120' title='bbox 2028 1644 2098 1699; x_wconf 92' lang='lat' dir='ltr'><strong>ti-</strong></span> 
     </span>
    </p>
   </div>
   <div class='ocr_carea' id='block_1_18' title="bbox 472 1737 2099 1820">
    <p class='ocr_par' dir='ltr' id='par_1_18' title="bbox 472 1737 2099 1820">
     <span class='ocr_line' id='line_1_18' title="bbox 472 1737 2099 1820; baseline -0.009 -15"><span class='ocrx_word' id='word_1_121' title='bbox 472 1804 481 1811; x_wconf 76' lang='lat'><strong>,</strong></span> <span class='ocrx_word' id='word_1_122' title='bbox 508 1745 669 1820; x_wconf 91' lang='lat' dir='ltr'><strong>mori]</strong></span> <span class='ocrx_word' id='word_1_123' title='bbox 699 1744 969 1802; x_wconf 89' lang='lat' dir='ltr'><strong>dominico</strong></span> <span class='ocrx_word' id='word_1_124' title='bbox 994 1742 1193 1798; x_wconf 87' lang='lat' dir='ltr'><strong>debere</strong></span> <span class='ocrx_word' id='word_1_125' title='bbox 1227 1740 1405 1811; x_wconf 86' lang='lat' dir='ltr'><strong>subdi,</strong></span> <span class='ocrx_word' id='word_1_126' title='bbox 1441 1753 1508 1795; x_wconf 89' lang='lat' dir='ltr'><strong>ne</strong></span> <span class='ocrx_word' id='word_1_127' title='bbox 1536 1740 1706 1808; x_wconf 84' lang='lat' dir='ltr'><strong>poss&#39;t</strong></span> <span class='ocrx_word' id='word_1_128' title='bbox 1730 1739 1781 1795; x_wconf 84' lang='lat' dir='ltr'><strong>in</strong></span> <span class='ocrx_word' id='word_1_129' title='bbox 1813 1737 2099 1805; x_wconf 82' lang='lat' dir='ltr'><strong>divinoju-</strong></span> 
     </span>
    </p>
   </div>
   <div class='ocr_carea' id='block_1_19' title="bbox 2187 536 3794 608">
    <p class='ocr_par' dir='ltr' id='par_1_19' title="bbox 2187 536 3794 608">
     <span class='ocr_line' id='line_1_19' title="bbox 2187 536 3794 608; baseline -0.002 -16"><span class='ocrx_word' id='word_1_130' title='bbox 2187 541 2379 594; x_wconf 85' lang='lat' dir='ltr'><strong>iterum</strong></span> <span class='ocrx_word' id='word_1_131' title='bbox 2412 559 2423 595; x_wconf 89' lang='lat'>:</span> <span class='ocrx_word' id='word_1_132' title='bbox 2459 541 2737 608; x_wconf 76' lang='lat' dir='ltr'><strong>Sperantes</strong></span> <span class='ocrx_word' id='word_1_133' title='bbox 2765 550 2933 594; x_wconf 81' lang='lat' dir='ltr'><strong>au&#39;em</strong></span> <span class='ocrx_word' id='word_1_134' title='bbox 2956 541 3009 593; x_wconf 89' lang='lat' dir='ltr'><strong>in</strong></span> <span class='ocrx_word' id='word_1_135' title='bbox 3044 539 3261 593; x_wconf 86' lang='lat' dir='ltr'><strong>Domino</strong></span> <span class='ocrx_word' id='word_1_136' title='bbox 3291 541 3640 593; x_wconf 72' lang='lat' dir='ltr'><strong>misericordia</strong></span> <span class='ocrx_word' id='word_1_137' title='bbox 3668 536 3794 591; x_wconf 47' lang='lat' dir='ltr'><strong>Cir;</strong></span> 
     </span>
    </p>
   </div>
   <div class='ocr_carea' id='block_1_20' title="bbox 2186 630 3797 703">
    <p class='ocr_par' dir='ltr' id='par_1_20' title="bbox 2186 630 3797 703">
     <span class='ocr_line' id='line_1_20' title="bbox 2186 630 3797 703; baseline 0.003 -18"><span class='ocrx_word' id='word_1_138' title='bbox 2186 633 2441 686; x_wconf 79' lang='lat' dir='ltr'><strong>cumdabit</strong></span> <span class='ocrx_word' id='word_1_139' title='bbox 2467 630 2635 702; x_wconf 71' lang='lat' dir='ltr'><strong>(Ps-al.</strong></span> <span class='ocrx_word' id='word_1_140' title='bbox 2661 648 2807 699; x_wconf 65' lang='grc' dir='ltr'><strong>χχιι,</strong></span> <span class='ocrx_word' id='word_1_141' title='bbox 2842 632 2954 699; x_wconf 75' lang='grc'><strong>10).</strong></span> <span class='ocrx_word' id='word_1_142' title='bbox 2982 631 3175 701; x_wconf 84' lang='lat' dir='ltr'><strong>Sperat</strong></span> <span class='ocrx_word' id='word_1_143' title='bbox 3202 645 3330 702; x_wconf 84' lang='lat' dir='ltr'><strong>ergo</strong></span> <span class='ocrx_word' id='word_1_144' title='bbox 3360 631 3797 703; x_wconf 65' lang='lat' dir='ltr'><strong>Redemptum</strong></span> 
     </span>
    </p>
   </div>
   <div class='ocr_carea' id='block_1_21' title="bbox 2187 722 3796 795">
    <p class='ocr_par' dir='ltr' id='par_1_21' title="bbox 2187 722 3796 795">
     <span class='ocr_line' id='line_1_21' title="bbox 2187 722 3796 795; baseline 0 -16"><span class='ocrx_word' id='word_1_145' title='bbox 2187 728 2420 795; x_wconf 85' lang='lat' dir='ltr'><strong>gentium</strong></span> <span class='ocrx_word' id='word_1_146' title='bbox 2438 725 2640 790; x_wconf 70' lang='lat' dir='ltr'><strong>venire,</strong></span> <span class='ocrx_word' id='word_1_147' title='bbox 2660 726 2747 794; x_wconf 88' lang='lat' dir='ltr'><strong>qui</strong></span> <span class='ocrx_word' id='word_1_148' title='bbox 2777 722 2962 779; x_wconf 80' lang='lat' dir='ltr'><strong>mundi</strong></span> <span class='ocrx_word' id='word_1_149' title='bbox 2985 725 3218 777; x_wconf 84' lang='lat' dir='ltr'><strong>maculas</strong></span> <span class='ocrx_word' id='word_1_150' title='bbox 3247 722 3419 790; x_wconf 87' lang='lat' dir='ltr'><strong>possit</strong></span> <span class='ocrx_word' id='word_1_151' title='bbox 3442 724 3796 793; x_wconf 70' lang='lat' dir='ltr'><strong>obstet-gere,</strong></span> 
     </span>
    </p>
   </div>
   <div class='ocr_carea' id='block_1_22' title="bbox 2188 816 3801 892">
    <p class='ocr_par' dir='ltr' id='par_1_22' title="bbox 2188 816 3801 892">
     <span class='ocr_line' id='line_1_22' title="bbox 2188 816 3801 892; baseline -0.003 -19"><span class='ocrx_word' id='word_1_152' title='bbox 2188 819 2280 892; x_wconf 89' lang='lat' dir='ltr'><strong>qui</strong></span> <span class='ocrx_word' id='word_1_153' title='bbox 2314 819 2547 875; x_wconf 86' lang='lat' dir='ltr'><strong>viviﬁcet</strong></span> <span class='ocrx_word' id='word_1_154' title='bbox 2596 827 2860 884; x_wconf 89' lang='lat' dir='ltr'><strong>mortuos,</strong></span> <span class='ocrx_word' id='word_1_155' title='bbox 2891 825 3043 872; x_wconf 90' lang='lat' dir='ltr'><strong>sanet</strong></span> <span class='ocrx_word' id='word_1_156' title='bbox 3080 825 3343 887; x_wconf 77' lang='lat' dir='ltr'><strong>:egrotos;</strong></span> <span class='ocrx_word' id='word_1_157' title='bbox 3377 816 3602 885; x_wconf 89' lang='lat' dir='ltr'><strong>etquod</strong></span> <span class='ocrx_word' id='word_1_158' title='bbox 3643 816 3801 884; x_wconf 78' lang='lat' dir='ltr'><strong>liga-</strong></span> 
     </span>
    </p>
   </div>
   <div class='ocr_carea' id='block_1_23' title="bbox 2191 909 3805 982">
    <p class='ocr_par' dir='ltr' id='par_1_23' title="bbox 2191 909 3805 982">
     <span class='ocr_line' id='line_1_23' title="bbox 2191 909 3805 982; baseline -0.003 -16"><span class='ocrx_word' id='word_1_159' title='bbox 2191 920 2302 967; x_wconf 90' lang='lat' dir='ltr'><strong>tum</strong></span> <span class='ocrx_word' id='word_1_160' title='bbox 2333 911 2506 967; x_wconf 81' lang='lat' dir='ltr'><strong>fuerat</strong></span> <span class='ocrx_word' id='word_1_161' title='bbox 2545 912 2662 982; x_wconf 86' lang='lat' dir='ltr'><strong>lege</strong></span> <span class='ocrx_word' id='word_1_162' title='bbox 2695 910 2918 980; x_wconf 85' lang='lat' dir='ltr'><strong>peccati,</strong></span> <span class='ocrx_word' id='word_1_163' title='bbox 2951 910 3122 978; x_wconf 86' lang='lat' dir='ltr'><strong>possit</strong></span> <span class='ocrx_word' id='word_1_164' title='bbox 3154 917 3328 964; x_wconf 90' lang='lat' dir='ltr'><strong>morte</strong></span> <span class='ocrx_word' id='word_1_165' title='bbox 3372 909 3483 977; x_wconf 83' lang='lat' dir='ltr'><strong>ipsa</strong></span> <span class='ocrx_word' id='word_1_166' title='bbox 3517 909 3805 963; x_wconf 86' lang='lat' dir='ltr'><strong>moriente</strong></span> 
     </span>
    </p>
   </div>
   <div class='ocr_carea' id='block_1_24' title="bbox 2191 1001 3803 1073">
    <p class='ocr_par' dir='ltr' id='par_1_24' title="bbox 2191 1001 3803 1073">
     <span class='ocr_line' id='line_1_24' title="bbox 2191 1001 3803 1073; baseline -0.004 -13"><span class='ocrx_word' id='word_1_167' title='bbox 2191 1004 2433 1060; x_wconf 84' lang='lat' dir='ltr'><strong>dissolvi.</strong></span> <span class='ocrx_word' id='word_1_168' title='bbox 2463 1004 2555 1061; x_wconf 87' lang='lat' dir='ltr'><strong>Sic</strong></span> <span class='ocrx_word' id='word_1_169' title='bbox 2584 1006 2636 1059; x_wconf 91' lang='lat' dir='ltr'><strong>in</strong></span> <span class='ocrx_word' id='word_1_170' title='bbox 2669 1019 2775 1060; x_wconf 90' lang='lat' dir='ltr'><strong>uno</strong></span> <span class='ocrx_word' id='word_1_171' title='bbox 2792 1002 3057 1060; x_wconf 76' lang='lat' dir='ltr'><strong>versiculo</strong></span> <span class='ocrx_word' id='word_1_172' title='bbox 3083 1003 3245 1059; x_wconf 81' lang='lat' dir='ltr'><strong>totius</strong></span> <span class='ocrx_word' id='word_1_173' title='bbox 3273 1001 3547 1073; x_wconf 77' lang='lat' dir='ltr'><strong>religionis</strong></span> <span class='ocrx_word' id='word_1_174' title='bbox 3576 1010 3803 1057; x_wconf 77' lang='lat' dir='ltr'><strong>nostra:</strong></span> 
     </span>
    </p>
   </div>
   <div class='ocr_carea' id='block_1_25' title="bbox 2192 1096 2871 1166">
    <p class='ocr_par' dir='ltr' id='par_1_25' title="bbox 2192 1096 2871 1166">
     <span class='ocr_line' id='line_1_25' title="bbox 2192 1096 2871 1166; baseline 0 -13"><span class='ocrx_word' id='word_1_175' title='bbox 2192 1098 2447 1153; x_wconf 88' lang='lat' dir='ltr'><strong>conclusa</strong></span> <span class='ocrx_word' id='word_1_176' title='bbox 2478 1096 2737 1166; x_wconf 84' lang='lat' dir='ltr'><strong>perfectio</strong></span> <span class='ocrx_word' id='word_1_177' title='bbox 2765 1107 2871 1153; x_wconf 88' lang='lat' dir='ltr'><strong>est.</strong></span> 
     </span>
    </p>
   </div>
   <div class='ocr_carea' id='block_1_26' title="bbox 2272 1182 3805 1255">
    <p class='ocr_par' dir='ltr' id='par_1_26' title="bbox 2272 1182 3805 1255">
     <span class='ocr_line' id='line_1_26' title="bbox 2272 1182 3805 1255; baseline -0.005 -11"><span class='ocrx_word' id='word_1_178' title='bbox 2272 1190 2423 1246; x_wconf 86' lang='lat' dir='ltr'><strong>Vers.</strong></span> <span class='ocrx_word' id='word_1_179' title='bbox 2456 1188 2580 1244; x_wconf 77' lang='lat' dir='ltr'><strong>HS.</strong></span> <span class='ocrx_word' id='word_1_180' title='bbox 2608 1186 2871 1243; x_wconf 89' lang='lat' dir='ltr'><strong>Declinate</strong></span> <span class='ocrx_word' id='word_1_181' title='bbox 2907 1203 2939 1240; x_wconf 88' lang='grc' dir='ltr'><em>α</em></span> <span class='ocrx_word' id='word_1_182' title='bbox 2981 1202 3080 1255; x_wconf 83' lang='lat' dir='ltr'><strong>nte,</strong></span> <span class='ocrx_word' id='word_1_183' title='bbox 3127 1185 3342 1255; x_wconf 82' lang='lat' dir='ltr'><strong>maligni</strong></span> <span class='ocrx_word' id='word_1_184' title='bbox 3364 1198 3385 1239; x_wconf 91' lang='lat'><strong><em>:</em></strong></span> <span class='ocrx_word' id='word_1_185' title='bbox 3430 1194 3476 1239; x_wconf 87' lang='lat' dir='ltr'><strong>et</strong></span> <span class='ocrx_word' id='word_1_186' title='bbox 3511 1182 3805 1237; x_wconf 76' lang='lat' dir='ltr'><strong>scrutabor</strong></span> 
     </span>
    </p>
   </div>
   <div class='ocr_carea' id='block_1_27' title="bbox 2197 1275 3805 1346">
    <p class='ocr_par' dir='ltr' id='par_1_27' title="bbox 2197 1275 3805 1346">
     <span class='ocr_line' id='line_1_27' title="bbox 2197 1275 3805 1346; baseline -0.004 -10"><span class='ocrx_word' id='word_1_187' title='bbox 2197 1284 2444 1337; x_wconf 73' lang='lat' dir='ltr'><strong>mandata</strong></span> <span class='ocrx_word' id='word_1_188' title='bbox 2493 1281 2588 1335; x_wconf 85' lang='lat' dir='ltr'><strong>Dei</strong></span> <span class='ocrx_word' id='word_1_189' title='bbox 2633 1286 2750 1334; x_wconf 84' lang='lat' dir='ltr'><strong>mel.</strong></span> <span class='ocrx_word' id='word_1_190' title='bbox 2799 1279 2951 1335; x_wconf 84' lang='lat' dir='ltr'><strong>Sicut</strong></span> <span class='ocrx_word' id='word_1_191' title='bbox 2992 1279 3249 1346; x_wconf 74' lang='lat' dir='ltr'><strong>lueretici,</strong></span> <span class='ocrx_word' id='word_1_192' title='bbox 3294 1275 3575 1346; x_wconf 81' lang='lat' dir='ltr'><strong>cupientes</strong></span> <span class='ocrx_word' id='word_1_193' title='bbox 3604 1284 3805 1330; x_wconf 74' lang='lat' dir='ltr'><strong>tamen</strong></span> 
     </span>
    </p>
   </div>
   <div class='ocr_carea' id='block_1_28' title="bbox 2199 1367 3805 1446">
    <p class='ocr_par' dir='ltr' id='par_1_28' title="bbox 2199 1367 3805 1446">
     <span class='ocr_line' id='line_1_28' title="bbox 2199 1367 3805 1446; baseline -0.006 -14"><span class='ocrx_word' id='word_1_194' title='bbox 2199 1388 2530 1446; x_wconf 76' lang='lat' dir='ltr'><strong>cognoscere</strong></span> <span class='ocrx_word' id='word_1_195' title='bbox 2558 1373 2861 1440; x_wconf 85' lang='lat' dir='ltr'><strong>veritatem,</strong></span> <span class='ocrx_word' id='word_1_196' title='bbox 2891 1373 2943 1427; x_wconf 89' lang='lat' dir='ltr'><strong>in</strong></span> <span class='ocrx_word' id='word_1_197' title='bbox 2974 1371 3241 1427; x_wconf 82' lang='lat' dir='ltr'><strong>mandatis</strong></span> <span class='ocrx_word' id='word_1_198' title='bbox 3272 1371 3479 1426; x_wconf 87' lang='lat' dir='ltr'><strong>Domini</strong></span> <span class='ocrx_word' id='word_1_199' title='bbox 3502 1384 3599 1424; x_wconf 89' lang='lat' dir='ltr'><strong>nos</strong></span> <span class='ocrx_word' id='word_1_200' title='bbox 3620 1367 3805 1438; x_wconf 83' lang='lat' dir='ltr'><strong>proﬁ-</strong></span> 
     </span>
    </p>
   </div>
   <div class='ocr_carea' id='block_1_29' title="bbox 2199 1469 3805 1543">
    <p class='ocr_par' dir='ltr' id='par_1_29' title="bbox 2199 1469 3805 1543">
     <span class='ocr_line' id='line_1_29' title="bbox 2199 1469 3805 1543; baseline -0.004 -13"><span class='ocrx_word' id='word_1_201' title='bbox 2199 1487 2299 1530; x_wconf 91' lang='lat' dir='ltr'><strong>cue</strong></span> <span class='ocrx_word' id='word_1_202' title='bbox 2319 1472 2629 1543; x_wconf 88' lang='lat' dir='ltr'><strong>frequenter</strong></span> <span class='ocrx_word' id='word_1_203' title='bbox 2652 1479 2940 1540; x_wconf 79' lang='lat' dir='ltr'><strong>exercent,</strong></span> <span class='ocrx_word' id='word_1_204' title='bbox 2968 1470 3042 1526; x_wconf 88' lang='lat' dir='ltr'><strong>ita</strong></span> <span class='ocrx_word' id='word_1_205' title='bbox 3072 1470 3140 1526; x_wconf 85' lang='lat' dir='ltr'><strong>ad</strong></span> <span class='ocrx_word' id='word_1_206' title='bbox 3162 1469 3573 1541; x_wconf 82' lang='lat' dir='ltr'><strong>perscrutandas</strong></span> <span class='ocrx_word' id='word_1_207' title='bbox 3600 1482 3805 1524; x_wconf 72' lang='lat' dir='ltr'><strong>sacras</strong></span> 
     </span>
    </p>
   </div>
   <div class='ocr_carea' id='block_1_30' title="bbox 2200 1560 3809 1632">
    <p class='ocr_par' dir='ltr' id='par_1_30' title="bbox 2200 1560 3809 1632">
     <span class='ocr_line' id='line_1_30' title="bbox 2200 1560 3809 1632; baseline -0.004 -12"><span class='ocrx_word' id='word_1_208' title='bbox 2200 1565 2466 1621; x_wconf 86' lang='lat' dir='ltr'><strong>lectiones</strong></span> <span class='ocrx_word' id='word_1_209' title='bbox 2497 1562 2773 1629; x_wconf 85' lang='lat' dir='ltr'><strong>obstinati,</strong></span> <span class='ocrx_word' id='word_1_210' title='bbox 2799 1570 3142 1632; x_wconf 88' lang='lat' dir='ltr'><strong>perstrepere</strong></span> <span class='ocrx_word' id='word_1_211' title='bbox 3160 1562 3316 1618; x_wconf 90' lang='lat' dir='ltr'><strong>nobis</strong></span> <span class='ocrx_word' id='word_1_212' title='bbox 3342 1570 3502 1631; x_wconf 88' lang='lat' dir='ltr'><strong>atque</strong></span> <span class='ocrx_word' id='word_1_213' title='bbox 3529 1560 3809 1630; x_wconf 82' lang='lat' dir='ltr'><strong>impedire</strong></span> 
     </span>
    </p>
   </div>
   <div class='ocr_carea' id='block_1_31' title="bbox 2201 1652 3811 1724">
    <p class='ocr_par' dir='ltr' id='par_1_31' title="bbox 2201 1652 3811 1724">
     <span class='ocr_line' id='line_1_31' title="bbox 2201 1652 3811 1724; baseline -0.005 -11"><span class='ocrx_word' id='word_1_214' title='bbox 2201 1664 2519 1713; x_wconf 88' lang='lat' dir='ltr'><strong>noscuntur.</strong></span> <span class='ocrx_word' id='word_1_215' title='bbox 2551 1655 2663 1710; x_wconf 87' lang='lat' dir='ltr'><strong>llos</strong></span> <span class='ocrx_word' id='word_1_216' title='bbox 2691 1652 3040 1710; x_wconf 90' lang='lat' dir='ltr'><strong>declinandos</strong></span> <span class='ocrx_word' id='word_1_217' title='bbox 3068 1666 3194 1711; x_wconf 87' lang='lat' dir='ltr'><strong>esse</strong></span> <span class='ocrx_word' id='word_1_218' title='bbox 3236 1652 3560 1724; x_wconf 83' lang='lat' dir='ltr'><strong>pronuntiat,</strong></span> <span class='ocrx_word' id='word_1_219' title='bbox 3587 1653 3679 1722; x_wconf 85' lang='lat' dir='ltr'><strong>qui</strong></span> <span class='ocrx_word' id='word_1_220' title='bbox 3716 1652 3811 1706; x_wconf 83' lang='lat' dir='ltr'><strong>in-</strong></span> 
     </span>
    </p>
   </div>
   <div class='ocr_carea' id='block_1_32' title="bbox 2201 1745 3812 1816">
    <p class='ocr_par' dir='ltr' id='par_1_32' title="bbox 2201 1745 3812 1816">
     <span class='ocr_line' id='line_1_32' title="bbox 2201 1745 3812 1816; baseline -0.002 -13"><span class='ocrx_word' id='word_1_221' title='bbox 2201 1747 2434 1804; x_wconf 86' lang='lat' dir='ltr'><strong>sensatis</strong></span> <span class='ocrx_word' id='word_1_222' title='bbox 2463 1745 2896 1803; x_wconf 85' lang='lat' dir='ltr'><strong>contentionibus</strong></span> <span class='ocrx_word' id='word_1_223' title='bbox 2940 1746 3248 1816; x_wconf 84' lang='lat' dir='ltr'><strong>Scripturas</strong></span> <span class='ocrx_word' id='word_1_224' title='bbox 3292 1746 3500 1802; x_wconf 87' lang='lat' dir='ltr'><strong>Domini</strong></span> <span class='ocrx_word' id='word_1_225' title='bbox 3548 1745 3812 1800; x_wconf 81' lang='lat' dir='ltr'><strong>lacerare</strong></span> 
     </span>
    </p>
   </div>
   <div class='ocr_carea' id='block_1_33' title="bbox 500 1824 2096 1908">
    <p class='ocr_par' dir='ltr' id='par_1_33' title="bbox 500 1828 2095 1907">
     <span class='ocr_line' id='line_1_33' title="bbox 500 1828 2095 1907; baseline -0.008 -11"><span class='ocrx_word' id='word_1_226' title='bbox 500 1832 644 1896; x_wconf 89' lang='lat' dir='ltr'><strong>dicio</strong></span> <span class='ocrx_word' id='word_1_227' title='bbox 688 1837 756 1894; x_wconf 90' lang='lat' dir='ltr'><strong>de</strong></span> <span class='ocrx_word' id='word_1_228' title='bbox 805 1835 923 1907; x_wconf 83' lang='lat' dir='ltr'><strong>ejus</strong></span> <span class='ocrx_word' id='word_1_229' title='bbox 982 1832 1429 1906; x_wconf 67' lang='lat' dir='ltr'><strong>prmvaricatione</strong></span> <span class='ocrx_word' id='word_1_230' title='bbox 1480 1830 1747 1886; x_wconf 90' lang='lat' dir='ltr'><strong>damnari.</strong></span> <span class='ocrx_word' id='word_1_231' title='bbox 1799 1828 1896 1883; x_wconf 89' lang='lat' dir='ltr'><strong>Hic</strong></span> <span class='ocrx_word' id='word_1_232' title='bbox 1935 1828 2095 1884; x_wconf 83' lang='lat' dir='ltr'><strong>etiam</strong></span> 
     </span>
    </p>
   </div>
   <div class='ocr_carea' id='block_1_34' title="bbox 2206 1824 3813 1908">
    <p class='ocr_par' dir='ltr' id='par_1_34' title="bbox 2206 1837 3813 1908">
     <span class='ocr_line' id='line_1_34' title="bbox 2206 1837 3813 1908; baseline -0.005 -12"><span class='ocrx_word' id='word_1_233' title='bbox 2206 1838 2558 1896; x_wconf 88' lang='lat' dir='ltr'><strong>contendunt.</strong></span> <span class='ocrx_word' id='word_1_234' title='bbox 2578 1837 2715 1906; x_wconf 86' lang='lat' dir='ltr'><strong>Quid</strong></span> <span class='ocrx_word' id='word_1_235' title='bbox 2734 1839 2877 1895; x_wconf 91' lang='lat' dir='ltr'><strong>enim</strong></span> <span class='ocrx_word' id='word_1_236' title='bbox 2903 1838 3014 1894; x_wconf 88' lang='lat' dir='ltr'><strong>illic</strong></span> <span class='ocrx_word' id='word_1_237' title='bbox 3034 1838 3298 1894; x_wconf 85' lang='lat' dir='ltr'><strong>humanus</strong></span> <span class='ocrx_word' id='word_1_238' title='bbox 3323 1852 3503 1894; x_wconf 86' lang='lat' dir='ltr'><strong>sermo</strong></span> <span class='ocrx_word' id='word_1_239' title='bbox 3524 1838 3813 1908; x_wconf 77' lang='lat' dir='ltr'><strong>proﬁciat,</strong></span> 
     </span>
    </p>
   </div>
   <div class='ocr_carea' id='block_1_35' title="bbox 503 1924 2093 2005">
    <p class='ocr_par' dir='ltr' id='par_1_35' title="bbox 503 1924 2093 2005">
     <span class='ocr_line' id='line_1_35' title="bbox 503 1924 2093 2005; baseline -0.007 -15"><span class='ocrx_word' id='word_1_240' title='bbox 503 1933 731 2005; x_wconf 61' lang='lat' dir='ltr'><strong>quaestio</strong></span> <span class='ocrx_word' id='word_1_241' title='bbox 760 1931 851 1987; x_wconf 90' lang='lat' dir='ltr'><strong>illa</strong></span> <span class='ocrx_word' id='word_1_242' title='bbox 884 1938 1046 2001; x_wconf 89' lang='lat' dir='ltr'><strong>caput</strong></span> <span class='ocrx_word' id='word_1_243' title='bbox 1078 1928 1254 1999; x_wconf 88' lang='lat' dir='ltr'><strong>erigit,</strong></span> <span class='ocrx_word' id='word_1_244' title='bbox 1286 1941 1382 1984; x_wconf 90' lang='lat' dir='ltr'><strong>cur</strong></span> <span class='ocrx_word' id='word_1_245' title='bbox 1426 1926 1653 1998; x_wconf 88' lang='lat' dir='ltr'><strong>populus</strong></span> <span class='ocrx_word' id='word_1_246' title='bbox 1697 1924 1869 1980; x_wconf 90' lang='lat' dir='ltr'><strong>ﬁdelis</strong></span> <span class='ocrx_word' id='word_1_247' title='bbox 1906 1931 2093 1980; x_wconf 88' lang='lat' dir='ltr'><strong>contra</strong></span> 
     </span>
    </p>
   </div>
   <div class='ocr_carea' id='block_1_36' title="bbox 505 2014 2093 2097">
    <p class='ocr_par' dir='ltr' id='par_1_36' title="bbox 505 2014 2093 2097">
     <span class='ocr_line' id='line_1_36' title="bbox 505 2014 2093 2097; baseline -0.008 -16"><span class='ocrx_word' id='word_1_248' title='bbox 505 2023 810 2097; x_wconf 85' lang='lat' dir='ltr'><strong>evangelica</strong></span> <span class='ocrx_word' id='word_1_249' title='bbox 860 2020 1070 2078; x_wconf 88' lang='lat' dir='ltr'><strong>videtur</strong></span> <span class='ocrx_word' id='word_1_250' title='bbox 1118 2018 1320 2091; x_wconf 90' lang='lat' dir='ltr'><strong>aliquid</strong></span> <span class='ocrx_word' id='word_1_251' title='bbox 1364 2018 1744 2090; x_wconf 86' lang='lat' dir='ltr'><strong>pronuntiasse</strong></span> <span class='ocrx_word' id='word_1_252' title='bbox 1793 2014 2093 2070; x_wconf 81' lang='lat' dir='ltr'><strong>mandata?</strong></span> 
     </span>
    </p>
   </div>
   <div class='ocr_carea' id='block_1_37' title="bbox 505 2107 2091 2180">
    <p class='ocr_par' dir='ltr' id='par_1_37' title="bbox 505 2107 2091 2180">
     <span class='ocr_line' id='line_1_37' title="bbox 505 2107 2091 2180; baseline -0.006 -9"><span class='ocrx_word' id='word_1_253' title='bbox 505 2116 650 2172; x_wconf 86' lang='lat' dir='ltr'><strong>Dicit</strong></span> <span class='ocrx_word' id='word_1_254' title='bbox 668 2113 813 2177; x_wconf 87' lang='lat' dir='ltr'><strong>enim</strong></span> <span class='ocrx_word' id='word_1_255' title='bbox 840 2131 856 2171; x_wconf 90' lang='lat'><strong>:</strong></span> <span class='ocrx_word' id='word_1_256' title='bbox 886 2111 1104 2180; x_wconf 77' lang='lat' dir='ltr'><strong>Iniquus</strong></span> <span class='ocrx_word' id='word_1_257' title='bbox 1131 2111 1250 2167; x_wconf 82' lang='lat' dir='ltr'><strong>odio</strong></span> <span class='ocrx_word' id='word_1_258' title='bbox 1272 2110 1449 2176; x_wconf 79' lang='lat' dir='ltr'><strong>habui,</strong></span> <span class='ocrx_word' id='word_1_259' title='bbox 1478 2109 1605 2165; x_wconf 90' lang='lat' dir='ltr'><strong>dum</strong></span> <span class='ocrx_word' id='word_1_260' title='bbox 1631 2116 1953 2178; x_wconf 65' lang='lat' dir='ltr'><strong>praceptum</strong></span> <span class='ocrx_word' id='word_1_261' title='bbox 1984 2107 2091 2162; x_wconf 90' lang='lat' dir='ltr'><strong>sit:</strong></span> 
     </span>
    </p>
   </div>
   <div class='ocr_carea' id='block_1_38' title="bbox 508 2198 2094 2278">
    <p class='ocr_par' dir='ltr' id='par_1_38' title="bbox 508 2198 2094 2278">
     <span class='ocr_line' id='line_1_38' title="bbox 508 2198 2094 2278; baseline -0.005 -16"><span class='ocrx_word' id='word_1_262' title='bbox 508 2206 667 2273; x_wconf 89' lang='lat' dir='ltr'><strong>Orate</strong></span> <span class='ocrx_word' id='word_1_263' title='bbox 702 2221 798 2278; x_wconf 85' lang='lat' dir='ltr'><strong>pro</strong></span> <span class='ocrx_word' id='word_1_264' title='bbox 824 2204 1049 2260; x_wconf 80' lang='lat' dir='ltr'><strong>inimicis</strong></span> <span class='ocrx_word' id='word_1_265' title='bbox 1077 2202 1277 2268; x_wconf 84' lang='lat' dir='ltr'><strong>vestris,</strong></span> <span class='ocrx_word' id='word_1_266' title='bbox 1303 2200 1584 2273; x_wconf 76' lang='lat' dir='ltr'><strong>bmefacite</strong></span> <span class='ocrx_word' id='word_1_267' title='bbox 1613 2201 1693 2255; x_wconf 82' lang='lat' dir='ltr'><strong>his</strong></span> <span class='ocrx_word' id='word_1_268' title='bbox 1721 2199 1813 2270; x_wconf 86' lang='lat' dir='ltr'><strong>qui</strong></span> <span class='ocrx_word' id='word_1_269' title='bbox 1854 2214 1943 2254; x_wconf 86' lang='lat' dir='ltr'><strong>vos</strong></span> <span class='ocrx_word' id='word_1_270' title='bbox 1967 2198 2094 2254; x_wconf 82' lang='lat' dir='ltr'><strong>ode-</strong></span> 
     </span>
    </p>
   </div>
   <div class='ocr_carea' id='block_1_39' title="bbox 507 2285 2097 2368">
    <p class='ocr_par' dir='ltr' id='par_1_39' title="bbox 507 2285 2097 2368">
     <span class='ocr_line' id='line_1_39' title="bbox 507 2285 2097 2368; baseline -0.006 -16"><span class='ocrx_word' id='word_1_271' title='bbox 507 2307 629 2353; x_wconf 78' lang='lat' dir='ltr'><strong>runt</strong></span> <span class='ocrx_word' id='word_1_272' title='bbox 654 2296 867 2368; x_wconf 78' lang='lat' dir='ltr'><strong>(Matth.</strong></span> <span class='ocrx_word' id='word_1_273' title='bbox 887 2312 940 2363; x_wconf 91' lang='lat' dir='ltr'><strong>v,</strong></span> <span class='ocrx_word' id='word_1_274' title='bbox 954 2285 1083 2366; x_wconf 50' lang='lat' dir='ltr'><strong>ﬂ);</strong></span> <span class='ocrx_word' id='word_1_275' title='bbox 1096 2294 1206 2352; x_wconf 89' lang='lat' dir='ltr'><strong>Sed</strong></span> <span class='ocrx_word' id='word_1_276' title='bbox 1231 2294 1278 2350; x_wconf 83' lang='lat' dir='ltr'><strong>si</strong></span> <span class='ocrx_word' id='word_1_277' title='bbox 1301 2300 1543 2364; x_wconf 85' lang='lat' dir='ltr'><strong>tempora</strong></span> <span class='ocrx_word' id='word_1_278' title='bbox 1571 2290 1909 2358; x_wconf 88' lang='lat' dir='ltr'><strong>consideres,</strong></span> <span class='ocrx_word' id='word_1_279' title='bbox 1922 2289 2097 2344; x_wconf 88' lang='lat' dir='ltr'><strong>omnia</strong></span> 
     </span>
    </p>
   </div>
   <div class='ocr_carea' id='block_1_40' title="bbox 510 2385 2102 2461">
    <p class='ocr_par' dir='ltr' id='par_1_40' title="bbox 510 2385 2102 2461">
     <span class='ocr_line' id='line_1_40' title="bbox 510 2385 2102 2461; baseline -0.008 -11"><span class='ocrx_word' id='word_1_280' title='bbox 510 2393 613 2451; x_wconf 83' lang='lat' dir='ltr'><strong>sibi</strong></span> <span class='ocrx_word' id='word_1_281' title='bbox 659 2391 993 2449; x_wconf 87' lang='lat' dir='ltr'><strong>concordare</strong></span> <span class='ocrx_word' id='word_1_282' title='bbox 1036 2402 1352 2461; x_wconf 75' lang='lat' dir='ltr'><strong>cognosces.</strong></span> <span class='ocrx_word' id='word_1_283' title='bbox 1398 2387 1624 2455; x_wconf 83' lang='lat' dir='ltr'><strong>Quando</strong></span> <span class='ocrx_word' id='word_1_284' title='bbox 1669 2386 1812 2443; x_wconf 89' lang='lat' dir='ltr'><strong>enim</strong></span> <span class='ocrx_word' id='word_1_285' title='bbox 1849 2385 2102 2456; x_wconf 57' lang='lat' dir='ltr'><strong>praecepit</strong></span> 
     </span>
    </p>
   </div>
   <div class='ocr_carea' id='block_1_41' title="bbox 510 2477 2125 2549">
    <p class='ocr_par' dir='ltr' id='par_1_41' title="bbox 510 2477 2125 2549">
     <span class='ocr_line' id='line_1_41' title="bbox 510 2477 2125 2549; baseline -0.006 -7"><span class='ocrx_word' id='word_1_286' title='bbox 510 2501 693 2544; x_wconf 87' lang='lat' dir='ltr'><strong>amare</strong></span> <span class='ocrx_word' id='word_1_287' title='bbox 724 2484 970 2541; x_wconf 86' lang='lat' dir='ltr'><strong>inimicos</strong></span> <span class='ocrx_word' id='word_1_288' title='bbox 1001 2492 1246 2549; x_wconf 85' lang='lat' dir='ltr'><strong>nostros,</strong></span> <span class='ocrx_word' id='word_1_289' title='bbox 1286 2478 1632 2537; x_wconf 81' lang='lat' dir='ltr'><strong>adversitatis</strong></span> <span class='ocrx_word' id='word_1_290' title='bbox 1662 2478 1841 2534; x_wconf 78' lang='lat' dir='ltr'><strong>fervor</strong></span> <span class='ocrx_word' id='word_1_291' title='bbox 1872 2487 1929 2533; x_wconf 92' lang='lat' dir='ltr'><strong>et</strong></span> <span class='ocrx_word' id='word_1_292' title='bbox 1954 2477 2125 2533; x_wconf 14' lang='lat' dir='ltr'><strong>calori</strong></span> 
     </span>
    </p>
   </div>
   <div class='ocr_carea' id='block_1_42' title="bbox 510 2567 2102 2649">
    <p class='ocr_par' dir='ltr' id='par_1_42' title="bbox 510 2567 2102 2649">
     <span class='ocr_line' id='line_1_42' title="bbox 510 2567 2102 2649; baseline -0.005 -18"><span class='ocrx_word' id='word_1_293' title='bbox 510 2577 721 2649; x_wconf 76' lang='lat' dir='ltr'><strong>injuria:</strong></span> <span class='ocrx_word' id='word_1_294' title='bbox 752 2582 1111 2644; x_wconf 88' lang='lat' dir='ltr'><strong>temperatur:</strong></span> <span class='ocrx_word' id='word_1_295' title='bbox 1144 2582 1202 2627; x_wconf 89' lang='lat' dir='ltr'><strong>ut</strong></span> <span class='ocrx_word' id='word_1_296' title='bbox 1222 2572 1420 2628; x_wconf 89' lang='lat' dir='ltr'><strong>malum</strong></span> <span class='ocrx_word' id='word_1_297' title='bbox 1445 2585 1543 2642; x_wconf 93' lang='lat' dir='ltr'><strong>pro</strong></span> <span class='ocrx_word' id='word_1_298' title='bbox 1567 2570 1711 2625; x_wconf 86' lang='lat' dir='ltr'><strong>malo</strong></span> <span class='ocrx_word' id='word_1_299' title='bbox 1736 2570 1960 2625; x_wconf 82' lang='lat' dir='ltr'><strong>minime</strong></span> <span class='ocrx_word' id='word_1_300' title='bbox 1981 2567 2102 2623; x_wconf 89' lang='lat' dir='ltr'><strong>red-</strong></span> 
     </span>
    </p>
   </div>
   <div class='ocr_carea' id='block_1_43' title="bbox 511 2667 2102 2741">
    <p class='ocr_par' dir='ltr' id='par_1_43' title="bbox 511 2667 2102 2741">
     <span class='ocr_line' id='line_1_43' title="bbox 511 2667 2102 2741; baseline -0.004 -14"><span class='ocrx_word' id='word_1_301' title='bbox 511 2675 640 2729; x_wconf 86' lang='lat' dir='ltr'><strong>dere</strong></span> <span class='ocrx_word' id='word_1_302' title='bbox 670 2671 966 2737; x_wconf 84' lang='lat' dir='ltr'><strong>videamur,</strong></span> <span class='ocrx_word' id='word_1_303' title='bbox 992 2680 1050 2722; x_wconf 91' lang='lat' dir='ltr'><strong>ut</strong></span> <span class='ocrx_word' id='word_1_304' title='bbox 1089 2670 1355 2740; x_wconf 83' lang='lat' dir='ltr'><strong>patientes</strong></span> <span class='ocrx_word' id='word_1_305' title='bbox 1381 2668 1555 2723; x_wconf 88' lang='lat' dir='ltr'><strong>simus</strong></span> <span class='ocrx_word' id='word_1_306' title='bbox 1581 2667 1648 2739; x_wconf 86' lang='lat' dir='ltr'><strong>ad</strong></span> <span class='ocrx_word' id='word_1_307' title='bbox 1688 2680 1876 2741; x_wconf 86' lang='lat' dir='ltr'><strong>omnes</strong></span> <span class='ocrx_word' id='word_1_308' title='bbox 1914 2675 2102 2723; x_wconf 85' lang='lat' dir='ltr'><strong>contu-</strong></span> 
     </span>
    </p>
   </div>
   <div class='ocr_carea' id='block_1_44' title="bbox 513 2759 2099 2834">
    <p class='ocr_par' dir='ltr' id='par_1_44' title="bbox 513 2759 2099 2834">
     <span class='ocr_line' id='line_1_44' title="bbox 513 2759 2099 2834; baseline -0.004 -14"><span class='ocrx_word' id='word_1_309' title='bbox 513 2767 720 2831; x_wconf 84' lang='lat' dir='ltr'><strong>melias,</strong></span> <span class='ocrx_word' id='word_1_310' title='bbox 753 2764 893 2820; x_wconf 87' lang='lat' dir='ltr'><strong>sicut</strong></span> <span class='ocrx_word' id='word_1_311' title='bbox 916 2773 969 2820; x_wconf 86' lang='lat' dir='ltr'><strong>et</strong></span> <span class='ocrx_word' id='word_1_312' title='bbox 1000 2763 1114 2833; x_wconf 86' lang='lat' dir='ltr'><strong>ipse</strong></span> <span class='ocrx_word' id='word_1_313' title='bbox 1139 2763 1229 2834; x_wconf 89' lang='lat' dir='ltr'><strong>qui</strong></span> <span class='ocrx_word' id='word_1_314' title='bbox 1251 2770 1511 2833; x_wconf 88' lang='lat' dir='ltr'><strong>eonsputa</strong></span> <span class='ocrx_word' id='word_1_315' title='bbox 1543 2760 1785 2830; x_wconf 89' lang='lat' dir='ltr'><strong>pertulit,</strong></span> <span class='ocrx_word' id='word_1_316' title='bbox 1807 2771 1860 2815; x_wconf 88' lang='lat' dir='ltr'><strong>et</strong></span> <span class='ocrx_word' id='word_1_317' title='bbox 1890 2759 2099 2830; x_wconf 80' lang='lat' dir='ltr'><strong>ﬂagella</strong></span> 
     </span>
    </p>
   </div>
   <div class='ocr_carea' id='block_1_45' title="bbox 510 2848 2100 2927">
    <p class='ocr_par' dir='ltr' id='par_1_45' title="bbox 510 2848 2100 2927">
     <span class='ocr_line' id='line_1_45' title="bbox 510 2848 2100 2927; baseline -0.006 -14"><span class='ocrx_word' id='word_1_318' title='bbox 510 2857 764 2927; x_wconf 75' lang='lat' dir='ltr'><strong>suscepit.</strong></span> <span class='ocrx_word' id='word_1_319' title='bbox 795 2853 1023 2924; x_wconf 81' lang='lat' dir='ltr'><strong>Quando</strong></span> <span class='ocrx_word' id='word_1_320' title='bbox 1050 2868 1182 2908; x_wconf 90' lang='lat' dir='ltr'><strong>vero</strong></span> <span class='ocrx_word' id='word_1_321' title='bbox 1208 2853 1448 2925; x_wconf 78' lang='lat' dir='ltr'><strong>martyrii</strong></span> <span class='ocrx_word' id='word_1_322' title='bbox 1479 2860 1692 2922; x_wconf 78' lang='lat' dir='ltr'><strong>tempus</strong></span> <span class='ocrx_word' id='word_1_323' title='bbox 1719 2849 1970 2916; x_wconf 88' lang='lat' dir='ltr'><strong>occurrit,</strong></span> <span class='ocrx_word' id='word_1_324' title='bbox 1997 2848 2100 2904; x_wconf 87' lang='lat' dir='ltr'><strong>ini-</strong></span> 
     </span>
    </p>
   </div>
   <div class='ocr_carea' id='block_1_46' title="bbox 510 2942 2101 3024">
    <p class='ocr_par' dir='ltr' id='par_1_46' title="bbox 510 2942 2101 3024">
     <span class='ocr_line' id='line_1_46' title="bbox 510 2942 2101 3024; baseline -0.006 -17"><span class='ocrx_word' id='word_1_325' title='bbox 510 2969 638 3024; x_wconf 77' lang='lat' dir='ltr'><strong>quos</strong></span> <span class='ocrx_word' id='word_1_326' title='bbox 668 2964 919 3006; x_wconf 87' lang='lat' dir='ltr'><strong>suasores</strong></span> <span class='ocrx_word' id='word_1_327' title='bbox 951 2949 1069 3001; x_wconf 84' lang='lat' dir='ltr'><strong>odio</strong></span> <span class='ocrx_word' id='word_1_328' title='bbox 1105 2948 1291 3002; x_wconf 76' lang='lat' dir='ltr'><strong>habere</strong></span> <span class='ocrx_word' id='word_1_329' title='bbox 1330 2946 1695 3017; x_wconf 69' lang='lat' dir='ltr'><strong>pracipimur,</strong></span> <span class='ocrx_word' id='word_1_330' title='bbox 1724 2959 1846 3001; x_wconf 85' lang='lat' dir='ltr'><strong>cum</strong></span> <span class='ocrx_word' id='word_1_331' title='bbox 1875 2951 1931 2998; x_wconf 90' lang='lat' dir='ltr'><strong>et</strong></span> <span class='ocrx_word' id='word_1_332' title='bbox 1955 2942 2101 3013; x_wconf 85' lang='lat' dir='ltr'><strong>ipsos</strong></span> 
     </span>
    </p>
   </div>
   <div class='ocr_carea' id='block_1_47' title="bbox 511 3034 2098 3112">
    <p class='ocr_par' dir='ltr' id='par_1_47' title="bbox 511 3034 2098 3112">
     <span class='ocr_line' id='line_1_47' title="bbox 511 3034 2098 3112; baseline -0.004 -16"><span class='ocrx_word' id='word_1_333' title='bbox 511 3056 723 3112; x_wconf 86' lang='lat' dir='ltr'><strong>quoque</strong></span> <span class='ocrx_word' id='word_1_334' title='bbox 773 3040 913 3095; x_wconf 84' lang='lat' dir='ltr'><strong>filios</strong></span> <span class='ocrx_word' id='word_1_335' title='bbox 943 3049 996 3095; x_wconf 91' lang='lat' dir='ltr'><strong>et</strong></span> <span class='ocrx_word' id='word_1_336' title='bbox 1028 3047 1300 3107; x_wconf 88' lang='lat' dir='ltr'><strong>parentes,</strong></span> <span class='ocrx_word' id='word_1_337' title='bbox 1335 3039 1384 3092; x_wconf 88' lang='lat' dir='ltr'><strong>si</strong></span> <span class='ocrx_word' id='word_1_338' title='bbox 1430 3036 1648 3092; x_wconf 84' lang='lat' dir='ltr'><strong>adversi</strong></span> <span class='ocrx_word' id='word_1_339' title='bbox 1690 3042 1835 3101; x_wconf 89' lang='lat' dir='ltr'><strong>sunt,</strong></span> <span class='ocrx_word' id='word_1_340' title='bbox 1866 3034 2098 3090; x_wconf 83' lang='lat' dir='ltr'><strong>alienata</strong></span> 
     </span>
    </p>
   </div>
   <div class='ocr_carea' id='block_1_48' title="bbox 508 3125 2100 3197">
    <p class='ocr_par' dir='ltr' id='par_1_48' title="bbox 508 3125 2100 3197">
     <span class='ocr_line' id='line_1_48' title="bbox 508 3125 2100 3197; baseline -0.003 -11"><span class='ocrx_word' id='word_1_341' title='bbox 508 3133 769 3188; x_wconf 83' lang='lat' dir='ltr'><strong>debemus</strong></span> <span class='ocrx_word' id='word_1_342' title='bbox 813 3130 1088 3185; x_wconf 87' lang='lat' dir='ltr'><strong>voluntate</strong></span> <span class='ocrx_word' id='word_1_343' title='bbox 1147 3136 1518 3184; x_wconf 77' lang='lat' dir='ltr'><strong>contemnere.</strong></span> <span class='ocrx_word' id='word_1_344' title='bbox 1561 3125 1720 3196; x_wconf 69' lang='lat' dir='ltr'><strong>Szrpe</strong></span> <span class='ocrx_word' id='word_1_345' title='bbox 1767 3125 1912 3180; x_wconf 89' lang='lat' dir='ltr'><strong>enim</strong></span> <span class='ocrx_word' id='word_1_346' title='bbox 1963 3139 2100 3197; x_wconf 88' lang='lat' dir='ltr'><strong>quos</strong></span> 
     </span>
    </p>
   </div>
   <div class='ocr_carea' id='block_1_49' title="bbox 2199 1927 3810 1996">
    <p class='ocr_par' dir='ltr' id='par_1_49' title="bbox 2199 1927 3810 1996">
     <span class='ocr_line' id='line_1_49' title="bbox 2199 1927 3810 1996; baseline -0.002 -10"><span class='ocrx_word' id='word_1_347' title='bbox 2199 1930 2291 1986; x_wconf 90' lang='lat' dir='ltr'><strong>ubi</strong></span> <span class='ocrx_word' id='word_1_348' title='bbox 2326 1929 2451 1986; x_wconf 87' lang='lat' dir='ltr'><strong>talia</strong></span> <span class='ocrx_word' id='word_1_349' title='bbox 2479 1938 2604 1985; x_wconf 89' lang='lat' dir='ltr'><strong>sunt</strong></span> <span class='ocrx_word' id='word_1_350' title='bbox 2639 1937 2762 1986; x_wconf 88' lang='lat' dir='ltr'><strong>vota</strong></span> <span class='ocrx_word' id='word_1_351' title='bbox 2791 1943 2858 1985; x_wconf 90' lang='lat' dir='ltr'><strong>ne</strong></span> <span class='ocrx_word' id='word_1_352' title='bbox 2883 1928 3114 1985; x_wconf 74' lang='lat' dir='ltr'><strong>credat?</strong></span> <span class='ocrx_word' id='word_1_353' title='bbox 3138 1928 3342 1996; x_wconf 85' lang='lat' dir='ltr'><strong>Quibus</strong></span> <span class='ocrx_word' id='word_1_354' title='bbox 3369 1928 3477 1985; x_wconf 85' lang='lat' dir='ltr'><strong>alio</strong></span> <span class='ocrx_word' id='word_1_355' title='bbox 3503 1928 3625 1983; x_wconf 81' lang='lat' dir='ltr'><strong>loco</strong></span> <span class='ocrx_word' id='word_1_356' title='bbox 3650 1927 3810 1983; x_wconf 81' lang='lat' dir='ltr'><strong>dici-</strong></span> 
     </span>
    </p>
   </div>
   <div class='ocr_carea' id='block_1_50' title="bbox 2198 2020 3813 2091">
    <p class='ocr_par' dir='ltr' id='par_1_50' title="bbox 2198 2020 3813 2091">
     <span class='ocr_line' id='line_1_50' title="bbox 2198 2020 3813 2091; baseline -0.002 -14"><span class='ocrx_word' id='word_1_357' title='bbox 2198 2030 2286 2077; x_wconf 89' lang='lat' dir='ltr'><strong>tur</strong></span> <span class='ocrx_word' id='word_1_358' title='bbox 2318 2038 2331 2074; x_wconf 89' lang='lat'><strong>:</strong></span> <span class='ocrx_word' id='word_1_359' title='bbox 2369 2020 2630 2076; x_wconf 78' lang='lat' dir='ltr'><strong>Discedite</strong></span> <span class='ocrx_word' id='word_1_360' title='bbox 2653 2038 2686 2075; x_wconf 94' lang='lat' dir='ltr'><strong>a</strong></span> <span class='ocrx_word' id='word_1_361' title='bbox 2727 2036 2825 2086; x_wconf 85' lang='lat' dir='ltr'><strong>me,</strong></span> <span class='ocrx_word' id='word_1_362' title='bbox 2851 2036 3026 2075; x_wconf 86' lang='lat' dir='ltr'><strong>omnes</strong></span> <span class='ocrx_word' id='word_1_363' title='bbox 3052 2021 3141 2090; x_wconf 81' lang='lat' dir='ltr'><strong>qui</strong></span> <span class='ocrx_word' id='word_1_364' title='bbox 3166 2021 3445 2091; x_wconf 75' lang='lat' dir='ltr'><strong>cperamiui</strong></span> <span class='ocrx_word' id='word_1_365' title='bbox 3467 2021 3813 2090; x_wconf 71' lang='lat' dir='ltr'><strong>iniquitates!</strong></span> 
     </span>
    </p>
   </div>
   <div class='ocr_carea' id='block_1_51' title="bbox 2203 2118 3813 2193">
    <p class='ocr_par' dir='ltr' id='par_1_51' title="bbox 2203 2118 3813 2193">
     <span class='ocr_line' id='line_1_51' title="bbox 2203 2118 3813 2193; baseline -0.002 -18"><span class='ocrx_word' id='word_1_366' title='bbox 2203 2120 2378 2193; x_wconf 84' lang='lat' dir='ltr'><strong>(Psat.</strong></span> <span class='ocrx_word' id='word_1_367' title='bbox 2408 2136 2485 2190; x_wconf 87' lang='lat' dir='ltr'><strong>vt,</strong></span> <span class='ocrx_word' id='word_1_368' title='bbox 2526 2121 2607 2190; x_wconf 88' lang='lat'><strong>9).</strong></span> <span class='ocrx_word' id='word_1_369' title='bbox 2658 2118 2972 2176; x_wconf 79' lang='lat' dir='ltr'><strong>Remedium</strong></span> <span class='ocrx_word' id='word_1_370' title='bbox 3021 2127 3107 2177; x_wconf 89' lang='lat' dir='ltr'><strong>est</strong></span> <span class='ocrx_word' id='word_1_371' title='bbox 3145 2118 3310 2183; x_wconf 88' lang='lat' dir='ltr'><strong>enim,</strong></span> <span class='ocrx_word' id='word_1_372' title='bbox 3333 2132 3505 2189; x_wconf 83' lang='lat' dir='ltr'><strong>quem</strong></span> <span class='ocrx_word' id='word_1_373' title='bbox 3550 2119 3813 2173; x_wconf 72' lang='lat' dir='ltr'><strong>converti</strong></span> 
     </span>
    </p>
   </div>
   <div class='ocr_carea' id='block_1_52' title="bbox 2201 2208 3809 2281">
    <p class='ocr_par' dir='ltr' id='par_1_52' title="bbox 2201 2208 3809 2281">
     <span class='ocr_line' id='line_1_52' title="bbox 2201 2208 3809 2281; baseline -0.002 -13"><span class='ocrx_word' id='word_1_374' title='bbox 2201 2211 2341 2268; x_wconf 88' lang='lat' dir='ltr'><strong>velle</strong></span> <span class='ocrx_word' id='word_1_375' title='bbox 2368 2226 2473 2267; x_wconf 92' lang='lat' dir='ltr'><strong>non</strong></span> <span class='ocrx_word' id='word_1_376' title='bbox 2495 2211 2714 2279; x_wconf 90' lang='lat' dir='ltr'><strong>videris,</strong></span> <span class='ocrx_word' id='word_1_377' title='bbox 2747 2211 2915 2266; x_wconf 88' lang='lat' dir='ltr'><strong>vitare</strong></span> <span class='ocrx_word' id='word_1_378' title='bbox 2936 2211 2982 2266; x_wconf 87' lang='lat' dir='ltr'><strong>si</strong></span> <span class='ocrx_word' id='word_1_379' title='bbox 3010 2210 3203 2281; x_wconf 84' lang='lat' dir='ltr'><strong>possis.</strong></span> <span class='ocrx_word' id='word_1_380' title='bbox 3229 2210 3363 2280; x_wconf 85' lang='lat' dir='ltr'><strong>Ipsis</strong></span> <span class='ocrx_word' id='word_1_381' title='bbox 3383 2208 3527 2266; x_wconf 88' lang='lat' dir='ltr'><strong>enim</strong></span> <span class='ocrx_word' id='word_1_382' title='bbox 3554 2224 3809 2279; x_wconf 69' lang='lat' dir='ltr'><strong>praesen-</strong></span> 
     </span>
    </p>
   </div>
   <div class='ocr_carea' id='block_1_53' title="bbox 2200 2301 3813 2372">
    <p class='ocr_par' dir='ltr' id='par_1_53' title="bbox 2200 2301 3813 2372">
     <span class='ocr_line' id='line_1_53' title="bbox 2200 2301 3813 2372; baseline -0.002 -11"><span class='ocrx_word' id='word_1_383' title='bbox 2200 2304 2345 2361; x_wconf 86' lang='lat' dir='ltr'><strong>tibus</strong></span> <span class='ocrx_word' id='word_1_384' title='bbox 2365 2304 2493 2360; x_wconf 90' lang='lat' dir='ltr'><strong>dum</strong></span> <span class='ocrx_word' id='word_1_385' title='bbox 2515 2303 2852 2360; x_wconf 86' lang='lat' dir='ltr'><strong>contentiosa</strong></span> <span class='ocrx_word' id='word_1_386' title='bbox 2871 2317 3089 2371; x_wconf 86' lang='lat' dir='ltr'><strong>semper</strong></span> <span class='ocrx_word' id='word_1_387' title='bbox 3109 2301 3442 2372; x_wconf 84' lang='lat' dir='ltr'><strong>malignitate</strong></span> <span class='ocrx_word' id='word_1_388' title='bbox 3475 2302 3813 2371; x_wconf 77' lang='lat' dir='ltr'><strong>conﬂigunt,</strong></span> 
     </span>
    </p>
   </div>
   <div class='ocr_carea' id='block_1_54' title="bbox 2209 2392 3816 2466">
    <p class='ocr_par' dir='ltr' id='par_1_54' title="bbox 2209 2392 3816 2466">
     <span class='ocr_line' id='line_1_54' title="bbox 2209 2392 3816 2466; baseline -0.002 -14"><span class='ocrx_word' id='word_1_389' title='bbox 2209 2395 2338 2453; x_wconf 86' lang='lat' dir='ltr'><strong>dum</strong></span> <span class='ocrx_word' id='word_1_390' title='bbox 2389 2396 2686 2454; x_wconf 86' lang='lat' dir='ltr'><strong>calumnias</strong></span> <span class='ocrx_word' id='word_1_391' title='bbox 2737 2394 2998 2466; x_wconf 74' lang='lat' dir='ltr'><strong>exquisita</strong></span> <span class='ocrx_word' id='word_1_392' title='bbox 3046 2395 3283 2450; x_wconf 87' lang='lat' dir='ltr'><strong>vanitate</strong></span> <span class='ocrx_word' id='word_1_393' title='bbox 3328 2392 3676 2463; x_wconf 85' lang='lat' dir='ltr'><strong>concipiunt,</strong></span> <span class='ocrx_word' id='word_1_394' title='bbox 3733 2394 3816 2449; x_wconf 80' lang='lat' dir='ltr'><strong>ad</strong></span> 
     </span>
    </p>
   </div>
   <div class='ocr_carea' id='block_1_55' title="bbox 2208 2485 3819 2556">
    <p class='ocr_par' dir='ltr' id='par_1_55' title="bbox 2208 2485 3819 2556">
     <span class='ocr_line' id='line_1_55' title="bbox 2208 2485 3819 2556; baseline -0.002 -12"><span class='ocrx_word' id='word_1_395' title='bbox 2208 2489 2495 2545; x_wconf 80' lang='lat' dir='ltr'><strong>scrutanda</strong></span> <span class='ocrx_word' id='word_1_396' title='bbox 2526 2488 2778 2544; x_wconf 49' lang='lat' dir='ltr'><strong>mandata</strong></span> <span class='ocrx_word' id='word_1_397' title='bbox 2809 2487 3019 2544; x_wconf 90' lang='lat' dir='ltr'><strong>Domini</strong></span> <span class='ocrx_word' id='word_1_398' title='bbox 3043 2485 3224 2543; x_wconf 87' lang='lat' dir='ltr'><strong>idonei</strong></span> <span class='ocrx_word' id='word_1_399' title='bbox 3252 2499 3358 2542; x_wconf 90' lang='lat' dir='ltr'><strong>non</strong></span> <span class='ocrx_word' id='word_1_400' title='bbox 3390 2500 3681 2556; x_wconf 81' lang='lat' dir='ltr'><strong>possumus</strong></span> <span class='ocrx_word' id='word_1_401' title='bbox 3716 2485 3819 2541; x_wconf 82' lang='lat' dir='ltr'><strong>in—</strong></span> 
     </span>
    </p>
   </div>
   <div class='ocr_carea' id='block_1_56' title="bbox 2205 2577 3819 2651">
    <p class='ocr_par' dir='ltr' id='par_1_56' title="bbox 2205 2577 3819 2651">
     <span class='ocr_line' id='line_1_56' title="bbox 2205 2577 3819 2651; baseline 0.001 -16"><span class='ocrx_word' id='word_1_402' title='bbox 2205 2581 2398 2649; x_wconf 83' lang='lat' dir='ltr'><strong>veniri,</strong></span> <span class='ocrx_word' id='word_1_403' title='bbox 2429 2581 2521 2639; x_wconf 86' lang='lat' dir='ltr'><strong>ubi</strong></span> <span class='ocrx_word' id='word_1_404' title='bbox 2553 2584 2680 2638; x_wconf 90' lang='lat' dir='ltr'><strong>totis</strong></span> <span class='ocrx_word' id='word_1_405' title='bbox 2710 2581 2969 2638; x_wconf 82' lang='lat' dir='ltr'><strong>debemus</strong></span> <span class='ocrx_word' id='word_1_406' title='bbox 2995 2580 3191 2636; x_wconf 63' lang='lat' dir='ltr'><strong>animai</strong></span> <span class='ocrx_word' id='word_1_407' title='bbox 3212 2580 3317 2651; x_wconf 73' lang='lat' dir='ltr'><strong>led.</strong></span> <span class='ocrx_word' id='word_1_408' title='bbox 3369 2577 3558 2649; x_wconf 85' lang='lat' dir='ltr'><strong>animi]</strong></span> <span class='ocrx_word' id='word_1_409' title='bbox 3590 2578 3819 2637; x_wconf 73' lang='lat' dir='ltr'><strong>viribus</strong></span> 
     </span>
    </p>
   </div>
   <div class='ocr_carea' id='block_1_57' title="bbox 2204 2675 2477 2743">
    <p class='ocr_par' dir='ltr' id='par_1_57' title="bbox 2204 2675 2477 2743">
     <span class='ocr_line' id='line_1_57' title="bbox 2204 2675 2477 2743; baseline -0.004 -12"><span class='ocrx_word' id='word_1_410' title='bbox 2204 2675 2477 2743; x_wconf 87' lang='lat' dir='ltr'><strong>occupari.</strong></span> 
     </span>
    </p>
   </div>
   <div class='ocr_carea' id='block_1_58' title="bbox 2276 2762 3819 2835">
    <p class='ocr_par' dir='ltr' id='par_1_58' title="bbox 2276 2762 3819 2835">
     <span class='ocr_line' id='line_1_58' title="bbox 2276 2762 3819 2835; baseline -0.001 -16"><span class='ocrx_word' id='word_1_411' title='bbox 2276 2765 2434 2821; x_wconf 74' lang='lat' dir='ltr'><strong>Vere.</strong></span> <span class='ocrx_word' id='word_1_412' title='bbox 2466 2765 2588 2821; x_wconf 72' lang='lat' dir='ltr'><strong>illi.</strong></span> <span class='ocrx_word' id='word_1_413' title='bbox 2620 2764 2839 2835; x_wconf 78' lang='lat' dir='ltr'><strong>Suscipe</strong></span> <span class='ocrx_word' id='word_1_414' title='bbox 2870 2779 2948 2818; x_wconf 89' lang='lat' dir='ltr'><strong>me</strong></span> <span class='ocrx_word' id='word_1_415' title='bbox 2973 2762 3252 2818; x_wconf 76' lang='lat' dir='ltr'><strong>secundum</strong></span> <span class='ocrx_word' id='word_1_416' title='bbox 3284 2762 3538 2831; x_wconf 71' lang='lat' dir='ltr'><strong>eloquium</strong></span> <span class='ocrx_word' id='word_1_417' title='bbox 3572 2770 3728 2816; x_wconf 71' lang='lat' dir='ltr'><strong>tusus</strong></span> <span class='ocrx_word' id='word_1_418' title='bbox 3761 2770 3819 2817; x_wconf 73' lang='grc' dir='ltr'><em>α</em></span> 
     </span>
    </p>
   </div>
   <div class='ocr_carea' id='block_1_59' title="bbox 2206 2854 3823 2929">
    <p class='ocr_par' dir='ltr' id='par_1_59' title="bbox 2206 2854 3823 2929">
     <span class='ocr_line' id='line_1_59' title="bbox 2206 2854 3823 2929; baseline -0.001 -17"><span class='ocrx_word' id='word_1_419' title='bbox 2206 2859 2397 2925; x_wconf 79' lang='lat' dir='ltr'><strong>vittam,</strong></span> <span class='ocrx_word' id='word_1_420' title='bbox 2414 2868 2586 2913; x_wconf 78' lang='lat' dir='ltr'><strong>etnon</strong></span> <span class='ocrx_word' id='word_1_421' title='bbox 2614 2858 2903 2929; x_wconf 72' lang='lat' dir='ltr'><strong>confundas</strong></span> <span class='ocrx_word' id='word_1_422' title='bbox 2920 2873 3000 2911; x_wconf 84' lang='lat' dir='ltr'><strong>nte</strong></span> <span class='ocrx_word' id='word_1_423' title='bbox 3026 2856 3092 2911; x_wconf 77' lang='lat' dir='ltr'><strong>ab</strong></span> <span class='ocrx_word' id='word_1_424' title='bbox 3116 2857 3488 2925; x_wconf 62' lang='lat' dir='ltr'><strong>exspectatione</strong></span> <span class='ocrx_word' id='word_1_425' title='bbox 3506 2871 3638 2908; x_wconf 78' lang='lat' dir='ltr'><strong>mea.</strong></span> <span class='ocrx_word' id='word_1_426' title='bbox 3664 2854 3823 2910; x_wconf 70' lang='lat' dir='ltr'><strong>Pen-</strong></span> 
     </span>
    </p>
   </div>
   <div class='ocr_carea' id='block_1_60' title="bbox 2208 2949 3825 3022">
    <p class='ocr_par' dir='ltr' id='par_1_60' title="bbox 2208 2949 3825 3022">
     <span class='ocr_line' id='line_1_60' title="bbox 2208 2949 3825 3022; baseline 0 -17"><span class='ocrx_word' id='word_1_427' title='bbox 2208 2950 2329 3007; x_wconf 84' lang='lat' dir='ltr'><strong>ﬁdis</strong></span> <span class='ocrx_word' id='word_1_428' title='bbox 2358 2950 2627 3022; x_wconf 78' lang='lat' dir='ltr'><strong>etfugatis,</strong></span> <span class='ocrx_word' id='word_1_429' title='bbox 2675 2960 2731 3006; x_wconf 91' lang='lat' dir='ltr'><strong>et</strong></span> <span class='ocrx_word' id='word_1_430' title='bbox 2774 2950 3036 3005; x_wconf 86' lang='lat' dir='ltr'><strong>malorum</strong></span> <span class='ocrx_word' id='word_1_431' title='bbox 3072 2949 3347 3006; x_wconf 80' lang='lat' dir='ltr'><strong>hominum</strong></span> <span class='ocrx_word' id='word_1_432' title='bbox 3389 2949 3825 3005; x_wconf 72' lang='lat' dir='ltr'><strong>conversatione</strong></span> 
     </span>
    </p>
   </div>
   <div class='ocr_carea' id='block_1_61' title="bbox 2209 3040 3826 3115">
    <p class='ocr_par' dir='ltr' id='par_1_61' title="bbox 2209 3040 3826 3115">
     <span class='ocr_line' id='line_1_61' title="bbox 2209 3040 3826 3115; baseline -0.003 -16"><span class='ocrx_word' id='word_1_433' title='bbox 2209 3053 2487 3115; x_wconf 87' lang='lat' dir='ltr'><strong>purgatus,</strong></span> <span class='ocrx_word' id='word_1_434' title='bbox 2517 3058 2548 3099; x_wconf 87' lang='lat' dir='ltr'><strong>a</strong></span> <span class='ocrx_word' id='word_1_435' title='bbox 2578 3044 2809 3099; x_wconf 89' lang='lat' dir='ltr'><strong>Domino</strong></span> <span class='ocrx_word' id='word_1_436' title='bbox 2849 3057 2911 3099; x_wconf 89' lang='lat' dir='ltr'><strong>se</strong></span> <span class='ocrx_word' id='word_1_437' title='bbox 2946 3045 3080 3114; x_wconf 88' lang='lat' dir='ltr'><strong>petit</strong></span> <span class='ocrx_word' id='word_1_438' title='bbox 3121 3042 3345 3113; x_wconf 80' lang='lat' dir='ltr'><strong>suscipi,</strong></span> <span class='ocrx_word' id='word_1_439' title='bbox 3396 3052 3451 3097; x_wconf 88' lang='lat' dir='ltr'><strong>ut</strong></span> <span class='ocrx_word' id='word_1_440' title='bbox 3472 3041 3640 3112; x_wconf 79' lang='lat' dir='ltr'><strong>possit</strong></span> <span class='ocrx_word' id='word_1_441' title='bbox 3664 3040 3826 3111; x_wconf 67' lang='lat' dir='ltr'><strong>eius</strong></span> 
     </span>
    </p>
   </div>
   <div class='ocr_carea' id='block_1_62' title="bbox 2208 3138 3823 3212">
    <p class='ocr_par' dir='ltr' id='par_1_62' title="bbox 2208 3138 3823 3212">
     <span class='ocr_line' id='line_1_62' title="bbox 2208 3138 3823 3212; baseline -0.001 -16"><span class='ocrx_word' id='word_1_442' title='bbox 2208 3141 2360 3199; x_wconf 88' lang='lat' dir='ltr'><strong>verbi</strong></span> <span class='ocrx_word' id='word_1_443' title='bbox 2389 3140 2749 3212; x_wconf 85' lang='lat' dir='ltr'><strong>promissione</strong></span> <span class='ocrx_word' id='word_1_444' title='bbox 2775 3140 2995 3195; x_wconf 89' lang='lat' dir='ltr'><strong>salvari.</strong></span> <span class='ocrx_word' id='word_1_445' title='bbox 3024 3140 3178 3196; x_wconf 82' lang='lat' dir='ltr'><strong>Esset</strong></span> <span class='ocrx_word' id='word_1_446' title='bbox 3203 3141 3349 3194; x_wconf 89' lang='lat' dir='ltr'><strong>cnim</strong></span> <span class='ocrx_word' id='word_1_447' title='bbox 3375 3138 3599 3194; x_wconf 82' lang='lat' dir='ltr'><strong>fortasse</strong></span> <span class='ocrx_word' id='word_1_448' title='bbox 3625 3148 3823 3195; x_wconf 74' lang='lat' dir='ltr'><strong>tense-</strong></span> 
     </span>
    </p>
   </div>
   <div class='ocr_carea' id='block_1_63' title="bbox 510 3198 3819 3303">
    <p class='ocr_par' dir='ltr' id='par_1_63' title="bbox 510 3198 3819 3303">
     <span class='ocr_line' id='line_1_63' title="bbox 510 3198 3819 3303; baseline -0.004 -26"><span class='ocrx_word' id='word_1_449' title='bbox 510 3224 722 3279; x_wconf 86' lang='lat' dir='ltr'><strong>llamma</strong></span> <span class='ocrx_word' id='word_1_450' title='bbox 754 3236 861 3277; x_wconf 92' lang='lat' dir='ltr'><strong>non</strong></span> <span class='ocrx_word' id='word_1_451' title='bbox 894 3219 1106 3286; x_wconf 87' lang='lat' dir='ltr'><strong>terruit,</strong></span> <span class='ocrx_word' id='word_1_452' title='bbox 1146 3233 1281 3291; x_wconf 89' lang='lat' dir='ltr'><strong>quos</strong></span> <span class='ocrx_word' id='word_1_453' title='bbox 1318 3216 1521 3273; x_wconf 88' lang='lat' dir='ltr'><strong>ferrum</strong></span> <span class='ocrx_word' id='word_1_454' title='bbox 1554 3232 1659 3271; x_wconf 89' lang='lat' dir='ltr'><strong>non</strong></span> <span class='ocrx_word' id='word_1_455' title='bbox 1690 3213 1953 3285; x_wconf 85' lang='lat' dir='ltr'><strong>subdidit,</strong></span> <span class='ocrx_word' id='word_1_456' title='bbox 2002 3230 2097 3271; x_wconf 88' lang='lat' dir='ltr'><strong>ne-</strong></span> <span class='ocrx_word' id='word_1_457' title='bbox 2131 3198 2176 3261; x_wconf 64' lang='grc' dir='ltr'><strong>(ἶ</strong></span> <span class='ocrx_word' id='word_1_458' title='bbox 2209 3198 2409 3290; x_wconf 43' lang='lat' dir='ltr'><strong>ﬁrm&quot;;</strong></span> <span class='ocrx_word' id='word_1_459' title='bbox 2440 3232 2668 3288; x_wconf 63' lang='lat' dir='ltr'><strong>Domino</strong></span> <span class='ocrx_word' id='word_1_460' title='bbox 2695 3231 2880 3288; x_wconf 53' lang='lat' dir='ltr'><strong>dicem</strong></span> <span class='ocrx_word' id='word_1_461' title='bbox 2911 3245 2928 3286; x_wconf 66' lang='grc' dir='ltr'>ε</span> <span class='ocrx_word' id='word_1_462' title='bbox 2962 3231 3182 3299; x_wconf 55' lang='lat' dir='ltr'><strong>sum”</strong></span> <span class='ocrx_word' id='word_1_463' title='bbox 3212 3247 3312 3299; x_wconf 58' lang='lat' dir='ltr'><strong>me,</strong></span> <span class='ocrx_word' id='word_1_464' title='bbox 3344 3230 3444 3285; x_wconf 64' lang='lat' dir='ltr'><strong>nisi</strong></span> <span class='ocrx_word' id='word_1_465' title='bbox 3480 3230 3819 3303; x_wconf 55' lang='lat' dir='ltr'><strong>adiungere.</strong></span> 
     </span>
    </p>
   </div>
   <div class='ocr_carea' id='block_1_64' title="bbox 509 3309 2096 3379">
    <p class='ocr_par' dir='ltr' id='par_1_64' title="bbox 509 3309 2096 3379">
     <span class='ocr_line' id='line_1_64' title="bbox 509 3309 2096 3379; baseline -0.003 -8"><span class='ocrx_word' id='word_1_466' title='bbox 509 3315 895 3372; x_wconf 87' lang='lat' dir='ltr'><strong>ecssitudinum</strong></span> <span class='ocrx_word' id='word_1_467' title='bbox 923 3311 1284 3368; x_wconf 80' lang='lat' dir='ltr'><strong>blandimenta</strong></span> <span class='ocrx_word' id='word_1_468' title='bbox 1309 3310 1605 3379; x_wconf 81' lang='lat' dir='ltr'><strong>ﬂexerunt;</strong></span> <span class='ocrx_word' id='word_1_469' title='bbox 1646 3318 1701 3366; x_wconf 90' lang='lat' dir='ltr'><strong>et</strong></span> <span class='ocrx_word' id='word_1_470' title='bbox 1728 3309 1851 3365; x_wconf 90' lang='lat' dir='ltr'><strong>ideo</strong></span> <span class='ocrx_word' id='word_1_471' title='bbox 1895 3309 2096 3366; x_wconf 88' lang='lat' dir='ltr'><strong>dictum</strong></span> 
     </span>
    </p>
   </div>
   <div class='ocr_carea' id='block_1_65' title="bbox 506 3392 2097 3476">
    <p class='ocr_par' dir='ltr' id='par_1_65' title="bbox 506 3392 2097 3476">
     <span class='ocr_line' id='line_1_65' title="bbox 506 3392 2097 3476; baseline -0.006 -12"><span class='ocrx_word' id='word_1_472' title='bbox 506 3392 597 3465; x_wconf 77' lang='lat' dir='ltr'><strong>cst</strong></span> <span class='ocrx_word' id='word_1_473' title='bbox 624 3427 636 3461; x_wconf 87' lang='lat'>:</span> <span class='ocrx_word' id='word_1_474' title='bbox 672 3407 733 3462; x_wconf 88' lang='lat' dir='ltr'><strong>Si</strong></span> <span class='ocrx_word' id='word_1_475' title='bbox 769 3407 880 3476; x_wconf 80' lang='lat' dir='ltr'><strong>quis</strong></span> <span class='ocrx_word' id='word_1_476' title='bbox 907 3404 1040 3460; x_wconf 70' lang='lat' dir='ltr'><strong>venit</strong></span> <span class='ocrx_word' id='word_1_477' title='bbox 1067 3405 1135 3458; x_wconf 86' lang='lat' dir='ltr'><strong>ad</strong></span> <span class='ocrx_word' id='word_1_478' title='bbox 1175 3420 1255 3458; x_wconf 83' lang='lat' dir='ltr'><strong>me</strong></span> <span class='ocrx_word' id='word_1_479' title='bbox 1283 3415 1327 3458; x_wconf 89' lang='lat' dir='ltr'><strong>et</strong></span> <span class='ocrx_word' id='word_1_480' title='bbox 1353 3419 1453 3458; x_wconf 89' lang='lat' dir='ltr'><strong>non</strong></span> <span class='ocrx_word' id='word_1_481' title='bbox 1484 3403 1590 3458; x_wconf 86' lang='lat' dir='ltr'><strong>odit</strong></span> <span class='ocrx_word' id='word_1_482' title='bbox 1618 3411 1816 3473; x_wconf 81' lang='lat' dir='ltr'><strong>patrem</strong></span> <span class='ocrx_word' id='word_1_483' title='bbox 1838 3417 2010 3469; x_wconf 75' lang='lat' dir='ltr'><strong>suum,</strong></span> <span class='ocrx_word' id='word_1_484' title='bbox 2049 3411 2097 3456; x_wconf 86' lang='lat' dir='ltr'><strong>et</strong></span> 
     </span>
    </p>
   </div>
   <div class='ocr_carea' id='block_1_66' title="bbox 510 3494 2098 3565">
    <p class='ocr_par' dir='ltr' id='par_1_66' title="bbox 510 3494 2098 3565">
     <span class='ocr_line' id='line_1_66' title="bbox 510 3494 2098 3565; baseline -0.003 -13"><span class='ocrx_word' id='word_1_485' title='bbox 510 3511 719 3553; x_wconf 82' lang='lat' dir='ltr'><strong>matrem</strong></span> <span class='ocrx_word' id='word_1_486' title='bbox 742 3513 906 3565; x_wconf 85' lang='lat' dir='ltr'><strong>suam,</strong></span> <span class='ocrx_word' id='word_1_487' title='bbox 943 3506 989 3552; x_wconf 86' lang='lat' dir='ltr'><strong>et</strong></span> <span class='ocrx_word' id='word_1_488' title='bbox 1031 3511 1261 3561; x_wconf 75' lang='lat' dir='ltr'><strong>uxorem,</strong></span> <span class='ocrx_word' id='word_1_489' title='bbox 1289 3503 1337 3549; x_wconf 89' lang='lat' dir='ltr'><strong>et</strong></span> <span class='ocrx_word' id='word_1_490' title='bbox 1383 3494 1542 3563; x_wconf 73' lang='lat' dir='ltr'><strong>ﬁlios,</strong></span> <span class='ocrx_word' id='word_1_491' title='bbox 1588 3503 1634 3550; x_wconf 84' lang='lat' dir='ltr'><strong>et</strong></span> <span class='ocrx_word' id='word_1_492' title='bbox 1664 3497 1873 3565; x_wconf 75' lang='lat' dir='ltr'><strong>fratres,</strong></span> <span class='ocrx_word' id='word_1_493' title='bbox 1919 3503 1967 3547; x_wconf 87' lang='lat' dir='ltr'><strong>et</strong></span> <span class='ocrx_word' id='word_1_494' title='bbox 2013 3508 2098 3547; x_wconf 83' lang='lat' dir='ltr'><strong>so-</strong></span> 
     </span>
    </p>
   </div>
   <div class='ocr_carea' id='block_1_67' title="bbox 512 3570 2102 3659">
    <p class='ocr_par' dir='ltr' id='par_1_67' title="bbox 512 3570 2102 3659">
     <span class='ocr_line' id='line_1_67' title="bbox 512 3570 2102 3659; baseline -0.003 -14"><span class='ocrx_word' id='word_1_495' title='bbox 512 3608 698 3659; x_wconf 83' lang='lat' dir='ltr'><strong>rores,</strong></span> <span class='ocrx_word' id='word_1_496' title='bbox 756 3591 925 3645; x_wconf 77' lang='lat' dir='ltr'><strong>adhuc</strong></span> <span class='ocrx_word' id='word_1_497' title='bbox 986 3590 1142 3645; x_wconf 86' lang='lat' dir='ltr'><strong>etiam</strong></span> <span class='ocrx_word' id='word_1_498' title='bbox 1208 3600 1257 3645; x_wconf 82' lang='lat' dir='ltr'><strong>et</strong></span> <span class='ocrx_word' id='word_1_499' title='bbox 1306 3589 1531 3642; x_wconf 85' lang='lat' dir='ltr'><strong>animam</strong></span> <span class='ocrx_word' id='word_1_500' title='bbox 1579 3570 1745 3653; x_wconf 85' lang='lat' dir='ltr'><strong>suam,</strong></span> <span class='ocrx_word' id='word_1_501' title='bbox 1778 3602 1880 3640; x_wconf 87' lang='lat' dir='ltr'><strong>non</strong></span> <span class='ocrx_word' id='word_1_502' title='bbox 1940 3594 2102 3655; x_wconf 81' lang='lat' dir='ltr'><strong>potest</strong></span> 
     </span>
    </p>
   </div>
   <div class='ocr_carea' id='block_1_68' title="bbox 510 3679 2099 3754">
    <p class='ocr_par' dir='ltr' id='par_1_68' title="bbox 510 3679 2099 3754">
     <span class='ocr_line' id='line_1_68' title="bbox 510 3679 2099 3754; baseline -0.006 -13"><span class='ocrx_word' id='word_1_503' title='bbox 510 3680 649 3741; x_wconf 75' lang='lat' dir='ltr'><strong>nisus</strong></span> <span class='ocrx_word' id='word_1_504' title='bbox 704 3701 808 3740; x_wconf 80' lang='lat' dir='ltr'><strong>esse</strong></span> <span class='ocrx_word' id='word_1_505' title='bbox 859 3682 1141 3754; x_wconf 82' lang='lat' dir='ltr'><strong>discipulus</strong></span> <span class='ocrx_word' id='word_1_506' title='bbox 1172 3680 1323 3752; x_wconf 84' lang='lat' dir='ltr'><strong>(Luc.</strong></span> <span class='ocrx_word' id='word_1_507' title='bbox 1356 3695 1465 3747; x_wconf 73' lang='lat' dir='ltr'><strong>xlv,</strong></span> <span class='ocrx_word' id='word_1_508' title='bbox 1523 3679 1644 3751; x_wconf 74' lang='grc'><strong>26).</strong></span> <span class='ocrx_word' id='word_1_509' title='bbox 1697 3680 1894 3734; x_wconf 88' lang='lat' dir='ltr'><strong>Contra</strong></span> <span class='ocrx_word' id='word_1_510' title='bbox 1933 3679 2099 3733; x_wconf 87' lang='lat' dir='ltr'><strong>Deum</strong></span> 
     </span>
    </p>
   </div>
   <div class='ocr_carea' id='block_1_69' title="bbox 511 3768 2103 3847">
    <p class='ocr_par' dir='ltr' id='par_1_69' title="bbox 511 3768 2103 3847">
     <span class='ocr_line' id='line_1_69' title="bbox 511 3768 2103 3847; baseline -0.006 -15"><span class='ocrx_word' id='word_1_511' title='bbox 511 3778 709 3847; x_wconf 86' lang='lat' dir='ltr'><strong>quippe</strong></span> <span class='ocrx_word' id='word_1_512' title='bbox 758 3787 986 3846; x_wconf 88' lang='lat' dir='ltr'><strong>persona</strong></span> <span class='ocrx_word' id='word_1_513' title='bbox 1038 3772 1180 3828; x_wconf 88' lang='lat' dir='ltr'><strong>nulla</strong></span> <span class='ocrx_word' id='word_1_514' title='bbox 1221 3772 1384 3827; x_wconf 90' lang='lat' dir='ltr'><strong>debet</strong></span> <span class='ocrx_word' id='word_1_515' title='bbox 1422 3771 1616 3841; x_wconf 78' lang='lat' dir='ltr'><strong>recipi;</strong></span> <span class='ocrx_word' id='word_1_516' title='bbox 1668 3769 1764 3826; x_wconf 87' lang='lat' dir='ltr'><strong>sed</strong></span> <span class='ocrx_word' id='word_1_517' title='bbox 1804 3770 1972 3839; x_wconf 89' lang='lat' dir='ltr'><strong>ipsius</strong></span> <span class='ocrx_word' id='word_1_518' title='bbox 2021 3768 2103 3823; x_wconf 82' lang='lat' dir='ltr'><strong>di-</strong></span> 
     </span>
    </p>
   </div>
   <div class='ocr_carea' id='block_1_70' title="bbox 512 3861 2096 3942">
    <p class='ocr_par' dir='ltr' id='par_1_70' title="bbox 512 3861 2096 3942">
     <span class='ocr_line' id='line_1_70' title="bbox 512 3861 2096 3942; baseline -0.007 -14"><span class='ocrx_word' id='word_1_519' title='bbox 512 3874 742 3929; x_wconf 86' lang='lat' dir='ltr'><strong>lectione</strong></span> <span class='ocrx_word' id='word_1_520' title='bbox 781 3868 1090 3942; x_wconf 68' lang='lat' dir='ltr'><strong>prmposita,</strong></span> <span class='ocrx_word' id='word_1_521' title='bbox 1122 3866 1279 3923; x_wconf 88' lang='lat' dir='ltr'><strong>decet</strong></span> <span class='ocrx_word' id='word_1_522' title='bbox 1304 3865 1730 3922; x_wconf 88' lang='lat' dir='ltr'><strong>necessitudines</strong></span> <span class='ocrx_word' id='word_1_523' title='bbox 1752 3874 1878 3920; x_wconf 90' lang='lat' dir='ltr'><strong>tunc</strong></span> <span class='ocrx_word' id='word_1_524' title='bbox 1906 3861 2096 3929; x_wconf 89' lang='lat' dir='ltr'><strong>amari,</strong></span> 
     </span>
    </p>
   </div>
   <div class='ocr_carea' id='block_1_71' title="bbox 510 3954 2102 4039">
    <p class='ocr_par' dir='ltr' id='par_1_71' title="bbox 510 3954 2102 4039">
     <span class='ocr_line' id='line_1_71' title="bbox 510 3954 2102 4039; baseline -0.009 -17"><span class='ocrx_word' id='word_1_525' title='bbox 510 3980 631 4039; x_wconf 82' lang='lat' dir='ltr'><strong>cum</strong></span> <span class='ocrx_word' id='word_1_526' title='bbox 684 3966 764 4020; x_wconf 89' lang='lat' dir='ltr'><strong>eis</strong></span> <span class='ocrx_word' id='word_1_527' title='bbox 819 3962 968 4017; x_wconf 87' lang='lat' dir='ltr'><strong>nulla</strong></span> <span class='ocrx_word' id='word_1_528' title='bbox 1020 3959 1141 4017; x_wconf 87' lang='lat' dir='ltr'><strong>ﬁdei</strong></span> <span class='ocrx_word' id='word_1_529' title='bbox 1174 3967 1438 4031; x_wconf 88' lang='lat' dir='ltr'><strong>repugnat</strong></span> <span class='ocrx_word' id='word_1_530' title='bbox 1484 3956 1803 4014; x_wconf 85' lang='lat' dir='ltr'><strong>adversitas.</strong></span> <span class='ocrx_word' id='word_1_531' title='bbox 1861 3954 2102 4025; x_wconf 83' lang='lat' dir='ltr'><strong>Quapro-</strong></span> 
     </span>
    </p>
   </div>
   <div class='ocr_carea' id='block_1_72' title="bbox 517 4046 2101 4127">
    <p class='ocr_par' dir='ltr' id='par_1_72' title="bbox 517 4046 2101 4127">
     <span class='ocr_line' id='line_1_72' title="bbox 517 4046 2101 4127; baseline -0.008 -16"><span class='ocrx_word' id='word_1_532' title='bbox 517 4065 635 4127; x_wconf 81' lang='lat' dir='ltr'><strong>pter</strong></span> <span class='ocrx_word' id='word_1_533' title='bbox 686 4053 864 4109; x_wconf 86' lang='lat' dir='ltr'><strong>habita</strong></span> <span class='ocrx_word' id='word_1_534' title='bbox 915 4050 1175 4123; x_wconf 89' lang='lat' dir='ltr'><strong>temporis</strong></span> <span class='ocrx_word' id='word_1_535' title='bbox 1218 4050 1451 4116; x_wconf 86' lang='lat' dir='ltr'><strong>ratione,</strong></span> <span class='ocrx_word' id='word_1_536' title='bbox 1506 4057 1730 4119; x_wconf 84' lang='lat' dir='ltr'><strong>utraque</strong></span> <span class='ocrx_word' id='word_1_537' title='bbox 1788 4046 1942 4101; x_wconf 88' lang='lat' dir='ltr'><strong>nobis</strong></span> <span class='ocrx_word' id='word_1_538' title='bbox 2006 4060 2101 4116; x_wconf 85' lang='lat' dir='ltr'><strong>po-</strong></span> 
     </span>
    </p>
   </div>
   <div class='ocr_carea' id='block_1_73' title="bbox 513 4139 2095 4210">
    <p class='ocr_par' dir='ltr' id='par_1_73' title="bbox 513 4139 2095 4210">
     <span class='ocr_line' id='line_1_73' title="bbox 513 4139 2095 4210; baseline -0.007 -7"><span class='ocrx_word' id='word_1_539' title='bbox 513 4158 693 4203; x_wconf 87' lang='lat' dir='ltr'><strong>terunt</strong></span> <span class='ocrx_word' id='word_1_540' title='bbox 710 4145 957 4203; x_wconf 83' lang='lat' dir='ltr'><strong>absoluta</strong></span> <span class='ocrx_word' id='word_1_541' title='bbox 977 4144 1202 4199; x_wconf 85' lang='lat' dir='ltr'><strong>veritate</strong></span> <span class='ocrx_word' id='word_1_542' title='bbox 1220 4152 1507 4207; x_wconf 87' lang='lat' dir='ltr'><strong>constare;</strong></span> <span class='ocrx_word' id='word_1_543' title='bbox 1531 4141 1790 4210; x_wconf 88' lang='lat' dir='ltr'><strong>scriptum</strong></span> <span class='ocrx_word' id='word_1_544' title='bbox 1814 4148 1891 4194; x_wconf 75' lang='lat' dir='ltr'><strong>eet</strong></span> <span class='ocrx_word' id='word_1_545' title='bbox 1922 4139 2095 4195; x_wconf 85' lang='lat' dir='ltr'><strong>enim:</strong></span> 
     </span>
    </p>
   </div>
   <div class='ocr_carea' id='block_1_74' title="bbox 510 4230 2101 4306">
    <p class='ocr_par' dir='ltr' id='par_1_74' title="bbox 510 4230 2101 4306">
     <span class='ocr_line' id='line_1_74' title="bbox 510 4230 2101 4306; baseline -0.006 -11"><span class='ocrx_word' id='word_1_546' title='bbox 510 4238 736 4303; x_wconf 83' lang='lat' dir='ltr'><strong>Tempus</strong></span> <span class='ocrx_word' id='word_1_547' title='bbox 765 4235 1126 4306; x_wconf 80' lang='lat' dir='ltr'><strong>amplectendi,</strong></span> <span class='ocrx_word' id='word_1_548' title='bbox 1153 4243 1199 4290; x_wconf 88' lang='lat' dir='ltr'><strong>et</strong></span> <span class='ocrx_word' id='word_1_549' title='bbox 1228 4245 1427 4305; x_wconf 75' lang='lat' dir='ltr'><strong>tempus</strong></span> <span class='ocrx_word' id='word_1_550' title='bbox 1457 4235 1606 4305; x_wconf 85' lang='lat' dir='ltr'><strong>longe</strong></span> <span class='ocrx_word' id='word_1_551' title='bbox 1633 4232 1748 4300; x_wconf 75' lang='lat' dir='ltr'><strong>ﬁeri</strong></span> <span class='ocrx_word' id='word_1_552' title='bbox 1768 4230 1831 4285; x_wconf 86' lang='lat' dir='ltr'><strong>ab</strong></span> <span class='ocrx_word' id='word_1_553' title='bbox 1861 4230 2101 4301; x_wconf 68' lang='lat' dir='ltr'><strong>arnptrxu</strong></span> 
     </span>
    </p>
   </div>
   <div class='ocr_carea' id='block_1_75' title="bbox 511 4326 2100 4404">
    <p class='ocr_par' dir='ltr' id='par_1_75' title="bbox 511 4326 2100 4404">
     <span class='ocr_line' id='line_1_75' title="bbox 511 4326 2100 4404; baseline -0.002 -20"><span class='ocrx_word' id='word_1_554' title='bbox 511 4329 735 4404; x_wconf 76' lang='lat' dir='ltr'><strong>(Eccies.</strong></span> <span class='ocrx_word' id='word_1_555' title='bbox 777 4343 859 4396; x_wconf 88' lang='grc' dir='ltr'><strong>ιιι,</strong></span> <span class='ocrx_word' id='word_1_556' title='bbox 900 4328 989 4396; x_wconf 88' lang='lat'><strong>5);</strong></span> <span class='ocrx_word' id='word_1_557' title='bbox 1035 4337 1090 4384; x_wconf 86' lang='lat' dir='ltr'><strong>et</strong></span> <span class='ocrx_word' id='word_1_558' title='bbox 1136 4336 1255 4399; x_wconf 90' lang='lat' dir='ltr'><strong>post</strong></span> <span class='ocrx_word' id='word_1_559' title='bbox 1301 4327 1511 4383; x_wconf 87' lang='lat' dir='ltr'><strong>multa:</strong></span> <span class='ocrx_word' id='word_1_560' title='bbox 1548 4326 1704 4381; x_wconf 84' lang='lat' dir='ltr'><strong>Omni</strong></span> <span class='ocrx_word' id='word_1_561' title='bbox 1754 4326 1830 4379; x_wconf 89' lang='lat' dir='ltr'><strong>rei</strong></span> <span class='ocrx_word' id='word_1_562' title='bbox 1877 4333 2100 4394; x_wconf 84' lang='lat' dir='ltr'><strong>tempus.</strong></span> 
     </span>
    </p>
   </div>
   <div class='ocr_carea' id='block_1_76' title="bbox 511 4419 2101 4490">
    <p class='ocr_par' dir='ltr' id='par_1_76' title="bbox 511 4419 2101 4490">
     <span class='ocr_line' id='line_1_76' title="bbox 511 4419 2101 4490; baseline -0.005 -10"><span class='ocrx_word' id='word_1_563' title='bbox 511 4424 663 4481; x_wconf 83' lang='lat' dir='ltr'><strong>Scire</strong></span> <span class='ocrx_word' id='word_1_564' title='bbox 690 4431 867 4477; x_wconf 81' lang='lat' dir='ltr'><strong>autem</strong></span> <span class='ocrx_word' id='word_1_565' title='bbox 896 4420 1153 4476; x_wconf 84' lang='lat' dir='ltr'><strong>debemus</strong></span> <span class='ocrx_word' id='word_1_566' title='bbox 1182 4422 1233 4475; x_wconf 90' lang='lat' dir='ltr'><strong>in</strong></span> <span class='ocrx_word' id='word_1_567' title='bbox 1267 4421 1369 4475; x_wconf 75' lang='lat' dir='ltr'><strong>hoc</strong></span> <span class='ocrx_word' id='word_1_568' title='bbox 1387 4435 1545 4476; x_wconf 83' lang='lat' dir='ltr'><strong>versu</strong></span> <span class='ocrx_word' id='word_1_569' title='bbox 1568 4430 1941 4490; x_wconf 84' lang='lat' dir='ltr'><strong>argumentum</strong></span> <span class='ocrx_word' id='word_1_570' title='bbox 1972 4419 2101 4472; x_wconf 77' lang='lat' dir='ltr'><strong>illud</strong></span> 
     </span>
    </p>
   </div>
   <div class='ocr_carea' id='block_1_77' title="bbox 510 4514 2099 4587">
    <p class='ocr_par' dir='ltr' id='par_1_77' title="bbox 510 4514 2099 4587">
     <span class='ocr_line' id='line_1_77' title="bbox 510 4514 2099 4587; baseline -0.005 -14"><span class='ocrx_word' id='word_1_571' title='bbox 510 4532 651 4580; x_wconf 89' lang='lat' dir='ltr'><strong>esse,</strong></span> <span class='ocrx_word' id='word_1_572' title='bbox 691 4515 836 4587; x_wconf 84' lang='lat' dir='ltr'><strong>quod</strong></span> <span class='ocrx_word' id='word_1_573' title='bbox 878 4515 1073 4571; x_wconf 81' lang='lat' dir='ltr'><strong>dicitur</strong></span> <span class='ocrx_word' id='word_1_574' title='bbox 1114 4514 1165 4569; x_wconf 91' lang='lat' dir='ltr'><strong>in</strong></span> <span class='ocrx_word' id='word_1_575' title='bbox 1206 4515 1393 4585; x_wconf 88' lang='lat' dir='ltr'><strong>topicis</strong></span> <span class='ocrx_word' id='word_1_576' title='bbox 1435 4529 1501 4570; x_wconf 79' lang='lat' dir='ltr'><strong>ex</strong></span> <span class='ocrx_word' id='word_1_577' title='bbox 1543 4514 1835 4579; x_wconf 77' lang='lat' dir='ltr'><strong>contrario,</strong></span> <span class='ocrx_word' id='word_1_578' title='bbox 1882 4515 2099 4582; x_wconf 56' lang='lat' dir='ltr'><strong>quintio</strong></span> 
     </span>
    </p>
   </div>
   <div class='ocr_carea' id='block_1_78' title="bbox 512 4606 2099 4681">
    <p class='ocr_par' dir='ltr' id='par_1_78' title="bbox 512 4606 2099 4681">
     <span class='ocr_line' id='line_1_78' title="bbox 512 4606 2099 4681; baseline -0.002 -17"><span class='ocrx_word' id='word_1_579' title='bbox 512 4609 831 4664; x_wconf 85' lang='lat' dir='ltr'><strong>sententiam</strong></span> <span class='ocrx_word' id='word_1_580' title='bbox 879 4616 1116 4662; x_wconf 85' lang='lat' dir='ltr'><strong>nostram</strong></span> <span class='ocrx_word' id='word_1_581' title='bbox 1159 4621 1227 4663; x_wconf 77' lang='lat' dir='ltr'><strong>ex</strong></span> <span class='ocrx_word' id='word_1_582' title='bbox 1279 4607 1440 4663; x_wconf 85' lang='lat' dir='ltr'><strong>rebus</strong></span> <span class='ocrx_word' id='word_1_583' title='bbox 1467 4606 1696 4681; x_wconf 30' lang='lat' dir='ltr'><strong>dpversis</strong></span> <span class='ocrx_word' id='word_1_584' title='bbox 1725 4621 1827 4660; x_wconf 87' lang='lat' dir='ltr'><strong>una</strong></span> <span class='ocrx_word' id='word_1_585' title='bbox 1854 4606 2099 4677; x_wconf 88' lang='lat' dir='ltr'><strong>proposi-</strong></span> 
     </span>
    </p>
   </div>
   <div class='ocr_carea' id='block_1_79' title="bbox 509 4702 1071 4760">
    <p class='ocr_par' dir='ltr' id='par_1_79' title="bbox 509 4702 1071 4760">
     <span class='ocr_line' id='line_1_79' title="bbox 509 4702 1071 4760; baseline -0.007 -1"><span class='ocrx_word' id='word_1_586' title='bbox 509 4704 655 4760; x_wconf 87' lang='lat' dir='ltr'><strong>tione</strong></span> <span class='ocrx_word' id='word_1_587' title='bbox 680 4702 1071 4760; x_wconf 65' lang='lat' dir='ltr'><strong>concludimus.</strong></span> 
     </span>
    </p>
   </div>
   <div class='ocr_carea' id='block_1_80' title="bbox 579 4793 2093 4866">
    <p class='ocr_par' dir='ltr' id='par_1_80' title="bbox 579 4793 2093 4866">
     <span class='ocr_line' id='line_1_80' title="bbox 579 4793 2093 4866; baseline -0.001 -17"><span class='ocrx_word' id='word_1_588' title='bbox 579 4794 740 4851; x_wconf 78' lang='lat' dir='ltr'><strong>Vers.</strong></span> <span class='ocrx_word' id='word_1_589' title='bbox 768 4793 893 4848; x_wconf 74' lang='lat' dir='ltr'><strong>1M.</strong></span> <span class='ocrx_word' id='word_1_590' title='bbox 960 4793 1183 4865; x_wconf 81' lang='lat' dir='ltr'><strong>Adjutor</strong></span> <span class='ocrx_word' id='word_1_591' title='bbox 1210 4809 1352 4848; x_wconf 83' lang='lat' dir='ltr'><strong>meus</strong></span> <span class='ocrx_word' id='word_1_592' title='bbox 1386 4800 1431 4848; x_wconf 86' lang='lat' dir='ltr'><strong>et</strong></span> <span class='ocrx_word' id='word_1_593' title='bbox 1466 4804 1727 4866; x_wconf 79' lang='lat' dir='ltr'><strong>susceptor</strong></span> <span class='ocrx_word' id='word_1_594' title='bbox 1757 4810 1894 4848; x_wconf 78' lang='lat' dir='ltr'><strong>meus</strong></span> <span class='ocrx_word' id='word_1_595' title='bbox 1939 4810 1992 4848; x_wconf 86' lang='lat' dir='ltr'><strong>es</strong></span> <span class='ocrx_word' id='word_1_596' title='bbox 2018 4803 2093 4856; x_wconf 76' lang='lat' dir='ltr'><strong>tu,</strong></span> 
     </span>
    </p>
   </div>
   <div class='ocr_carea' id='block_1_81' title="bbox 506 4884 2097 4956">
    <p class='ocr_par' dir='ltr' id='par_1_81' title="bbox 506 4884 2097 4956">
     <span class='ocr_line' id='line_1_81' title="bbox 506 4884 2097 4956; baseline -0.006 -13"><span class='ocrx_word' id='word_1_597' title='bbox 506 4897 554 4944; x_wconf 76' lang='lat' dir='ltr'><strong>st</strong></span> <span class='ocrx_word' id='word_1_598' title='bbox 585 4887 638 4941; x_wconf 86' lang='lat' dir='ltr'><strong>in</strong></span> <span class='ocrx_word' id='word_1_599' title='bbox 673 4886 876 4940; x_wconf 82' lang='lat' dir='ltr'><strong>verbum</strong></span> <span class='ocrx_word' id='word_1_600' title='bbox 920 4892 1065 4937; x_wconf 82' lang='lat' dir='ltr'><strong>tuum</strong></span> <span class='ocrx_word' id='word_1_601' title='bbox 1104 4884 1325 4952; x_wconf 74' lang='lat' dir='ltr'><strong>speravi.</strong></span> <span class='ocrx_word' id='word_1_602' title='bbox 1371 4885 1594 4956; x_wconf 80' lang='lat' dir='ltr'><strong>Adjulor</strong></span> <span class='ocrx_word' id='word_1_603' title='bbox 1629 4886 1855 4952; x_wconf 84' lang='lat' dir='ltr'><strong>pertinet</strong></span> <span class='ocrx_word' id='word_1_604' title='bbox 1883 4885 1949 4938; x_wconf 82' lang='lat' dir='ltr'><strong>ad</strong></span> <span class='ocrx_word' id='word_1_605' title='bbox 1998 4886 2097 4938; x_wconf 76' lang='lat' dir='ltr'><strong>im-</strong></span> 
     </span>
    </p>
   </div>
   <div class='ocr_carea' id='block_1_82' title="bbox 506 4976 2095 5051">
    <p class='ocr_par' dir='ltr' id='par_1_82' title="bbox 506 4976 2095 5051">
     <span class='ocr_line' id='line_1_82' title="bbox 506 4976 2095 5051; baseline 0 -17"><span class='ocrx_word' id='word_1_606' title='bbox 506 4980 705 5051; x_wconf 80' lang='lat' dir='ltr'><strong>plenda</strong></span> <span class='ocrx_word' id='word_1_607' title='bbox 753 4977 1027 5043; x_wconf 87' lang='lat' dir='ltr'><strong>mandata,</strong></span> <span class='ocrx_word' id='word_1_608' title='bbox 1068 4978 1323 5046; x_wconf 87' lang='lat' dir='ltr'><strong>quoniam</strong></span> <span class='ocrx_word' id='word_1_609' title='bbox 1367 4978 1487 5032; x_wconf 91' lang='lat' dir='ltr'><strong>sine</strong></span> <span class='ocrx_word' id='word_1_610' title='bbox 1533 4976 1651 5048; x_wconf 75' lang='lat' dir='ltr'><strong>ejus</strong></span> <span class='ocrx_word' id='word_1_611' title='bbox 1689 4979 1957 5047; x_wconf 76' lang='lat' dir='ltr'><strong>adiutorio</strong></span> <span class='ocrx_word' id='word_1_612' title='bbox 1997 4992 2095 5034; x_wconf 89' lang='lat' dir='ltr'><strong>nec</strong></span> 
     </span>
    </p>
   </div>
   <div class='ocr_carea' id='block_1_83' title="bbox 509 5069 2099 5140">
    <p class='ocr_par' dir='ltr' id='par_1_83' title="bbox 509 5069 2099 5140">
     <span class='ocr_line' id='line_1_83' title="bbox 509 5069 2099 5140; baseline -0.003 -11"><span class='ocrx_word' id='word_1_613' title='bbox 509 5070 769 5130; x_wconf 82' lang='lat' dir='ltr'><strong>inchoare</strong></span> <span class='ocrx_word' id='word_1_614' title='bbox 794 5070 1081 5140; x_wconf 84' lang='lat' dir='ltr'><strong>quidquam</strong></span> <span class='ocrx_word' id='word_1_615' title='bbox 1110 5069 1233 5126; x_wconf 89' lang='lat' dir='ltr'><strong>boni</strong></span> <span class='ocrx_word' id='word_1_616' title='bbox 1266 5083 1568 5140; x_wconf 86' lang='lat' dir='ltr'><strong>possumus,</strong></span> <span class='ocrx_word' id='word_1_617' title='bbox 1594 5084 1695 5125; x_wconf 89' lang='lat' dir='ltr'><strong>nec</strong></span> <span class='ocrx_word' id='word_1_618' title='bbox 1715 5070 1939 5139; x_wconf 73' lang='lat' dir='ltr'><strong>implere</strong></span> <span class='ocrx_word' id='word_1_619' title='bbox 1962 5085 2099 5139; x_wconf 81' lang='lat' dir='ltr'><strong>pra:-</strong></span> 
     </span>
    </p>
   </div>
   <div class='ocr_carea' id='block_1_84' title="bbox 510 5161 2094 5235">
    <p class='ocr_par' dir='ltr' id='par_1_84' title="bbox 510 5161 2094 5235">
     <span class='ocr_line' id='line_1_84' title="bbox 510 5161 2094 5235; baseline -0.001 -18"><span class='ocrx_word' id='word_1_620' title='bbox 510 5163 774 5217; x_wconf 85' lang='lat' dir='ltr'><strong>valemus.</strong></span> <span class='ocrx_word' id='word_1_621' title='bbox 827 5162 1106 5234; x_wconf 77' lang='lat' dir='ltr'><strong>Susceptor</strong></span> <span class='ocrx_word' id='word_1_622' title='bbox 1135 5171 1316 5217; x_wconf 88' lang='lat' dir='ltr'><strong>autem</strong></span> <span class='ocrx_word' id='word_1_623' title='bbox 1354 5170 1537 5217; x_wconf 88' lang='lat' dir='ltr'><strong>noster</strong></span> <span class='ocrx_word' id='word_1_624' title='bbox 1569 5161 1714 5235; x_wconf 74' lang='lat' dir='ltr'><strong>(mss.</strong></span> <span class='ocrx_word' id='word_1_625' title='bbox 1742 5162 1838 5229; x_wconf 80' lang='grc' dir='ltr'><strong>Α..</strong></span> <span class='ocrx_word' id='word_1_626' title='bbox 1865 5162 1954 5228; x_wconf 87' lang='lat' dir='ltr'><strong>B.,</strong></span> <span class='ocrx_word' id='word_1_627' title='bbox 2000 5162 2094 5231; x_wconf 57' lang='grc' dir='ltr'><strong>ια,</strong></span> 
     </span>
    </p>
   </div>
   <div class='ocr_carea' id='block_1_85' title="bbox 513 5249 2098 5325">
    <p class='ocr_par' dir='ltr' id='par_1_85' title="bbox 513 5249 2098 5325">
     <span class='ocr_line' id='line_1_85' title="bbox 513 5249 2098 5325; baseline 0.001 -17"><span class='ocrx_word' id='word_1_628' title='bbox 513 5254 709 5309; x_wconf 71' lang='lat' dir='ltr'><strong>anima:</strong></span> <span class='ocrx_word' id='word_1_629' title='bbox 732 5249 959 5325; x_wconf 64' lang='lat' dir='ltr'><strong>nostrae}</strong></span> <span class='ocrx_word' id='word_1_630' title='bbox 990 5252 1161 5308; x_wconf 76' lang='lat' dir='ltr'><strong>factus</strong></span> <span class='ocrx_word' id='word_1_631' title='bbox 1207 5261 1292 5309; x_wconf 87' lang='lat' dir='ltr'><strong>est</strong></span> <span class='ocrx_word' id='word_1_632' title='bbox 1334 5268 1430 5324; x_wconf 89' lang='lat' dir='ltr'><strong>per</strong></span> <span class='ocrx_word' id='word_1_633' title='bbox 1473 5263 1673 5309; x_wconf 67' lang='lat' dir='ltr'><strong>sanctas</strong></span> <span class='ocrx_word' id='word_1_634' title='bbox 1714 5252 2098 5309; x_wconf 87' lang='lat' dir='ltr'><strong>incarnationis</strong></span> 
     </span>
    </p>
   </div>
   <div class='ocr_carea' id='block_1_86' title="bbox 517 5345 2097 5416">
    <p class='ocr_par' dir='ltr' id='par_1_86' title="bbox 517 5345 2097 5416">
     <span class='ocr_line' id='line_1_86' title="bbox 517 5345 2097 5416; baseline 0 -16"><span class='ocrx_word' id='word_1_635' title='bbox 517 5360 770 5400; x_wconf 89' lang='lat' dir='ltr'><strong>arcanum</strong></span> <span class='ocrx_word' id='word_1_636' title='bbox 801 5362 814 5397; x_wconf 90' lang='lat'><strong><em>:</em></strong></span> <span class='ocrx_word' id='word_1_637' title='bbox 838 5359 943 5414; x_wconf 84' lang='lat' dir='ltr'><strong>qua</strong></span> <span class='ocrx_word' id='word_1_638' title='bbox 973 5352 1268 5413; x_wconf 66' lang='lat' dir='ltr'><strong>praestante</strong></span> <span class='ocrx_word' id='word_1_639' title='bbox 1291 5346 1529 5416; x_wconf 88' lang='lat' dir='ltr'><strong>suscepit</strong></span> <span class='ocrx_word' id='word_1_640' title='bbox 1558 5345 1857 5411; x_wconf 88' lang='lat' dir='ltr'><strong>hominem,</strong></span> <span class='ocrx_word' id='word_1_641' title='bbox 1884 5360 1952 5401; x_wconf 88' lang='lat' dir='ltr'><strong>ne</strong></span> <span class='ocrx_word' id='word_1_642' title='bbox 1973 5359 2097 5414; x_wconf 61' lang='grc' dir='ltr'>ρεαδ</span> 
     </span>
    </p>
   </div>
   <div class='ocr_carea' id='block_1_87' title="bbox 516 5431 2098 5505">
    <p class='ocr_par' dir='ltr' id='par_1_87' title="bbox 516 5431 2098 5505">
     <span class='ocr_line' id='line_1_87' title="bbox 516 5431 2098 5505; baseline -0.001 -15"><span class='ocrx_word' id='word_1_643' title='bbox 516 5435 621 5490; x_wconf 83' lang='lat' dir='ltr'><strong>cati</strong></span> <span class='ocrx_word' id='word_1_644' title='bbox 658 5434 774 5504; x_wconf 82' lang='lat' dir='ltr'><strong>lege</strong></span> <span class='ocrx_word' id='word_1_645' title='bbox 801 5432 969 5505; x_wconf 84' lang='lat' dir='ltr'><strong>possit</strong></span> <span class='ocrx_word' id='word_1_646' title='bbox 1004 5431 1242 5489; x_wconf 84' lang='lat' dir='ltr'><strong>funditus</strong></span> <span class='ocrx_word' id='word_1_647' title='bbox 1273 5432 1518 5491; x_wconf 90' lang='lat' dir='ltr'><strong>interire.</strong></span> <span class='ocrx_word' id='word_1_648' title='bbox 1552 5435 1794 5505; x_wconf 86' lang='lat' dir='ltr'><strong>Denique</strong></span> <span class='ocrx_word' id='word_1_649' title='bbox 1824 5437 1979 5490; x_wconf 75' lang='lat' dir='ltr'><strong>istum</strong></span> <span class='ocrx_word' id='word_1_650' title='bbox 2007 5449 2098 5489; x_wconf 89' lang='lat' dir='ltr'><strong>su-</strong></span> 
     </span>
    </p>
   </div>
   <div class='ocr_carea' id='block_1_88' title="bbox 513 5525 2098 5599">
    <p class='ocr_par' dir='ltr' id='par_1_88' title="bbox 513 5525 2098 5599">
     <span class='ocr_line' id='line_1_88' title="bbox 513 5525 2098 5599; baseline -0.003 -14"><span class='ocrx_word' id='word_1_651' title='bbox 513 5545 556 5585; x_wconf 68' lang='lat' dir='ltr'><strong>at</strong></span> <span class='ocrx_word' id='word_1_652' title='bbox 573 5529 842 5599; x_wconf 78' lang='lat' dir='ltr'><strong>optionem</strong></span> <span class='ocrx_word' id='word_1_653' title='bbox 868 5527 993 5583; x_wconf 88' lang='lat' dir='ltr'><strong>vide</strong></span> <span class='ocrx_word' id='word_1_654' title='bbox 1010 5525 1137 5597; x_wconf 84' lang='lat' dir='ltr'><strong>quid</strong></span> <span class='ocrx_word' id='word_1_655' title='bbox 1158 5526 1419 5598; x_wconf 90' lang='lat' dir='ltr'><strong>sequitur,</strong></span> <span class='ocrx_word' id='word_1_656' title='bbox 1448 5539 1494 5583; x_wconf 83' lang='lat' dir='ltr'><strong>et</strong></span> <span class='ocrx_word' id='word_1_657' title='bbox 1518 5528 1577 5581; x_wconf 86' lang='lat' dir='ltr'><strong>in</strong></span> <span class='ocrx_word' id='word_1_658' title='bbox 1594 5529 1800 5582; x_wconf 72' lang='lat' dir='ltr'><strong>verbum</strong></span> <span class='ocrx_word' id='word_1_659' title='bbox 1820 5538 1965 5582; x_wconf 82' lang='lat' dir='ltr'><strong>tuum</strong></span> <span class='ocrx_word' id='word_1_660' title='bbox 1984 5542 2098 5599; x_wconf 85' lang='lat' dir='ltr'><strong>spe-</strong></span> 
     </span>
    </p>
   </div>
   <div class='ocr_carea' id='block_1_89' title="bbox 514 5619 2097 5690">
    <p class='ocr_par' dir='ltr' id='par_1_89' title="bbox 514 5619 2097 5690">
     <span class='ocr_line' id='line_1_89' title="bbox 514 5619 2097 5690; baseline 0.001 -15"><span class='ocrx_word' id='word_1_661' title='bbox 514 5624 644 5686; x_wconf 72' lang='lat' dir='ltr'><strong>rari,</strong></span> <span class='ocrx_word' id='word_1_662' title='bbox 679 5621 727 5674; x_wconf 87' lang='lat' dir='ltr'><strong>id</strong></span> <span class='ocrx_word' id='word_1_663' title='bbox 754 5628 839 5677; x_wconf 86' lang='lat' dir='ltr'><strong>est</strong></span> <span class='ocrx_word' id='word_1_664' title='bbox 864 5621 914 5675; x_wconf 91' lang='lat' dir='ltr'><strong>in</strong></span> <span class='ocrx_word' id='word_1_665' title='bbox 936 5619 1148 5676; x_wconf 89' lang='lat' dir='ltr'><strong>deitatis</strong></span> <span class='ocrx_word' id='word_1_666' title='bbox 1171 5630 1273 5690; x_wconf 69' lang='lat' dir='ltr'><strong>tua:</strong></span> <span class='ocrx_word' id='word_1_667' title='bbox 1300 5621 1605 5689; x_wconf 68' lang='lat' dir='ltr'><strong>praesidium</strong></span> <span class='ocrx_word' id='word_1_668' title='bbox 1626 5633 1893 5674; x_wconf 90' lang='lat' dir='ltr'><strong>summum</strong></span> <span class='ocrx_word' id='word_1_669' title='bbox 1916 5634 2097 5676; x_wconf 72' lang='lat' dir='ltr'><strong>meum</strong></span> 
     </span>
    </p>
   </div>
   <div class='ocr_carea' id='block_1_90' title="bbox 514 5709 2096 5779">
    <p class='ocr_par' dir='ltr' id='par_1_90' title="bbox 514 5709 2096 5779">
     <span class='ocr_line' id='line_1_90' title="bbox 514 5709 2096 5779; baseline -0.002 -14"><span class='ocrx_word' id='word_1_670' title='bbox 514 5713 838 5767; x_wconf 65' lang='lat' dir='ltr'><strong>desiderium</strong></span> <span class='ocrx_word' id='word_1_671' title='bbox 882 5712 1163 5776; x_wconf 81' lang='lat' dir='ltr'><strong>collocavi,</strong></span> <span class='ocrx_word' id='word_1_672' title='bbox 1213 5712 1300 5765; x_wconf 91' lang='lat' dir='ltr'><strong>ubi</strong></span> <span class='ocrx_word' id='word_1_673' title='bbox 1345 5727 1549 5779; x_wconf 82' lang='lat' dir='ltr'><strong>sperare</strong></span> <span class='ocrx_word' id='word_1_674' title='bbox 1578 5711 1718 5776; x_wconf 86' lang='lat' dir='ltr'><strong>licet,</strong></span> <span class='ocrx_word' id='word_1_675' title='bbox 1754 5719 1807 5765; x_wconf 88' lang='lat' dir='ltr'><strong>et</strong></span> <span class='ocrx_word' id='word_1_676' title='bbox 1842 5724 1966 5779; x_wconf 78' lang='lat' dir='ltr'><strong>spes</strong></span> <span class='ocrx_word' id='word_1_677' title='bbox 2008 5709 2096 5762; x_wconf 83' lang='lat' dir='ltr'><strong>ﬁr-</strong></span> 
     </span>
    </p>
   </div>
   <div class='ocr_carea' id='block_1_91' title="bbox 516 5804 2098 5874">
    <p class='ocr_par' dir='ltr' id='par_1_91' title="bbox 516 5804 2098 5874">
     <span class='ocr_line' id='line_1_91' title="bbox 516 5804 2098 5874; baseline 0.002 -16"><span class='ocrx_word' id='word_1_678' title='bbox 516 5807 765 5860; x_wconf 53' lang='lat' dir='ltr'><strong>missimi;</strong></span> <span class='ocrx_word' id='word_1_679' title='bbox 782 5807 1066 5860; x_wconf 69' lang='lat' dir='ltr'><strong>constituta</strong></span> <span class='ocrx_word' id='word_1_680' title='bbox 1111 5821 1216 5859; x_wconf 75' lang='lat' dir='ltr'><strong>non</strong></span> <span class='ocrx_word' id='word_1_681' title='bbox 1266 5807 1495 5871; x_wconf 79' lang='lat' dir='ltr'><strong>decipit,</strong></span> <span class='ocrx_word' id='word_1_682' title='bbox 1521 5806 1659 5860; x_wconf 81' lang='lat' dir='ltr'><strong>sicut</strong></span> <span class='ocrx_word' id='word_1_683' title='bbox 1705 5804 1937 5874; x_wconf 83' lang='lat' dir='ltr'><strong>legitur:</strong></span> <span class='ocrx_word' id='word_1_684' title='bbox 1970 5805 2098 5871; x_wconf 82' lang='lat' dir='ltr'><strong>Quis</strong></span> 
     </span>
    </p>
   </div>
   <div class='ocr_carea' id='block_1_92' title="bbox 2128 4573 2180 4635">
    <p class='ocr_par' dir='ltr' id='par_1_92' title="bbox 2128 4573 2180 4635">
     <span class='ocr_line' id='line_1_92' title="bbox 2128 4573 2180 4635; baseline 0 0"><span class='ocrx_word' id='word_1_685' title='bbox 2128 4573 2180 4635; x_wconf 78' lang='grc' dir='ltr'><strong>υ</strong></span> 
     </span>
    </p>
   </div>
   <div class='ocr_carea' id='block_1_93' title="bbox 2206 3321 3819 3396">
    <p class='ocr_par' dir='ltr' id='par_1_93' title="bbox 2206 3321 3819 3396">
     <span class='ocr_line' id='line_1_93' title="bbox 2206 3321 3819 3396; baseline -0.001 -16"><span class='ocrx_word' id='word_1_686' title='bbox 2206 3326 2646 3396; x_wconf 86' lang='lat' dir='ltr'><strong>promissionem,</strong></span> <span class='ocrx_word' id='word_1_687' title='bbox 2669 3338 2792 3393; x_wconf 71' lang='lat' dir='ltr'><strong>quia:</strong></span> <span class='ocrx_word' id='word_1_688' title='bbox 2845 3322 3017 3379; x_wconf 85' lang='lat' dir='ltr'><strong>nescit</strong></span> <span class='ocrx_word' id='word_1_689' title='bbox 3058 3323 3345 3393; x_wconf 78' lang='lat' dir='ltr'><strong>aliquando</strong></span> <span class='ocrx_word' id='word_1_690' title='bbox 3370 3321 3645 3391; x_wconf 86' lang='lat' dir='ltr'><strong>decipere.</strong></span> <span class='ocrx_word' id='word_1_691' title='bbox 3692 3321 3819 3379; x_wconf 77' lang='lat' dir='ltr'><strong>Sed</strong></span> 
     </span>
    </p>
   </div>
   <div class='ocr_carea' id='block_1_94' title="bbox 2203 3413 3819 3485">
    <p class='ocr_par' dir='ltr' id='par_1_94' title="bbox 2203 3413 3819 3485">
     <span class='ocr_line' id='line_1_94' title="bbox 2203 3413 3819 3485; baseline -0.003 -11"><span class='ocrx_word' id='word_1_692' title='bbox 2203 3432 2327 3474; x_wconf 84' lang='lat' dir='ltr'><strong>cum</strong></span> <span class='ocrx_word' id='word_1_693' title='bbox 2347 3417 2500 3485; x_wconf 88' lang='lat' dir='ltr'><strong>dicit,</strong></span> <span class='ocrx_word' id='word_1_694' title='bbox 2532 3415 2733 3481; x_wconf 72' lang='lat' dir='ltr'><strong>Vivam,</strong></span> <span class='ocrx_word' id='word_1_695' title='bbox 2752 3416 2983 3471; x_wconf 88' lang='lat' dir='ltr'><strong>futurum</strong></span> <span class='ocrx_word' id='word_1_696' title='bbox 3015 3426 3225 3485; x_wconf 78' lang='lat' dir='ltr'><strong>tempus</strong></span> <span class='ocrx_word' id='word_1_697' title='bbox 3243 3414 3481 3469; x_wconf 80' lang='lat' dir='ltr'><strong>ostendit</strong></span> <span class='ocrx_word' id='word_1_698' title='bbox 3502 3429 3518 3479; x_wconf 89' lang='lat'><strong>;</strong></span> <span class='ocrx_word' id='word_1_699' title='bbox 3540 3413 3636 3467; x_wconf 85' lang='lat' dir='ltr'><strong>hic</strong></span> <span class='ocrx_word' id='word_1_700' title='bbox 3654 3413 3819 3470; x_wconf 79' lang='lat' dir='ltr'><strong>enim</strong></span> 
     </span>
    </p>
   </div>
   <div class='ocr_carea' id='block_1_95' title="bbox 2206 3502 3816 3577">
    <p class='ocr_par' dir='ltr' id='par_1_95' title="bbox 2206 3502 3816 3577">
     <span class='ocr_line' id='line_1_95' title="bbox 2206 3502 3816 3577; baseline -0.004 -14"><span class='ocrx_word' id='word_1_701' title='bbox 2206 3523 2333 3564; x_wconf 86' lang='lat' dir='ltr'><strong>vere</strong></span> <span class='ocrx_word' id='word_1_702' title='bbox 2362 3521 2469 3563; x_wconf 87' lang='lat' dir='ltr'><strong>non</strong></span> <span class='ocrx_word' id='word_1_703' title='bbox 2500 3506 2717 3575; x_wconf 82' lang='lat' dir='ltr'><strong>vivitur,</strong></span> <span class='ocrx_word' id='word_1_704' title='bbox 2745 3506 2834 3562; x_wconf 89' lang='lat' dir='ltr'><strong>ubi</strong></span> <span class='ocrx_word' id='word_1_705' title='bbox 2865 3506 3046 3562; x_wconf 73' lang='lat' dir='ltr'><strong>carnis</strong></span> <span class='ocrx_word' id='word_1_706' title='bbox 3069 3504 3356 3577; x_wconf 76' lang='lat' dir='ltr'><strong>fragilitate</strong></span> <span class='ocrx_word' id='word_1_707' title='bbox 3380 3512 3659 3573; x_wconf 86' lang='lat' dir='ltr'><strong>peccatur.</strong></span> <span class='ocrx_word' id='word_1_708' title='bbox 3690 3502 3816 3557; x_wconf 75' lang='lat' dir='ltr'><strong>Er-</strong></span> 
     </span>
    </p>
   </div>
   <div class='ocr_carea' id='block_1_96' title="bbox 2205 3595 3817 3670">
    <p class='ocr_par' dir='ltr' id='par_1_96' title="bbox 2205 3595 3817 3670">
     <span class='ocr_line' id='line_1_96' title="bbox 2205 3595 3817 3670; baseline -0.002 -16"><span class='ocrx_word' id='word_1_709' title='bbox 2205 3600 2454 3668; x_wconf 84' lang='lat' dir='ltr'><strong>spectatio</strong></span> <span class='ocrx_word' id='word_1_710' title='bbox 2484 3614 2699 3670; x_wconf 87' lang='lat' dir='ltr'><strong>quoque</strong></span> <span class='ocrx_word' id='word_1_711' title='bbox 2730 3599 2897 3669; x_wconf 84' lang='lat' dir='ltr'><strong>ipsius</strong></span> <span class='ocrx_word' id='word_1_712' title='bbox 2923 3608 3063 3667; x_wconf 81' lang='lat' dir='ltr'><strong>erat,</strong></span> <span class='ocrx_word' id='word_1_713' title='bbox 3092 3604 3152 3651; x_wconf 89' lang='lat' dir='ltr'><strong>ut</strong></span> <span class='ocrx_word' id='word_1_714' title='bbox 3181 3596 3609 3652; x_wconf 84' lang='lat' dir='ltr'><strong>misericordiam</strong></span> <span class='ocrx_word' id='word_1_715' title='bbox 3638 3595 3817 3651; x_wconf 81' lang='lat' dir='ltr'><strong>Chri-</strong></span> 
     </span>
    </p>
   </div>
   <div class='ocr_carea' id='block_1_97' title="bbox 2205 3688 3817 3760">
    <p class='ocr_par' dir='ltr' id='par_1_97' title="bbox 2205 3688 3817 3760">
     <span class='ocr_line' id='line_1_97' title="bbox 2205 3688 3817 3760; baseline -0.002 -14"><span class='ocrx_word' id='word_1_716' title='bbox 2205 3691 2275 3746; x_wconf 87' lang='lat' dir='ltr'><strong>sti</strong></span> <span class='ocrx_word' id='word_1_717' title='bbox 2321 3691 2706 3747; x_wconf 89' lang='lat' dir='ltr'><strong>devotissimns</strong></span> <span class='ocrx_word' id='word_1_718' title='bbox 2756 3689 3048 3756; x_wconf 85' lang='lat' dir='ltr'><strong>inveniret;</strong></span> <span class='ocrx_word' id='word_1_719' title='bbox 3079 3703 3238 3760; x_wconf 85' lang='lat' dir='ltr'><strong>quam</strong></span> <span class='ocrx_word' id='word_1_720' title='bbox 3290 3702 3439 3758; x_wconf 86' lang='lat' dir='ltr'><strong>spem</strong></span> <span class='ocrx_word' id='word_1_721' title='bbox 3490 3688 3542 3742; x_wconf 92' lang='lat' dir='ltr'><strong>in</strong></span> <span class='ocrx_word' id='word_1_722' title='bbox 3597 3688 3817 3757; x_wconf 84' lang='lat' dir='ltr'><strong>judicio</strong></span> 
     </span>
    </p>
   </div>
   <div class='ocr_carea' id='block_1_98' title="bbox 2206 3778 3818 3853">
    <p class='ocr_par' dir='ltr' id='par_1_98' title="bbox 2206 3778 3818 3853">
     <span class='ocr_line' id='line_1_98' title="bbox 2206 3778 3818 3853; baseline -0.002 -16"><span class='ocrx_word' id='word_1_723' title='bbox 2206 3793 2434 3839; x_wconf 88' lang='lat' dir='ltr'><strong>venturo</strong></span> <span class='ocrx_word' id='word_1_724' title='bbox 2457 3796 2519 3839; x_wconf 83' lang='lat' dir='ltr'><strong>se</strong></span> <span class='ocrx_word' id='word_1_725' title='bbox 2541 3783 2776 3853; x_wconf 85' lang='lat' dir='ltr'><strong>postulat</strong></span> <span class='ocrx_word' id='word_1_726' title='bbox 2799 3780 3021 3852; x_wconf 84' lang='lat' dir='ltr'><strong>adipisci</strong></span> <span class='ocrx_word' id='word_1_727' title='bbox 3043 3797 3058 3834; x_wconf 91' lang='lat'><strong>:</strong></span> <span class='ocrx_word' id='word_1_728' title='bbox 3085 3795 3152 3835; x_wconf 92' lang='lat' dir='ltr'><strong>ne</strong></span> <span class='ocrx_word' id='word_1_729' title='bbox 3172 3779 3494 3835; x_wconf 83' lang='lat' dir='ltr'><strong>confusione</strong></span> <span class='ocrx_word' id='word_1_730' title='bbox 3514 3778 3818 3849; x_wconf 76' lang='lat' dir='ltr'><strong>deceptos,</strong></span> 
     </span>
    </p>
   </div>
   <div class='ocr_carea' id='block_1_99' title="bbox 2211 3870 3813 3947">
    <p class='ocr_par' dir='ltr' id='par_1_99' title="bbox 2211 3870 3813 3947">
     <span class='ocr_line' id='line_1_99' title="bbox 2211 3870 3813 3947; baseline -0.003 -17"><span class='ocrx_word' id='word_1_731' title='bbox 2211 3889 2241 3929; x_wconf 91' lang='lat' dir='ltr'><strong>a</strong></span> <span class='ocrx_word' id='word_1_732' title='bbox 2273 3890 2369 3931; x_wconf 87' lang='lat' dir='ltr'><strong>sua</strong></span> <span class='ocrx_word' id='word_1_733' title='bbox 2410 3876 2583 3946; x_wconf 88' lang='lat' dir='ltr'><strong>possit</strong></span> <span class='ocrx_word' id='word_1_734' title='bbox 2618 3872 2985 3947; x_wconf 70' lang='lat' dir='ltr'><strong>exspectatione</strong></span> <span class='ocrx_word' id='word_1_735' title='bbox 3028 3871 3286 3928; x_wconf 84' lang='lat' dir='ltr'><strong>fraudari.</strong></span> <span class='ocrx_word' id='word_1_736' title='bbox 3330 3870 3437 3927; x_wconf 84' lang='lat' dir='ltr'><strong>Sed</strong></span> <span class='ocrx_word' id='word_1_737' title='bbox 3467 3885 3591 3926; x_wconf 89' lang='lat' dir='ltr'><strong>cum</strong></span> <span class='ocrx_word' id='word_1_738' title='bbox 3622 3871 3768 3926; x_wconf 79' lang='lat' dir='ltr'><strong>dicit</strong></span> <span class='ocrx_word' id='word_1_739' title='bbox 3798 3889 3813 3925; x_wconf 92' lang='lat'>:</span> 
     </span>
    </p>
   </div>
   <div class='ocr_carea' id='block_1_100' title="bbox 2209 3963 3818 4037">
    <p class='ocr_par' dir='ltr' id='par_1_100' title="bbox 2209 3963 3818 4037">
     <span class='ocr_line' id='line_1_100' title="bbox 2209 3963 3818 4037; baseline -0.006 -12"><span class='ocrx_word' id='word_1_740' title='bbox 2209 3968 2288 4025; x_wconf 76' lang='lat' dir='ltr'><strong>Ab</strong></span> <span class='ocrx_word' id='word_1_741' title='bbox 2318 3968 2691 4037; x_wconf 72' lang='lat' dir='ltr'><strong>exspectatione</strong></span> <span class='ocrx_word' id='word_1_742' title='bbox 2736 3982 2866 4032; x_wconf 83' lang='lat' dir='ltr'><strong>mea,</strong></span> <span class='ocrx_word' id='word_1_743' title='bbox 2901 3965 3105 4020; x_wconf 86' lang='lat' dir='ltr'><strong>nullum</strong></span> <span class='ocrx_word' id='word_1_744' title='bbox 3138 3974 3348 4034; x_wconf 87' lang='lat' dir='ltr'><strong>tempus</strong></span> <span class='ocrx_word' id='word_1_745' title='bbox 3385 3963 3536 4031; x_wconf 88' lang='lat' dir='ltr'><strong>ponit</strong></span> <span class='ocrx_word' id='word_1_746' title='bbox 3568 3977 3673 4031; x_wconf 88' lang='lat' dir='ltr'><strong>quo</strong></span> <span class='ocrx_word' id='word_1_747' title='bbox 3701 3977 3818 4017; x_wconf 75' lang='lat' dir='ltr'><strong>ex-</strong></span> 
     </span>
    </p>
   </div>
   <div class='ocr_carea' id='block_1_101' title="bbox 2206 4055 3816 4129">
    <p class='ocr_par' dir='ltr' id='par_1_101' title="bbox 2206 4055 3816 4129">
     <span class='ocr_line' id='line_1_101' title="bbox 2206 4055 3816 4129; baseline -0.003 -13"><span class='ocrx_word' id='word_1_748' title='bbox 2206 4069 2451 4129; x_wconf 87' lang='lat' dir='ltr'><strong>spectare</strong></span> <span class='ocrx_word' id='word_1_749' title='bbox 2497 4073 2605 4115; x_wconf 91' lang='lat' dir='ltr'><strong>non</strong></span> <span class='ocrx_word' id='word_1_750' title='bbox 2648 4058 2861 4114; x_wconf 81' lang='lat' dir='ltr'><strong>debeat.</strong></span> <span class='ocrx_word' id='word_1_751' title='bbox 2905 4058 3011 4113; x_wconf 83' lang='lat' dir='ltr'><strong>Res</strong></span> <span class='ocrx_word' id='word_1_752' title='bbox 3053 4057 3197 4113; x_wconf 89' lang='lat' dir='ltr'><strong>enim</strong></span> <span class='ocrx_word' id='word_1_753' title='bbox 3245 4056 3347 4111; x_wconf 87' lang='lat' dir='ltr'><strong>ista</strong></span> <span class='ocrx_word' id='word_1_754' title='bbox 3387 4055 3442 4111; x_wconf 94' lang='lat' dir='ltr'><strong>in</strong></span> <span class='ocrx_word' id='word_1_755' title='bbox 3487 4056 3816 4126; x_wconf 80' lang='lat' dir='ltr'><strong>pectoribus</strong></span> 
     </span>
    </p>
   </div>
   <div class='ocr_carea' id='block_1_102' title="bbox 2206 4147 3815 4217">
    <p class='ocr_par' dir='ltr' id='par_1_102' title="bbox 2206 4147 3815 4217">
     <span class='ocr_line' id='line_1_102' title="bbox 2206 4147 3815 4217; baseline -0.003 -9"><span class='ocrx_word' id='word_1_756' title='bbox 2206 4154 2408 4208; x_wconf 81' lang='lat' dir='ltr'><strong>sanctis</strong></span> <span class='ocrx_word' id='word_1_757' title='bbox 2457 4166 2562 4207; x_wconf 92' lang='lat' dir='ltr'><strong>non</strong></span> <span class='ocrx_word' id='word_1_758' title='bbox 2614 4151 2773 4205; x_wconf 84' lang='lat' dir='ltr'><strong>habet</strong></span> <span class='ocrx_word' id='word_1_759' title='bbox 2825 4151 3011 4213; x_wconf 90' lang='lat' dir='ltr'><strong>ﬁnem,</strong></span> <span class='ocrx_word' id='word_1_760' title='bbox 3059 4148 3160 4203; x_wconf 85' lang='lat' dir='ltr'><strong>nisi</strong></span> <span class='ocrx_word' id='word_1_761' title='bbox 3192 4162 3313 4203; x_wconf 88' lang='lat' dir='ltr'><strong>cum</strong></span> <span class='ocrx_word' id='word_1_762' title='bbox 3342 4147 3657 4217; x_wconf 81' lang='lat' dir='ltr'><strong>pollicitatio</strong></span> <span class='ocrx_word' id='word_1_763' title='bbox 3710 4162 3815 4203; x_wconf 78' lang='lat' dir='ltr'><strong>su-</strong></span> 
     </span>
    </p>
   </div>
   <div class='ocr_carea' id='block_1_103' title="bbox 2208 4240 3815 4320">
    <p class='ocr_par' dir='ltr' id='par_1_103' title="bbox 2208 4240 3815 4320">
     <span class='ocr_line' id='line_1_103' title="bbox 2208 4240 3815 4320; baseline -0.006 -16"><span class='ocrx_word' id='word_1_764' title='bbox 2208 4263 2373 4320; x_wconf 82' lang='lat' dir='ltr'><strong>perna</strong></span> <span class='ocrx_word' id='word_1_765' title='bbox 2421 4246 2748 4317; x_wconf 87' lang='lat' dir='ltr'><strong>provenerit.</strong></span> <span class='ocrx_word' id='word_1_766' title='bbox 2793 4244 2884 4302; x_wconf 91' lang='lat' dir='ltr'><strong>Sic</strong></span> <span class='ocrx_word' id='word_1_767' title='bbox 2922 4245 3070 4301; x_wconf 88' lang='lat' dir='ltr'><strong>enim</strong></span> <span class='ocrx_word' id='word_1_768' title='bbox 3124 4252 3180 4300; x_wconf 88' lang='lat' dir='ltr'><strong>et</strong></span> <span class='ocrx_word' id='word_1_769' title='bbox 3227 4243 3355 4298; x_wconf 90' lang='lat' dir='ltr'><strong>alibi</strong></span> <span class='ocrx_word' id='word_1_770' title='bbox 3383 4243 3559 4297; x_wconf 87' lang='lat' dir='ltr'><strong>dicit:</strong></span> <span class='ocrx_word' id='word_1_771' title='bbox 3604 4240 3815 4310; x_wconf 70' lang='lat' dir='ltr'><strong>Exspe-</strong></span> 
     </span>
    </p>
   </div>
   <div class='ocr_carea' id='block_1_104' title="bbox 2207 4332 3814 4410">
    <p class='ocr_par' dir='ltr' id='par_1_104' title="bbox 2207 4332 3814 4410">
     <span class='ocr_line' id='line_1_104' title="bbox 2207 4332 3814 4410; baseline -0.006 -17"><span class='ocrx_word' id='word_1_772' title='bbox 2207 4349 2349 4394; x_wconf 78' lang='lat' dir='ltr'><strong>ctans</strong></span> <span class='ocrx_word' id='word_1_773' title='bbox 2377 4338 2660 4410; x_wconf 67' lang='lat' dir='ltr'><strong>exspectavi</strong></span> <span class='ocrx_word' id='word_1_774' title='bbox 2688 4337 2985 4402; x_wconf 77' lang='lat' dir='ltr'><strong>Dominum,</strong></span> <span class='ocrx_word' id='word_1_775' title='bbox 3016 4344 3067 4390; x_wconf 87' lang='lat' dir='ltr'><strong>et</strong></span> <span class='ocrx_word' id='word_1_776' title='bbox 3094 4335 3317 4405; x_wconf 68' lang='lat' dir='ltr'><strong>respersit</strong></span> <span class='ocrx_word' id='word_1_777' title='bbox 3343 4349 3443 4388; x_wconf 83' lang='lat' dir='ltr'><strong>nte.</strong></span> <span class='ocrx_word' id='word_1_778' title='bbox 3476 4332 3641 4387; x_wconf 85' lang='lat' dir='ltr'><strong>Beata</strong></span> <span class='ocrx_word' id='word_1_779' title='bbox 3668 4346 3814 4400; x_wconf 62' lang='grc' dir='ltr'><strong>ατο</strong></span> 
     </span>
    </p>
   </div>
   <div class='ocr_carea' id='block_1_105' title="bbox 2205 4421 3810 4501">
    <p class='ocr_par' dir='ltr' id='par_1_105' title="bbox 2205 4421 3810 4501">
     <span class='ocr_line' id='line_1_105' title="bbox 2205 4421 3810 4501; baseline -0.006 -17"><span class='ocrx_word' id='word_1_780' title='bbox 2205 4429 2512 4501; x_wconf 71' lang='lat' dir='ltr'><strong>exspectatio</strong></span> <span class='ocrx_word' id='word_1_781' title='bbox 2537 4425 2710 4500; x_wconf 75' lang='lat' dir='ltr'><strong>(Psal.</strong></span> <span class='ocrx_word' id='word_1_782' title='bbox 2753 4442 2939 4494; x_wconf 73' lang='lat' dir='ltr'><strong>xxxix,</strong></span> <span class='ocrx_word' id='word_1_783' title='bbox 2968 4426 3050 4497; x_wconf 69' lang='grc' dir='ltr'><strong>Ξ),</strong></span> <span class='ocrx_word' id='word_1_784' title='bbox 3084 4425 3175 4481; x_wconf 91' lang='lat' dir='ltr'><strong>ubi</strong></span> <span class='ocrx_word' id='word_1_785' title='bbox 3198 4432 3283 4480; x_wconf 85' lang='lat' dir='ltr'><strong>est</strong></span> <span class='ocrx_word' id='word_1_786' title='bbox 3308 4434 3460 4478; x_wconf 85' lang='lat' dir='ltr'><strong>certa</strong></span> <span class='ocrx_word' id='word_1_787' title='bbox 3488 4421 3810 4490; x_wconf 78' lang='lat' dir='ltr'><strong>prom&#39;ssio.</strong></span> 
     </span>
    </p>
   </div>
   <div class='ocr_carea' id='block_1_106' title="bbox 2205 4516 3804 4590">
    <p class='ocr_par' dir='ltr' id='par_1_106' title="bbox 2205 4516 3804 4590">
     <span class='ocr_line' id='line_1_106' title="bbox 2205 4516 3804 4590; baseline -0.006 -14"><span class='ocrx_word' id='word_1_788' title='bbox 2205 4521 2317 4576; x_wconf 87' lang='lat' dir='ltr'><strong>Cur</strong></span> <span class='ocrx_word' id='word_1_789' title='bbox 2339 4521 2485 4578; x_wconf 91' lang='lat' dir='ltr'><strong>enim</strong></span> <span class='ocrx_word' id='word_1_790' title='bbox 2509 4521 2780 4578; x_wconf 81' lang='lat' dir='ltr'><strong>defectum</strong></span> <span class='ocrx_word' id='word_1_791' title='bbox 2805 4532 2930 4590; x_wconf 87' lang='lat' dir='ltr'><strong>spes</strong></span> <span class='ocrx_word' id='word_1_792' title='bbox 2958 4516 3133 4573; x_wconf 83' lang='lat' dir='ltr'><strong>ﬁdelis</strong></span> <span class='ocrx_word' id='word_1_793' title='bbox 3157 4518 3424 4574; x_wconf 86' lang='lat' dir='ltr'><strong>sustinere</strong></span> <span class='ocrx_word' id='word_1_794' title='bbox 3447 4516 3642 4585; x_wconf 49' lang='lat' dir='ltr'><strong>posit,</strong></span> <span class='ocrx_word' id='word_1_795' title='bbox 3668 4529 3804 4568; x_wconf 77' lang='lat' dir='ltr'><strong>cum</strong></span> 
     </span>
    </p>
   </div>
   <div class='ocr_carea' id='block_1_107' title="bbox 2206 4610 3811 4685">
    <p class='ocr_par' dir='ltr' id='par_1_107' title="bbox 2206 4610 3811 4685">
     <span class='ocr_line' id='line_1_107' title="bbox 2206 4610 3811 4685; baseline -0.004 -15"><span class='ocrx_word' id='word_1_796' title='bbox 2206 4615 2252 4670; x_wconf 90' lang='lat' dir='ltr'><strong>is</strong></span> <span class='ocrx_word' id='word_1_797' title='bbox 2279 4616 2368 4684; x_wconf 91' lang='lat' dir='ltr'><strong>qui</strong></span> <span class='ocrx_word' id='word_1_798' title='bbox 2395 4616 2657 4685; x_wconf 87' lang='lat' dir='ltr'><strong>promittit</strong></span> <span class='ocrx_word' id='word_1_799' title='bbox 2678 4616 2883 4672; x_wconf 80' lang='lat' dir='ltr'><strong>nesciat</strong></span> <span class='ocrx_word' id='word_1_800' title='bbox 2916 4613 3225 4669; x_wconf 75' lang='lat' dir='ltr'><strong>immutari?</strong></span> <span class='ocrx_word' id='word_1_801' title='bbox 3251 4612 3589 4680; x_wconf 65' lang='lat' dir='ltr'><strong>lia-spectatio</strong></span> <span class='ocrx_word' id='word_1_802' title='bbox 3620 4610 3811 4680; x_wconf 83' lang='lat' dir='ltr'><strong>itaque</strong></span> 
     </span>
    </p>
   </div>
   <div class='ocr_carea' id='block_1_108' title="bbox 2205 4704 3809 4777">
    <p class='ocr_par' dir='ltr' id='par_1_108' title="bbox 2205 4704 3809 4777">
     <span class='ocr_line' id='line_1_108' title="bbox 2205 4704 3809 4777; baseline -0.004 -16"><span class='ocrx_word' id='word_1_803' title='bbox 2205 4716 2513 4762; x_wconf 78' lang='lat' dir='ltr'><strong>sanctorum</strong></span> <span class='ocrx_word' id='word_1_804' title='bbox 2542 4716 2626 4763; x_wconf 87' lang='lat' dir='ltr'><strong>est</strong></span> <span class='ocrx_word' id='word_1_805' title='bbox 2648 4707 2910 4764; x_wconf 66' lang='lat' dir='ltr'><strong>caelorum</strong></span> <span class='ocrx_word' id='word_1_806' title='bbox 2938 4721 3125 4777; x_wconf 87' lang='lat' dir='ltr'><strong>regna,</strong></span> <span class='ocrx_word' id='word_1_807' title='bbox 3147 4704 3309 4775; x_wconf 65' lang='grc'><strong>417</strong></span> <span class='ocrx_word' id='word_1_808' title='bbox 3330 4707 3646 4772; x_wconf 82' lang='lat' dir='ltr'><strong>angelorum</strong></span> <span class='ocrx_word' id='word_1_809' title='bbox 3665 4716 3809 4756; x_wconf 80' lang='lat' dir='ltr'><strong>oon-</strong></span> 
     </span>
    </p>
   </div>
   <div class='ocr_carea' id='block_1_109' title="bbox 2206 4792 3803 4866">
    <p class='ocr_par' dir='ltr' id='par_1_109' title="bbox 2206 4792 3803 4866">
     <span class='ocr_line' id='line_1_109' title="bbox 2206 4792 3803 4866; baseline -0.004 -15"><span class='ocrx_word' id='word_1_810' title='bbox 2206 4796 2371 4852; x_wconf 87' lang='lat' dir='ltr'><strong>sortia</strong></span> <span class='ocrx_word' id='word_1_811' title='bbox 2402 4796 2728 4866; x_wconf 84' lang='lat' dir='ltr'><strong>promereri;</strong></span> <span class='ocrx_word' id='word_1_812' title='bbox 2778 4805 2835 4854; x_wconf 86' lang='lat' dir='ltr'><strong>et</strong></span> <span class='ocrx_word' id='word_1_813' title='bbox 2877 4796 3019 4865; x_wconf 85' lang='lat' dir='ltr'><strong>quod</strong></span> <span class='ocrx_word' id='word_1_814' title='bbox 3068 4809 3227 4863; x_wconf 70' lang='lat' dir='ltr'><strong>supra</strong></span> <span class='ocrx_word' id='word_1_815' title='bbox 3276 4805 3441 4848; x_wconf 86' lang='lat' dir='ltr'><strong>totum</strong></span> <span class='ocrx_word' id='word_1_816' title='bbox 3469 4803 3575 4857; x_wconf 81' lang='lat' dir='ltr'><strong>est,</strong></span> <span class='ocrx_word' id='word_1_817' title='bbox 3623 4792 3803 4860; x_wconf 70' lang='lat' dir='ltr'><strong>ipsum</strong></span> 
     </span>
    </p>
   </div>
   <div class='ocr_carea' id='block_1_110' title="bbox 2207 4886 3803 4960">
    <p class='ocr_par' dir='ltr' id='par_1_110' title="bbox 2207 4886 3803 4960">
     <span class='ocr_line' id='line_1_110' title="bbox 2207 4886 3803 4960; baseline -0.002 -19"><span class='ocrx_word' id='word_1_818' title='bbox 2207 4888 2352 4958; x_wconf 70' lang='lat' dir='ltr'><strong>lina.</strong></span> <span class='ocrx_word' id='word_1_819' title='bbox 2382 4888 2471 4957; x_wconf 81' lang='lat' dir='ltr'><strong>A.,</strong></span> <span class='ocrx_word' id='word_1_820' title='bbox 2497 4887 2589 4958; x_wconf 83' lang='lat' dir='ltr'><strong>B.,</strong></span> <span class='ocrx_word' id='word_1_821' title='bbox 2620 4886 2813 4960; x_wconf 78' lang='lat' dir='ltr'><strong>totum]</strong></span> <span class='ocrx_word' id='word_1_822' title='bbox 2850 4888 3051 4959; x_wconf 78' lang='lat' dir='ltr'><strong>iugiter</strong></span> <span class='ocrx_word' id='word_1_823' title='bbox 3077 4887 3280 4951; x_wconf 89' lang='lat' dir='ltr'><strong>videre,</strong></span> <span class='ocrx_word' id='word_1_824' title='bbox 3309 4886 3397 4953; x_wconf 82' lang='lat' dir='ltr'><strong>qui</strong></span> <span class='ocrx_word' id='word_1_825' title='bbox 3425 4888 3480 4940; x_wconf 88' lang='lat' dir='ltr'><strong>in</strong></span> <span class='ocrx_word' id='word_1_826' title='bbox 3518 4886 3803 4939; x_wconf 73' lang='lat' dir='ltr'><strong>beatorum</strong></span> 
     </span>
    </p>
   </div>
   <div class='ocr_carea' id='block_1_111' title="bbox 2202 4980 3131 5053">
    <p class='ocr_par' dir='ltr' id='par_1_111' title="bbox 2202 4980 3131 5053">
     <span class='ocr_line' id='line_1_111' title="bbox 2202 4980 3131 5053; baseline 0 -18"><span class='ocrx_word' id='word_1_827' title='bbox 2202 4980 2344 5037; x_wconf 88' lang='lat' dir='ltr'><strong>solet</strong></span> <span class='ocrx_word' id='word_1_828' title='bbox 2370 4996 2586 5053; x_wconf 87' lang='lat' dir='ltr'><strong>semper</strong></span> <span class='ocrx_word' id='word_1_829' title='bbox 2604 4982 2778 5038; x_wconf 85' lang='lat' dir='ltr'><strong>corde</strong></span> <span class='ocrx_word' id='word_1_830' title='bbox 2805 4981 3131 5038; x_wconf 86' lang='lat' dir='ltr'><strong>dulcescere.</strong></span> 
     </span>
    </p>
   </div>
   <div class='ocr_carea' id='block_1_112' title="bbox 2279 5066 3801 5145">
    <p class='ocr_par' dir='ltr' id='par_1_112' title="bbox 2279 5066 3801 5145">
     <span class='ocr_line' id='line_1_112' title="bbox 2279 5066 3801 5145; baseline -0.004 -19"><span class='ocrx_word' id='word_1_831' title='bbox 2279 5071 2431 5126; x_wconf 87' lang='lat' dir='ltr'><strong>Vers.</strong></span> <span class='ocrx_word' id='word_1_832' title='bbox 2458 5071 2582 5128; x_wconf 80' lang='lat' dir='ltr'><strong>H7.</strong></span> <span class='ocrx_word' id='word_1_833' title='bbox 2612 5072 2814 5145; x_wconf 77' lang='lat' dir='ltr'><strong>Adjnva</strong></span> <span class='ocrx_word' id='word_1_834' title='bbox 2853 5088 2953 5137; x_wconf 86' lang='lat' dir='ltr'><strong>me,</strong></span> <span class='ocrx_word' id='word_1_835' title='bbox 2980 5080 3027 5125; x_wconf 88' lang='lat' dir='ltr'><strong>et</strong></span> <span class='ocrx_word' id='word_1_836' title='bbox 3054 5072 3223 5126; x_wconf 75' lang='lat' dir='ltr'><strong>salvus</strong></span> <span class='ocrx_word' id='word_1_837' title='bbox 3260 5084 3348 5124; x_wconf 86' lang='lat' dir='ltr'><strong>ero</strong></span> <span class='ocrx_word' id='word_1_838' title='bbox 3378 5084 3397 5122; x_wconf 92' lang='lat'><strong><em>:</em></strong></span> <span class='ocrx_word' id='word_1_839' title='bbox 3423 5076 3471 5122; x_wconf 89' lang='lat' dir='ltr'><strong>et</strong></span> <span class='ocrx_word' id='word_1_840' title='bbox 3512 5066 3801 5121; x_wconf 75' lang='lat' dir='ltr'><strong>meditabor</strong></span> 
     </span>
    </p>
   </div>
   <div class='ocr_carea' id='block_1_113' title="bbox 2199 5158 3799 5239">
    <p class='ocr_par' dir='ltr' id='par_1_113' title="bbox 2199 5158 3799 5239">
     <span class='ocr_line' id='line_1_113' title="bbox 2199 5158 3799 5239; baseline -0.007 -17"><span class='ocrx_word' id='word_1_841' title='bbox 2199 5168 2255 5222; x_wconf 84' lang='lat' dir='ltr'><strong>in</strong></span> <span class='ocrx_word' id='word_1_842' title='bbox 2272 5165 2728 5239; x_wconf 79' lang='lat' dir='ltr'><strong>jnstiﬁcationibns</strong></span> <span class='ocrx_word' id='word_1_843' title='bbox 2766 5164 2866 5217; x_wconf 79' lang='lat' dir='ltr'><strong>tuis</strong></span> <span class='ocrx_word' id='word_1_844' title='bbox 2911 5177 3129 5232; x_wconf 80' lang='lat' dir='ltr'><strong>semper.</strong></span> <span class='ocrx_word' id='word_1_845' title='bbox 3184 5159 3447 5226; x_wconf 82' lang='lat' dir='ltr'><strong>Quamvis</strong></span> <span class='ocrx_word' id='word_1_846' title='bbox 3484 5158 3649 5212; x_wconf 87' lang='lat' dir='ltr'><strong>verba</strong></span> <span class='ocrx_word' id='word_1_847' title='bbox 3696 5160 3799 5211; x_wconf 85' lang='lat' dir='ltr'><strong>ista</strong></span> 
     </span>
    </p>
   </div>
   <div class='ocr_carea' id='block_1_114' title="bbox 2199 5251 3796 5330">
    <p class='ocr_par' dir='ltr' id='par_1_114' title="bbox 2199 5251 3796 5330">
     <span class='ocr_line' id='line_1_114' title="bbox 2199 5251 3796 5330; baseline -0.009 -13"><span class='ocrx_word' id='word_1_848' title='bbox 2199 5260 2642 5330; x_wconf 63' lang='lat' dir='ltr'><strong>saepesideantur</strong></span> <span class='ocrx_word' id='word_1_849' title='bbox 2661 5269 2780 5313; x_wconf 88' lang='lat' dir='ltr'><strong>esse</strong></span> <span class='ocrx_word' id='word_1_850' title='bbox 2808 5256 3056 5324; x_wconf 85' lang='lat' dir='ltr'><strong>repetita,</strong></span> <span class='ocrx_word' id='word_1_851' title='bbox 3086 5267 3277 5322; x_wconf 84' lang='lat' dir='ltr'><strong>magna</strong></span> <span class='ocrx_word' id='word_1_852' title='bbox 3300 5251 3459 5307; x_wconf 86' lang='lat' dir='ltr'><strong>nobis</strong></span> <span class='ocrx_word' id='word_1_853' title='bbox 3489 5258 3670 5305; x_wconf 86' lang='lat' dir='ltr'><strong>tamen</strong></span> <span class='ocrx_word' id='word_1_854' title='bbox 3703 5264 3796 5303; x_wconf 84' lang='lat' dir='ltr'><strong>as-</strong></span> 
     </span>
    </p>
   </div>
   <div class='ocr_carea' id='block_1_115' title="bbox 2202 5342 3794 5410">
    <p class='ocr_par' dir='ltr' id='par_1_115' title="bbox 2202 5342 3794 5410">
     <span class='ocr_line' id='line_1_115' title="bbox 2202 5342 3794 5410; baseline -0.01 0"><span class='ocrx_word' id='word_1_855' title='bbox 2202 5352 2471 5410; x_wconf 83' lang='lat' dir='ltr'><strong>siduitatis</strong></span> <span class='ocrx_word' id='word_1_856' title='bbox 2520 5351 2675 5408; x_wconf 90' lang='lat' dir='ltr'><strong>istius</strong></span> <span class='ocrx_word' id='word_1_857' title='bbox 2723 5354 3060 5404; x_wconf 84' lang='lat' dir='ltr'><strong>sacramenta</strong></span> <span class='ocrx_word' id='word_1_858' title='bbox 3090 5345 3455 5401; x_wconf 79' lang='lat' dir='ltr'><strong>declarantur.</strong></span> <span class='ocrx_word' id='word_1_859' title='bbox 3503 5342 3619 5397; x_wconf 80' lang='lat' dir='ltr'><strong>Hoc</strong></span> <span class='ocrx_word' id='word_1_860' title='bbox 3643 5342 3794 5397; x_wconf 74' lang='lat' dir='ltr'><strong>enim</strong></span> 
     </span>
    </p>
   </div>
   <div class='ocr_carea' id='block_1_116' title="bbox 2203 5432 3803 5516">
    <p class='ocr_par' dir='ltr' id='par_1_116' title="bbox 2203 5432 3803 5516">
     <span class='ocr_line' id='line_1_116' title="bbox 2203 5432 3803 5516; baseline -0.009 -15"><span class='ocrx_word' id='word_1_861' title='bbox 2203 5447 2270 5501; x_wconf 84' lang='lat' dir='ltr'><strong>ad</strong></span> <span class='ocrx_word' id='word_1_862' title='bbox 2290 5442 2679 5516; x_wconf 85' lang='lat' dir='ltr'><strong>amplissimum</strong></span> <span class='ocrx_word' id='word_1_863' title='bbox 2694 5440 3021 5496; x_wconf 79' lang='lat' dir='ltr'><strong>desiderium</strong></span> <span class='ocrx_word' id='word_1_864' title='bbox 3046 5439 3242 5495; x_wconf 81' lang='lat' dir='ltr'><strong>mentis</strong></span> <span class='ocrx_word' id='word_1_865' title='bbox 3259 5435 3630 5506; x_wconf 83' lang='lat' dir='ltr'><strong>debetaptari,</strong></span> <span class='ocrx_word' id='word_1_866' title='bbox 3646 5432 3803 5504; x_wconf 75' lang='lat' dir='ltr'><strong>quod</strong></span> 
     </span>
    </p>
   </div>
   <div class='ocr_carea' id='block_1_117' title="bbox 2204 5526 3799 5602">
    <p class='ocr_par' dir='ltr' id='par_1_117' title="bbox 2204 5526 3799 5602">
     <span class='ocr_line' id='line_1_117' title="bbox 2204 5526 3799 5602; baseline -0.007 -13"><span class='ocrx_word' id='word_1_867' title='bbox 2204 5534 2353 5590; x_wconf 83' lang='lat' dir='ltr'><strong>nulla</strong></span> <span class='ocrx_word' id='word_1_868' title='bbox 2368 5533 2493 5589; x_wconf 88' lang='lat' dir='ltr'><strong>inde</strong></span> <span class='ocrx_word' id='word_1_869' title='bbox 2503 5540 2711 5602; x_wconf 90' lang='lat' dir='ltr'><strong>poterat</strong></span> <span class='ocrx_word' id='word_1_870' title='bbox 2731 5530 3130 5586; x_wconf 84' lang='lat' dir='ltr'><strong>intermissione</strong></span> <span class='ocrx_word' id='word_1_871' title='bbox 3141 5527 3396 5598; x_wconf 82' lang='lat' dir='ltr'><strong>suspendi</strong></span> <span class='ocrx_word' id='word_1_872' title='bbox 3414 5544 3429 5594; x_wconf 86' lang='lat'><strong>;</strong></span> <span class='ocrx_word' id='word_1_873' title='bbox 3448 5526 3572 5596; x_wconf 87' lang='lat' dir='ltr'><strong>quia</strong></span> <span class='ocrx_word' id='word_1_874' title='bbox 3594 5540 3799 5595; x_wconf 61' lang='lat' dir='ltr'><strong>quand</strong></span> 
     </span>
    </p>
   </div>
   <div class='ocr_carea' id='block_1_118' title="bbox 2202 5617 3795 5695">
    <p class='ocr_par' dir='ltr' id='par_1_118' title="bbox 2202 5617 3795 5695">
     <span class='ocr_line' id='line_1_118' title="bbox 2202 5617 3795 5695; baseline -0.007 -14"><span class='ocrx_word' id='word_1_875' title='bbox 2202 5626 2283 5681; x_wconf 91' lang='lat' dir='ltr'><strong>vis</strong></span> <span class='ocrx_word' id='word_1_876' title='bbox 2310 5626 2636 5695; x_wconf 86' lang='lat' dir='ltr'><strong>accipiamus</strong></span> <span class='ocrx_word' id='word_1_877' title='bbox 2662 5638 2691 5678; x_wconf 88' lang='lat' dir='ltr'><strong>a</strong></span> <span class='ocrx_word' id='word_1_878' title='bbox 2724 5623 2975 5690; x_wconf 92' lang='lat' dir='ltr'><strong>Domino,</strong></span> <span class='ocrx_word' id='word_1_879' title='bbox 3022 5635 3238 5691; x_wconf 89' lang='lat' dir='ltr'><strong>semper</strong></span> <span class='ocrx_word' id='word_1_880' title='bbox 3283 5617 3557 5689; x_wconf 80' lang='lat' dir='ltr'><strong>rogandus</strong></span> <span class='ocrx_word' id='word_1_881' title='bbox 3602 5626 3689 5672; x_wconf 80' lang='lat' dir='ltr'><strong>est</strong></span> <span class='ocrx_word' id='word_1_882' title='bbox 3735 5618 3795 5670; x_wconf 76' lang='grc' dir='ltr'><strong>ιιι</strong></span> 
     </span>
    </p>
   </div>
   <div class='ocr_carea' id='block_1_119' title="bbox 2199 5709 3795 5789">
    <p class='ocr_par' dir='ltr' id='par_1_119' title="bbox 2199 5709 3795 5789">
     <span class='ocr_line' id='line_1_119' title="bbox 2199 5709 3795 5789; baseline -0.005 -18"><span class='ocrx_word' id='word_1_883' title='bbox 2199 5718 2401 5789; x_wconf 73' lang='lat' dir='ltr'><strong>iugiter</strong></span> <span class='ocrx_word' id='word_1_884' title='bbox 2427 5717 2612 5785; x_wconf 84' lang='lat' dir='ltr'><strong>donet,</strong></span> <span class='ocrx_word' id='word_1_885' title='bbox 2652 5730 2718 5771; x_wconf 93' lang='lat' dir='ltr'><strong>ne</strong></span> <span class='ocrx_word' id='word_1_886' title='bbox 2758 5713 2949 5770; x_wconf 87' lang='lat' dir='ltr'><strong>collata</strong></span> <span class='ocrx_word' id='word_1_887' title='bbox 2997 5713 3253 5769; x_wconf 86' lang='lat' dir='ltr'><strong>beneﬁcia</strong></span> <span class='ocrx_word' id='word_1_888' title='bbox 3311 5712 3519 5781; x_wconf 65' lang='lat' dir='ltr'><strong>tossint</strong></span> <span class='ocrx_word' id='word_1_889' title='bbox 3560 5725 3590 5763; x_wconf 89' lang='lat' dir='ltr'><strong>a</strong></span> <span class='ocrx_word' id='word_1_890' title='bbox 3632 5709 3795 5764; x_wconf 82' lang='lat' dir='ltr'><strong>nobis</strong></span> 
     </span>
    </p>
   </div>
   <div class='ocr_carea' id='block_1_120' title="bbox 2206 5801 3793 5877">
    <p class='ocr_par' dir='ltr' id='par_1_120' title="bbox 2206 5801 3793 5877">
     <span class='ocr_line' id='line_1_120' title="bbox 2206 5801 3793 5877; baseline -0.005 -14"><span class='ocrx_word' id='word_1_891' title='bbox 2206 5807 2326 5863; x_wconf 81' lang='lat' dir='ltr'><strong>ﬁdei</strong></span> <span class='ocrx_word' id='word_1_892' title='bbox 2356 5817 2597 5877; x_wconf 76' lang='lat' dir='ltr'><strong>tempore</strong></span> <span class='ocrx_word' id='word_1_893' title='bbox 2619 5805 2914 5861; x_wconf 78' lang='lat' dir='ltr'><strong>discedere.</strong></span> <span class='ocrx_word' id='word_1_894' title='bbox 2945 5804 3058 5860; x_wconf 82' lang='lat' dir='ltr'><strong>Non</strong></span> <span class='ocrx_word' id='word_1_895' title='bbox 3084 5805 3227 5860; x_wconf 84' lang='lat' dir='ltr'><strong>enim</strong></span> <span class='ocrx_word' id='word_1_896' title='bbox 3252 5801 3536 5871; x_wconf 83' lang='lat' dir='ltr'><strong>repet-itum</strong></span> <span class='ocrx_word' id='word_1_897' title='bbox 3558 5802 3793 5857; x_wconf 74' lang='lat' dir='ltr'><strong>verbum</strong></span> 
     </span>
    </p>
   </div>
  </div>
