4032 6340
252 317 356 391 s77

1162 323 1516 381 EXI‘OSITIO
1557 323 1619 378 IN
1659 321 2110 379 PSALTERIUM.
2152 321 2344 378 PSAL.
2386 320 2610 380 CXVIII.

3422 328 3527 386 8'8

257 447 429 502 otiose
457 444 715 500 debemus
746 445 1010 513 accipere,
1036 459 1103 497 uc
1127 443 1401 498 vidcantur
1435 444 1664 507 incaute,
1693 442 1834 510 quod
1867 447 1915 502 Α
1943 441 2119 495 omnis
2163 440 2524 510 pra'variwtor
2552 437 2826 506 redditur;
2858 438 3108 509 quoniam
3150 435 3217 496 ab
3243 439 3326 497 his
3353 444 3531 500 nullus

255 539 396 592 scire
432 551 528 588 nos
559 535 801 600 exiit-dit,
837 530 1106 589 omisisse.
1147 536 1380 599 Addidit,
1407 543 1453 586 et
1491 533 1840 586 meditaborin

259 630 360 681 tuis
388 627 844 699 justiﬁeationibus
873 643 1087 692 semper.
1128 627 1350 681 Causam
1379 626 1549 679 reddit
1577 625 1840 694 obsequii,

253 737 322 775 ne
355 729 472 788 post
499 730 801 786 susceptam
834 721 1057 774 salutem
1103 719 1295 774 COIIato
1323 721 1542 773 munere
1573 719 1846 774 videretur

256 816 516 881 ingratus.
566 810 669 866 Sed
716 827 836 865 cum
871 812 1133 880 promittit
1173 813 1409 866 meditari
1445 813 1843 883 justi/icationes

252 920 476 972 semper,
507 903 735 956 salutem
767 907 917 956 Suam
945 903 1143 973 jugitcr
1161 903 1742 968 desideratContineri;
1766 904 1844 958 sic

251 999 398 1050 enim
434 995 681 1052 faciendo
717 997 865 1051 Iocus
899 997 1102 1069 tollitur
1130 997 1376 1051 absolute
1404 995 1637 1051 (ιὶηὺοιο.
1680 995 1845 1050 Justi-

257 1091 527 1158 ﬁcaliones
580 1085 721 1144 enim
775 1089 975 1158 duplici
1025 1090 1183 1143 modo
1233 1085 1514 1157 possumus
1554 1088 1842 1157 accipere:

255 1181 371 1234 sive
398 1179 532 1234 istas
553 1194 686 1248 quas
717 1178 804 1234 hic
824 1179 1061 1248 quotidie
1090 1179 1142 1234 in
1172 1190 1508 1248 peccatorum
1540 1175 1843 1230 'nostrdrum

255 1270 602 1325 confessione
632 1270 936 1339 pet-agimus
955 1311 971 1336 ,
1023 1272 1077 1323 ut
1119 1277 1202 1324 est
1232 1268 1357 1323 illud
1389 1263 1663 1339 Evangelii
1692 1267 1842 1338 (Luc.

259 1379 414 1429 xvm,
452 1362 673 1433 13,14),
707 1379 827 1418 cum
856 1364 1166 1432 publicanus
1195 1371 1412 1432 peccata
1442 1378 1535 1417 ua
1559 1361 1842 1428 conﬁtens,

257 1449 329 1511 de
359 1457 558 1526 templo
584 1453 905 1526 justiticatus
934 1451 1118 1513 exivit.
1152 1457 1313 1512 Decet
1343 1458 1484 1512 enim
1529 1456 1762 1527 quandiu
1793 1455 1844 1510 in

257 1543 369 1602 isto
395 1547 590 1602 sacculo
611 1551 819 1616 Sumus,
856 1555 911 1604 et
939 1563 967 1602 a
1001 1549 1231 1618 peccatis
1263 1549 1414 1605 liberi
1443 1564 1564 1606 esse
1590 1564 1696 1605 non
1725 1554 1846 1619 pos-

262 1656 474 1705 sumus,
504 1639 556 1695 in
587 1641 686 1695 ista
719 1655 817 1695 nos
858 1640 1056 1713 semper
1078 1641 1452 1713 justiﬁcatione
1480 1643 1843 1711 prosternere.

264 1721 376 1788 Sed
403 1731 521 1801 quia
551 1732 814 1800 sequitur,
845 1749 1063 1803 semper,
1088 1735 1228 1803 quod
1257 1747 1420 1804 supra
1453 1748 1611 1788 omne
1638 1742 1847 1802 tempus

1954 535 2220 604 terrigena
2253 532 2506 602 probatur
2529 544 2808 603 exceptus.
2838 533 3182 602 Consequens
3211 542 3386 588 autem
3416 534 3534 591 erat

1946 635 2004 680 ut
2026 625 2238 679 enixius
2268 624 2500 697 diligeret
2522 625 2810 678 testimonia
2843 623 3072 688 Domini,
3103 623 3192 693 qui
3221 627 3532 696 praeuarica-

1947 727 2111 770 torum
2158 718 2374 772 nomine
2415 716 2563 772 visus
2602 725 2686 772 est
2727 732 2899 770 omnes
2943 714 3192 770 addicere
3225 726 3530 783 peccatores.

1947 810 2048 864 Per
2077 810 2188 877 ipsa
2235 809 2380 864 enim
2419 809 2707 864 testimonia
2736 808 2991 864 credebat
3019 806 3121 862 sibi
3161 809 3344 863 venire
3376 821 3533 878 posse

1948 901 2270 966 remedium,
2305 915 2400 969 per
2425 917 2543 971 qua:
2572 900 2640 956 ad
2668 899 2867 955 Christi
2907 900 3133 970 gratiam
3159 899 3427 956 desiderio
3455 899 3533 958 fe-

1946 994 2180 1049 stinante
2207 993 2478 1049 tendebat.
2495 992 2628 1048 Nam
2649 1008 2771 1048 cum
2792 992 2878 1048 lex
2906 1001 3004 1048 nos
3020 985 3251 1058 addicat,
3267 992 3380 1048 sola
3402 996 3530 1061 gra‘-

1948 1084 2019 1139 tia
2048 1094 2130 1138 est
2167 1084 2408 1140 absolute
2461 1099 2580 1154 qua:
2621 1084 2832 1150 liberat,
2872 1081 2988 1153 ipsa
3039 1091 3156 1154 qua:
3199 1084 3532 1155 compedit“

1947 1175 2133 1240 selvit,
2165 1177 2275 1243 ipsa
2305 1191 2424 1246 quae
2452 1167 2522 1230 de
2549 1175 2720 1230 servis
2748 1175 2886 1229 filios
2917 1159 3063 1230 facit.

2027 1265 2175 1320 Vers.
2207 1265 2328 1320 120.
2360 1263 2570 1334 Conﬁge
2616 1265 2768 1337 (mss.
2799 1265 2888 1331 Ο..
2919 1265 3006 1330 F.,
3036 1262 3212 1339 inﬁge]
3241 1265 3419 1321 timore
3444 1267 3533 1323 tito

1947 1371 2122 1412 carnes
2151 1375 2310 1424 meas,
2341 1374 2374 1412 a
2399 1357 2604 1424 iudiciis
2623 1359 2758 1412 enim
2779 1359 2880 1412 tuis
2907 1358 3076 1413 timui.
3105 1359 3291 1415 Sciens
3310 1374 3535 1430 congre-

1948 1450 2092 1518 gutio
2138 1449 2502 1518 Spiritualium
2562 1450 2826 1518 virorum,
2875 1449 3020 1506 unde
3075 1449 3309 1506 humano
3350 1448 3535 1522 generi

1951 1535 2323 1610 praevaricatio
2379 1541 2510 1612 legis
2547 1539 2850 1610 supradicta
2899 1547 3238 1610 provenerat,
3282 1552 3534 1613 tanquam

1950 1632 2306 1689 sazvissimum
2336 1631 2603 1687 latronem
2631 1640 2686 1686 et
2709 1631 3088 1687 indomabil'em
3104 1631 3533 1699 ieram,caruem

1951 1741 2101 1782 suam
2130 1742 2236 1782 non
2266 1727 2442 1782 solum
2475 1725 2828 1795 religandam,
2851 1725 2943 1780 sed
2969 1726 3129 1780 etiam
3153 1725 3531 1795 conﬁgendam,

260 1837 386 1877 esse
405 1822 762 1892 dignoscitur;
784 1838 850 1878 ne
877 1838 980 1877 non
1004 1823 1099 1878 tibi
1123 1823 1368 1878 videatur
1392 1823 1478 1878 isti
1499 1823 1699 1878 sacculo
1719 1839 1844 1878 con-
1876 1834 1924 1901 Β
1951 1834 2088 1873 nova
2109 1827 2269 1890 atque
2298 1820 2548 1874 inusitata
2597 1818 2988 1888 supplicatione
3013 1817 3354 1888 deprecatur;
3403 1817 3536 1872 Car—
3615 1860 3618 1864 .

263 1913 473 1978 venire,
506 1913 602 1968 sed
629 1914 826 1984 aliquid
858 1922 911 1970 te
931 1913 1163 1970 delectet
1185 1914 1257 1972 de~
1282 1913 1370 1969 illa
1399 1914 1697 1970 aeternitate
1720 1926 1849 1969 ton-

262 2004 468 2074 'cipere.
502 2002 839 2060 'M'editantur
864 2007 1035 2062 sancti
1053 2007 1454 2080 iustiﬁcationes
1482 2006 1696 2062 Domini
1718 2023 1850 2061 sem-

261 2109 373 2164 per,
414 2095 630 2164 quando
658 2097 971 2167 angelorum
1017 2098 1198 2153 choris
1223 2111 1322 2153 sua
1371 2095 1637 2154 desideria
1677 2099 1850 2153 socia-

262 2185 430 2252 bunt;
479 2189 692 2256 quando
736 2189 922 2245 laudes
968 2191 1175 2245 Demini
1221 2191 1447 2262 perenni
1489 2190 1848 2248 exsultatione

261 2277 589 2346 cantabunt;
620 2279 856 2350 quando,
885 2281 1022 2336 sicut
1064 2282 1191 2336 dicit
1213 2282 1500 2350 Apostolus
1533 2300 1548 2338 :
1582 2282 1846 2350 Corrupti-

262 2367 367 2420 bile
395 2368 491 2421 hoc
520 2370 739 2424 induerit
762 2373 1216 2440 incorruptionem,
1253 2386 1296 2428 et
1322 2375 1534 2429 mortale
1554 2375 1648 2429 hoc
1668 2375 1844 2429 indue—

261 2458 333 2510 rit
362 2459 789 2514 immortalitatem
814 2461 864 2533 (I
892 2463 1012 2518 Cor.
1038 2479 1128 2533 xv,
1163 2465 1276 2534 54).

338 2547 490 2603 Vers.
527 2550 650 2605 I18.
686 2551 937 2620 Sprevisti
968 2570 1140 2608 omnes
1181 2553 1492 2610 discedentes
1530 2558 1562 2609 a
1585 2556 1848 2627 justiﬁed-

263 2641 486 2695 tionibus
513 2643 633 2708 tuis,
660 2645 781 2713 quia
810 2645 1003 2715 injusta
1032 2640 1269 2717 cogitatio
1291 2663 1487 2702 eorum.
1511 2647 1848 2704 Declaratum

262 2746 347 2788 εει
383 2749 478 2788 cur
508 2740 1332 2811 assumehaturjttstiﬁcationum
1364 2742 1572 2797 Domini
1598 2744 1849 2813 frequens

263 2826 588 2896 assiduaque
624 2823 920 2884 meditatio.
949 2831 1138 2886 Merito
1158 2831 1300 2888 enim
1325 2833 1572 2888 timorem
1602 2835 1849 2890 movebat

265 2915 392 2970 talis
420 2918 669 2973 secutura
697 2922 995 2988 sententia;
1031 2924 1280 2993 quoniam
1320 2927 1646 2995 Speruuntur
1682 2941 1713 2980 a
1747 2926 1850 2982 Do-

265 3005 436 3071 mino,
466 3007 555 3078 qui
595 3009 660 3062 ab
688 3010 802 3080 ejus
831 3012 1200 3082 justifieatione
1232 3010 1517 3071 discedunt.
1569 3016 1702 3072 Nam
1727 3032 1849 3074 cum

262 3097 338 3151 Sit
373 3097 680 3166 justifieatio
722 3104 1056 3171 peccatorum
1104 3109 1302 3163 mentis
1355 3107 1488 3179 pura
1539 3102 1847 3178 coal’esSio,

265 3193 467 3247 merito
496 3195 707 3266 superbi
738 3211 1062 3266 Spernuntur
1096 3198 1127 3254 a
1160 3200 1405 3271 Domino,
1437 3203 1527 3272 qui
1561 3191 1650 3259 tali
1677 3219 1736 3259 se
1765 3220 1848 3260 re-

265 3285 446 3343 medio
492 3304 682 3346 sanare
725 3292 1041 3362 despiciunt.
1093 3288 1304 3370 Injusta
1332 3294 1528 3369 quippe
1555 3295 1638 3355 est
1671 3317 1848 3355 eorum

262 3379 510 3448 cogitatio
544 3391 600 3436 et
630 3384 769 3438 velle
799 3392 1042 3454 peccare,
1073 3398 1128 3442 et
1153 3389 1452 3458 justissimo
1484 3381 1658 3446 iudici
1707 3393 1851 3448 nolle

263 3471 601 3527 satisfacere.
635 3475 824 3531 Merito
851 3475 977 3547 ergo
1008 3475 1144 3534 tales
1191 3479 1259 3535 ab
1291 3481 1398 3536 abs
1423 3482 1652 3538 vIUtiouis
1680 3486 1850 3554 gratia

264 3563 673 3631 submoventur,
706 3569 795 3637 qui
825 3570 978 3625 toties
1010 3569 1336 3640 commoniti,
1372 3575 1458 3630 hic
1499 3577 1585 3647 pio
1626 3571 1852 3635 Domino

263 3655 568 3724 Supplicare
601 3655 945 3738 teth'pseruut;

344 3745 494 3802 Vers.
529 3740 652 3804 I19.
686 3745 1086 3833 Prtetaricantes
1113 3758 1341 3829 reputavi
1373 3761 1543 3817 Omnes
1565 3766 1850 3834 peccatore)

264 3838 421 3892 terra:
447 3855 466 3894 :
492 3841 606 3895 ideo
629 3842 787 3897 dilabi
815 3841 1104 3903 testimonia
1137 3861 1244 3905 tua.
1293 3850 1420 3908 Htec
1455 3855 1718 3910 sententia
1750 3857 1851 3913 nisi

266 3928 579 4001 diligentius
629 3933 988 4006 perquiratttr.
1021 3941 1276 4010 Apostolo
1322 3944 1532 4000 videtur
1567 3948 1685 4002 esse
1722 3964 1853 4003 con-

267 4017 458 4075 traria.
488 4023 578 4079 Ille
608 4028 748 4080 enim
779 4027 908 4084 dicit
934 4049 943 4082 :
978 4024 1076 4096 Qui
1106 4034 1214 4086 sine
1239 4035 1346 4106 lege
1376 4041 1849 4106 peccaueruntain'e

264 4109 379 4180 lege
407 4116 634 4182 peribunt
668 4118 841 4188 (limit.
889 4135 947 4186 tt,
987 4121 1104 4191 12);
1149 4122 1234 4177 hic
1267 4122 1443 4177 autem
1475 4131 1646 4180 omnes
1675 4141 1850 4196 pecca-

264 4209 407 4257 t0res
437 4213 584 4259 terra:
622 4211 1039 4276 pravaricatores
1071 4227 1193 4268 esse
1240 4223 1483 4270 testatur.
1543 4207 1674 4272 Nam
1719 4226 1849 4288 qu’o-

265 4293 436 4346 modo
468 4305 641 4364 pOIcSl.
683 4299 875 4370 aliquis
905 4306 1023 4357 esse
1051 4304 1168 4360 sine
1196 4304 1330 4373 lege,
1363 4305 1408 4360 si
1449 4321 1635 4362 omnes
1665 4317 1852 4378 praeva-

265 4384 515 4440 ricatores
543 4395 660 4443 esse
701 4392 952 4448 ercdendi
1001 4392 1156 4450 sunt?
1187 4395 1523 4454 Prtevdricari
1566 4396 1707 4456 enim
1746 4413 1850 4459 non“

267 4476 491 4537 est,nisi
523 4479 688 4549 legent
721 4485 1014 4552 transgredi
1037 4485 1400 4543 constitbtam'.
1430 4487 1536 4545 Sed
1568 4491 1853 4558 utrumque

1953 1913 2032 1966 nis
2061 1913 2203 1967 enim
2233 1913 2357 1967 vitia
2397 1921 2524 1967 sunt
2559 1919 2770 1967 terrena
2821 1906 3037 1977 deliéta,
3068 1925 3186 1981 quae
3217 1924 3317 1966 nos
3359 1911 3533 1981 legem

1955 2005 2257 2075 transgredi
2315 2004 2520 2060 faciunt
2566 2004 2962 2071 mandatorum,
3002 2003 3129 2058 dum
3183 2019 3212 2056 a
3260 2005 3537 2074 proposito

1952 2095 2192 2152 veritatis
2221 2096 2514 2152 abducunt.
2555 2096 2724 2162 Quam
2766 2096 2962 2150 merito
3011 2095 3331 2164 deprecatur
3357 2089 3538 2150 timore

1955 2187 2162 2242 D‘omini
2193 2187 2391 2243 debere
2429 2187 2642 2260 conﬁgi,
2674 2202 2741 2242 ne
2774 2187 2843 2241 a‘b
2871 2201 2937 2242 eo
2971 2182 3143 2256 possit
3179 2188 3335 2242 noxia
3373 2187 3536 2243 liber-

1950 2287 2058 2332 tate
2085 2279 2305 2334 dissolvi
2332 2282 2345 2332 !
2377 2279 2467 2334 Si'c
2495 2294 2602 2334 uno
2631 2279 2797 2335 verbo
2825 2276 3184 2349 significatam
3213 2283 3318 2346 est,
3348 2293 3538 2350 quem-

1951 2370 2246 2426 admodum
2277 2385 2404 2426 caro
2434 2371 2648 2426 tractari
2674 2369 2865 2424 debeat
2886 2369 3200 2432 Christiani,
3223 2377 3277 2423 et
3298 2385 3402 2439 qua
3429 2370 3537 2439 pie-

1952 2455 2060 2518 tate
2087 2473 2275 2518 contra
2311 2465 2510 2532 corpus
2554 2470 2712 2518 suum
2760 2461 2925 2516 nimie
2951 2476 3015 2516 ac
3046 2459 3306 2516 violenter
3334 2471 3534 2529 oraret,

1952 2557 2229 2628 exposuit;
2262 2557 2455 2612 timore
2484 2555 2688 2612 scilicet
2715 2551 2878 2612 futuri
2901 2555 3112 2625 judicii,
3147 2567 3206 2610 ut
3229 2556 3313 2611 hic
3353 2557 3537 2611 morti-

1952 2647 2189 2714 Ilcatum,
2242 2647 2312 2703 ibi
2367 2645 2620 2702 reddatur
2673 2653 2932 2701 aeternum
2974 2663 2988 2701 :
3035 2645 3119 2699 hic
3167 2647 3536 2716 temporaliter

1953 2743 2224 2804 moestum,
2254 2739 2361 2808 illic
2390 2747 2534 2793 esset
2562 2739 2663 2792 sub
2690 2738 3050 2808 perpetuitate
3072 2738 3426 2792 l.rtissimum.
3474 2738 3539 2792 Et

1951 2829 2084 2885 illud
2123 2829 2328 2896 insyice
2372 2829 2515 2900 quod
2560 2829 2726 2884 dicit:
2759 2831 2936 2883 timore
2983 2837 3111 2895 tuo;
3138 2839 3286 2883 casto
3334 2829 3539 2884 scilicet

1951 2926 2113 2989 atque
2155 2921 2415 2989 perfecto,
2457 2918 2550 2989 qui
2601 2929 2706 2973 non
2749 2924 2954 2973 tantum
2995 2917 3155 2973 habet
3189 2924 3314 2972 ante
3353 2920 3538 2974 oculos

1952 3011 2296 3066 formidinem
2341 3010 2611 3076 vindicue,
2643 3011 2737 3067 sed
2771 3008 3120 3067 vehementer
3147 3011 3337 3067 metuit
3365 3010 3540 3065 amis-‘-

1953 3103 2162 3159 Sionem
2191 3102 2395 3174 gratiae,
2427 3104 2478 3157 in
2507 3117 2609 3172 qua
2649 3091 2817 3157 ﬁdelis
2861 3095 3014 3168 trivit,
3039 3105 3134 3171 per
3161 3105 3319 3172 quam
3359 3102 3539 3156 omnis

1954 3195 2192 3252 reficitur
2227 3191 2586 3251 Christianus.
2629 3195 2735 3252 sed
2776 3194 3057 3250 videamus
3092 3194 3182 3265 qui
3223 3192 3358 3250 ela'vi
3387 3197 3537 3263 sunt;

1953 3287 2041 3357 qui
2073 3300 2172 3342 nos
2202 3287 2256 3341 in
2287 3286 2374 3341 illa
2426 3287 2637 3342 Domini
2681 3285 3030 3342 crucillxione
3057 3286 3362 3356 conligunt;
3410 3288 3539 3343 clla;

1953 3382 2082 3436 ritas
2114 3382 2316 3450 utique,
2344 3383 2463 3451 qua:
2492 3395 2592 3437 nos
2622 3381 2747 3436 facit
2770 3389 2826 3436 et
2855 3388 3127 3435 tormenta
3159 3383 3341 3435 nostra
3369 3382 3538 3453 neglié

1954 3479 2102 3548 gere,
2132 3485 2187 3532 et
2215 3476 2401 3531 mortis
2428 3475 2593 3548 ipSius
2622 3475 2859 3547 pericula
2885 3474 3007 3544 plus
3037 3468 3240 3531 amare.
3272 3473 3422 3530 Felix
3448 3475 3542 3545 qui

1954 3569 2105 3622 clavo
2140 3568 2246 3623 isto
2273 3563 2578 3639 conﬁgitur,
2607 3568 2696 3639 qui
2719 3567 2812 3622 tali
2840 3562 3062 3622 vulnere
3082 3564 3377 3622 sauciatur.
3421 3570 3541 3638 ipso

1954 3654 2105 3713 clavo
2133 3660 2424 3716 transﬁxus
2456 3662 2541 3716 eat
2565 3659 2653 3730 qui
2684 3659 2933 3714 dicebat:
2964 3657 3097 3714 Mihi
3123 3657 3284 3714 vivere
3307 3658 3540 3716 Christus

1954 3760 2048 3816 est,
2074 3760 2122 3805 et
2150 3753 2279 3805 mori
2307 3753 2507 3806 lucrum
2533 3750 2755 3823 (Philip.
2783 3767 2821 3819 l,
2849 3751 2963 3820 Ἡ).
2987 3749 3107 3820 Ipsa
3127 3752 3540 3822 computictioue

1956 3839 2158 3894 furatus
2181 3845 2264 3896 est
2292 3841 2383 3910 qui
2413 3840 2604 3896 orabat.
2630 3859 2643 3894 :
2677 3840 2829 3895 Nunt:
2851 3837 3049 3894 dimitte
3085 3844 3285 3896 servum
3309 3844 3455 3894 tuum
3484 3840 3540 3894 in

1957 3931 2095 4000 pace,
2131 3933 2251 4002 quia
2275 3933 2512 3988 viderunt
2541 3934 2676 3988 oculi
2702 3933 2800 3987 n'iei
2841 3927 3071 3987 salutare
3107 3937 3246 3986 tuttm
3290 3930 3443 4002 (Luc.
3474 3949 3536 4001 tt,

1954 4026 2072 4093 2-3).
2100 4022 2181 4078 Ad
2211 4027 2542 4095 poStr'emtim
2571 4026 2623 4079 iii
2651 4023 2889 4080 Cantlcis
2919 4021 3255 4080 canticorum
3300 4025 3539 4082 Ecclesia

1956 4116 2234 4185 profitetur
2266 4132 2281 4170 :
2334 4115 2614 4170 Vulnerata
2639 4115 2886 4170 eharitate
2914 4131 3006 4187 ego
3033 4112 3148 4168 sunt
3177 4115 3348 4185 (Cant.
3373 4131 3432 4181 ll,
3458 4117 3538 4187 5).

1956 4207 2159 4279 Cbn/igi
2187 4222 2315 4277 ergo
2338 4221 2397 4262 se
2427 4203 2607 4261 timore
2630 4206 2838 4261 Domini
2858 4217 3075 4262 sanctus
3098 4210 3324 4277 populus
3347 4205 3542 4278 ἀέρι-δέ

1955 4311 2128 4368 catur,
2151 4309 2208 4356 ut
2253 4299 2532 4356 moriendo
2559 4300 2723 4365 vivat,
2767 4299 2856 4369 qui
2903 4299 3051 4369 prius
3091 4290 3321 4354 vivendo
3346 4293 3518 4357 morib'

1957 4395 2130 4450 batur.
2220 4461 2231 4478 __
2956 4456 2975 4478 ,Α
3103 4476 3107 4478 _
3180 4468 3182 4472 τ
3409 4459 3477 4478 ,ί

2026 4483 2192 4556 418
2212 4473 2365 4540 Vers.
2402 4483 2526 4540 121.
2549 4490 2619 4524 -‘-'-
2643 4478 2752 4539 xvi.
2787 4480 2906 4538 Ain.
2940 4468 3346 4553 Fecijudiirium
3371 4468 3417 4535 et
3449 4472 3542 4553 1'5;

268 4570 462 4622 verum
493 4580 593 4636 est,
629 4575 877 4642 quoniam
899 4577 966 4629 ab
991 4583 1094 4632 uno’
1119 4575 1352 4635 veritatis
1383 4581 1528 4636 foilte
1553 4575 1850 4642 descendit.

1957 4579 2150 4631 stuiam
2171 4592 2192 4630 :
2219 4592 2281 4630 ne
2310 4576 2489 4630 tradas
2534 4593 2612 4630 me
2638 4574 3048 4646 persequentibus
3075 4585 3174 4628 me.
3221 4560 3304 4628 Ad
3335 4569 3540 4630 sextarii

269 4659 401 4714 Sine
430 4663 537 4733 lege
559 4659 812 4732 peribunt,
856 4667 923 4722 de
955 4665 1042 4722 illa
1078 4677 1279 4726 tantum
1309 4672 1692 4730 eonStitutione
1727 4669 1858 4732 dicit

270 4749 582 4837 (\postolus,
609 4769 727 4822 qua:
754 4755 945 4810 tabulis
974 4758 1197 4828 lapideis
1239 4762 1291 4815 in
1323 4773 1505 4819 monte
1532 4763 1661 4820 Sina
1689 4766 1856 4837 digito

269 4829 484 4896 Domini
534 4846 790 4912 probatur
829 4846 1082 4918 ascripta.
1129 4852 1260 4905 Nam
1291 4860 1345 4907 et
1375 4854 1492 4910 alia:
1539 4855 1683 4925 leges
1710 4829 1852 4921 sunt,

270 4934 371 5003 per
400 4949 530 5004 quas
561 4939 738 5005 populi
765 4939 958 4994 divinte
978 4926 1259 4998 sententia:
1285 4941 1668 5015 snbjacebttnt;
1699 4957 1755 5002 ut
1775 4957 1858 5004 est

268 5022 363 5079 illa
389 5027 756 5094 prmvaricatio
787 5031 938 5097 Adte,
971 5031 1038 5087 de
1068 5037 1170 5102 qua
1210 5035 1313 5090 n'isi
1353 5035 1550 5092 Christi
1594 5039 1856 5096 beneﬁcio

267 5115 554 5183 liberetur,
584 5119 871 5176 humanum
901 5125 1067 5194 genus
1096 5128 1306 5180 censui
1332 5131 1452 5183 eSSe
1484 5128 1856 5198 judicandt'im.

266 5209 721 5280 Constringttnlur
763 5217 922 5270 etiam
958 5217 1143 5286 gentes
1190 5234 1285 5287 per
1325 5219 1620 5277 naturalem
1661 5223 1856 5294 legent,

268 5305 342 5355 ne
366 5301 560 5357 faciant
579 5303 731 5360 alteri
761 5308 900 5376 quod
927 5308 1114 5363 nolunt
1144 5304 1258 5364 fieri
1287 5309 1417 5377 sibi;
1441 5311 1578 5368 unde
1607 5312 1745 5369 idem
1773 5314 1857 5370 di-

267 5397 349 5452 cu
377 5398 664 5466 ApOStqus
694 5417 704 5450 :
736 5398 918 5454 Gentes
947 5416 1060 5469 qua:
1082 5400 1240 5470 legem
1277 5418 1380 5456 non
1409 5402 1612 5470 habent,
1645 5404 1850 5460 natura-

270 5494 390 5547 liter
417 5511 533 5561 qua:
560 5495 685 5565 legis
711 5505 828 5549 sunt
853 5493 1047 5567 faciunt
1073 5495 1245 5563 (Rom.
1278 5505 1334 5563 tl,
1366 5483 1481 5568 illi).
1538 5497 1700 5554 Vides
1729 5499 1856 5568 ergo

270 5585 466 5639 merito
494 5586 580 5640 hic
599 5585 799 5640 dictum
833 5589 1243 5653 praevaricatores
1274 5589 1446 5642 omnes
1474 5603 1617 5658 esse,
1641 5589 1729 5657 qui
1762 5605 1857 5656 po-

269 5677 493 5731 tuerunt
541 5678 720 5747 aliquo
747 5683 932 5732 erro're
978 5678 1312 5749 delinquere.
1358 5679 1487 5733 Nam
1535 5679 1647 5733 sive
1687 5689 1856 5732 ιτεωη-

271 5770 470 5833 grossae
499 5768 728 5836 primum
763 5769 913 5837 legis;
945 5769 1058 5824 sive
1082 5773 1201 5837 quin
1233 5786 1329 5838 per
1355 5763 1570 5838 Μοῇςση
1599 5770 1719 5823 data
1754 5769 1856 5834 est;

1959 4669 2222 4724 decimam
2258 4667 2491 4724 litteram
2530 4668 2584 4724 in
2615 4669 2877 4724 mtern'um
2933 4668 3173 4722 membra
3205 4666 3420 4722 Domini
3459 4665 3546 4722 vici

1960 4762 2140 4816 ventia
2190 4759 2568 4830 pervenerunt,
2599 4762 2653 4816 in
2697 4777 2800 4831 qua
2832 4775 2936 4816 una
2964 4765 3096 4816 voce
3139 4760 3327 4831 p'etuut
3368 4759 3542 4817 εδει-τὲ

1962 4854 2348 4911 incarnationis
2375 4855 2683 4921 adventum,
2719 4854 2929 4925 tempus
2956 4871 3076 4912 esse
3106 4850 3357 4921 dicentia,"
3390 4865 3449 4910 ut
3476 4857 3543 4912 ad

1959 4948 2253 5004 deetrucnd
2263 4946 2323 5004 os
2339 4950 2603 5019 superbos
2618 4947 2794 5005 divina
2819 4941 3052 5021 potentia
3071 4946 3343 5007 debuisset
3362 4962 3544 5007 osten-

1959 5038 2034 5093 di.
2071 5039 2416 5096 Intendamus
2441 5033 2623 5110 itaque
2649 5042 2810 5096 verba
2849 5036 2968 5111 qua
3008 5039 3149 5094 dicta
3183 5033 3331 5110 sntit,
3362 5035 3422 5096 tu
3455 5043 3544 5096 ar-

1960 5133 2255 5201 rOgantiam
2285 5135 2486 5190 sanctis
2514 5131 2756 5189 odiosam
2788 5127 2928 5188 nulla
2961 5131 3130 5203 possit
3168 5124 3405 5205 cogitare
3429 5151 3545 5204 per-

1959 5223 2210 5279 versitas.
2259 5223 2412 5281 Facit
2446 5226 2705 5297 judicium
2733 5222 2976 5295 quisquis
3009 5221 3218 5296 iudicat
3244 5238 3432 5283 contra
3463 5241 3544 5292 se,

1958 5321 2017 5372 et
2043 5317 2333 5387 pravitates
2377 5322 2500 5373 suas
2539 5327 2663 5374 ante
2694 5320 2918 5374 examen
2965 5307 3175 5375 Domini
3217 5317 3359 5389 iusta
3389 5316 3542 5377 exsc-

1963 5407 2206 5465 cratione
2232 5407 2573 5465 condemnat.
2626 5407 2734 5463 Sed
2784 5413 2852 5464 ne
2880 5408 2981 5464 hec
2999 5409 3258 5480 judicium
3295 5396 3544 5464 adulato-

1964 5497 2102 5555 rit‘tm
2130 5498 2299 5569 magis
2335 5509 2553 5568 putares
2596 5513 2716 5553 esse
2767 5514 2925 5568 quam
2971 5499 3191 5570 veriim,
3241 5486 3465 5567 addidit,
3499 5487 3545 5556 cl

1957 5590 2247 5660 justitiam,
2305 5587 2554 5657 quoniam
2603 5595 2697 5657 per
2739 5589 3002 5658 justitiam
3059 5592 3156 5647 nos
3219 5590 3544 5660 iudicamus;

1964 5685 2179 5750 quunlu
2210 5683 2524 5737 delictorum
2559 5691 2863 5737 nostrorum
2893 5682 3131 5740 vindices
3160 5697 3368 5739 sumus.
3423 5679 3546 5753 Ipsi

1964 5774 2044 5826 est
2078 5767 2205 5836 prgin
2234 5769 2458 5839 .ir‘quitas
2479 5773 2599 5839 qua:
2629 5789 2725 5827 nos
2756 5774 2982 5830 alisalvit
3009 5790 3042 5829 a
3058 5787 3219 5839 pinna
3245 5792 3257 5830 :
3288 5770 3401 5837 ipsa
3421 5758 3542 5833 (1αέ
