4090 6346
522 235 623 290 379

1718 231 1784 285 Μ.
1828 232 2105 288 Milli-ll.”
2156 234 2549 290 CASélUDUiiI

3691 250 3795 313 8£0

512 343 711 409 liberat
748 367 777 408 a
806 362 978 421 reatu,
1014 355 1057 409 si
1085 357 1446 428 nosmetipsos
1476 356 1850 427 cognoscimus
1879 358 2103 415 sccleri-
2133 360 2352 431 Alniam
2383 374 2539 431 supra
2574 360 2716 429 i|~SOS
2745 362 2913 430 magis
2941 363 3197 431 atrociter
3218 365 3470 436 satviunt,
3519 384 3654 440 quos
3695 375 3794 430 mi-

507 443 619 499 -isus
645 443 933 500 involutos.
966 446 1031 500 Et
1055 447 1305 516 quoniam
1339 455 1550 516 peracta
1574 448 1751 503 fuerat
1773 449 1986 504 devota:
2014 460 2100 504 sa-

502 536 841 593 tisfactionis
871 539 1171 610 integritas,
1207 541 1340 608 petit
1369 539 1529 595 modo
1554 556 1621 596 ne
1649 541 1888 597 tradatur
1911 556 2098 613 pecca-

506 630 744 695 toribus,
778 631 864 700 qui
910 638 1125 699 peccata
1158 630 1450 688 damnavit.
1497 633 1610 690 Hoc
1646 644 1732 689 est
1775 636 1917 690 enim
1959 634 2102 704 quod

515 724 761 794 superius
804 722 1127 792 postulavit:
1164 722 1332 792 Inlige
1381 726 1561 780 timore
1595 735 1685 780 tuo
1720 740 1898 781 carnes
1940 742 2100 792 meas,

502 826 572 872 ἰιι
598 831 686 873 res
720 817 878 870 noxia
907 816 1099 870 anima:
1144 816 1349 886 judicio
1389 817 1730 882 subderetur,
1774 828 1830 873 et
1870 819 2104 875 serviret

502 910 689 975 potius
718 907 882 962 allisa
911 922 1030 979 qua:
1074 908 1321 965 lascivire
1362 918 1570 980 poterat
1600 910 1879 966 ell’renata.
1919 911 2102 965 Perse-

504 1010 721 1072 quentes
748 1002 892 1055 vero
930 1010 1056 1054 sunt
1102 1000 1347 1057 diabolus
1389 1016 1509 1057 cum
1554 1001 1837 1070 ministris,
1873 1002 1963 1071 qui
2003 1017 2100 1057 nos

502 1094 781 1150 indeiecta
812 1094 1013 1149 malitia
1047 1103 1457 1165 persequuntur,
1486 1103 1540 1150 et
1583 1094 1805 1149 traditos
1847 1094 1949 1149 sibi
1974 1104 2100 1149 ἐι-ιι-

515 1187 620 1244 deli
673 1187 996 1243 laceratione
1042 1186 1374 1256 discerpunt.
1419 1186 1931 1242 Meminimus‘enim
1977 1201 2101 1257 quze

501 1279 797 1350 pertulerit
823 1278 925 1335 Job
948 1278 1036 1334 ille
1064 1279 1455 1343 sanctissimus,
1488 1277 1703 1348 quantis
1732 1276 1974 1333 cladibus
2005 1292 2099 1346 pa-

510 1372 710 1428 tienter
739 1370 1027 1440 subiacuit,
1068 1370 1200 1442 quia
1224 1371 1340 1427 illis
1371 1386 1430 1425 se
1470 1370 1720 1426 traditum
1750 1382 1872 1424 esse
1903 1378 2101 1438 cogno-

512 1464 606 1518 vit.
638 1462 850 1520 Scimus
890 1462 1050 1517 etiam
1084 1470 1281 1532 quanta
1329 1461 1531 1532 loseplt
1580 1474 1770 1531 passus
1800 1459 1978 1525 fuerit,
2014 1460 2098 1515 vel

504 1556 778 1621 Susanna,
830 1553 959 1607 dum
1010 1552 1189 1607 traditi
1241 1551 1439 1608 fuerint
1494 1551 1740 1606 manibus
1788 1550 2095 1620 impiorum.

510 1646 648 1702 llinc
677 1646 838 1701 etiam
868 1644 1108 1717 quotidie
1135 1659 1384 1715 rogamus
1415 1643 1671 1699 admoniti
1704 1662 1717 1696 :
1774 1641 1856 1696 Nc
1881 1643 2098 1695 inducas

2207 455 2349 508 nime
2377 455 2637 509 seducere
2663 456 2967 516 valuerunt.

2282 544 2432 599 Vcrs.
2466 545 2586 600 ηδ.
2623 546 2773 601 Oculi
2802 550 2900 601 mei
2927 549 3221 621 defecerunt
3264 552 3319 604 in
3358 555 3614 623 salutare,
3647 568 3793 615 tuum

2207 642 2255 687 ct
2276 634 2325 688 in
2357 633 2611 703 eloquium
2634 637 2855 705 justitiae
2880 647 2999 694 tute.
3028 641 3241 700 Movere
3271 647 3481 717 aliquos
3512 651 3672 718 solet,
3699 670 3794 711 cur

2207 724 2394 792 plurali
2426 741 2648 782 numero
2678 731 2915 797 posuerit
2940 734 3132 800 oculos,
3169 749 3288 791 cum
3334 739 3405 794 sit
3448 756 3586 798 unus
3614 747 3792 802 cordis

2205 828 2482 889 aspectus;
2515 834 2614 878 nec
2644 830 2820 891 p0test
2852 823 2952 879 hoc
2980 824 3046 879 ad
3078 826 3210 883 istos
3234 832 3418 886 oculos
3438 837 3686 892 carnales
3711 854 3792 894 re-

2206 909 2352 977 ferri,
2384 913 2473 983 qui
2506 914 2558 969 in
2583 915 2674 970 illa
2699 916 3084 987 longinquitate
3123 924 3383 991 temporis
3412 922 3540 980 nihil
3567 928 3673 983 tale
3701 946 3790 999 po-

2208 1011 2424 1058 tuerunt
2449 1004 2665 1061 intueri.
2691 1006 2797 1061 Sed
2825 1009 3075 1078 quoniam
3100 1009 3297 1067 cobors
3323 1024 3505 1069 saneta
3531 1017 3789 1085 loquitur,

2198 1096 2362 1161 quam
2393 1107 2514 1149 esse
2544 1102 2756 1150 constat
2791 1097 3104 1166 Ecclesiam,
3150 1104 3343 1158 merito
3390 1107 3668 1175 pluraliter
3710 1113 3789 1167 di-

2202 1181 2316 1237 cit:
2349 1181 2501 1237 Oculi
2531 1187 2656 1251 mei,
2694 1187 2831 1241 sicut
2872 1198 2926 1244 et
2955 1189 3079 1244 alibi
3109 1191 3177 1247 de
3206 1193 3317 1261 ipsa
3350 1194 3542 1265 legitur
3573 1217 3587 1252 :
3639 1202 3789 1256 Oculi

2203 1273 2281 1326 tui
2305 1274 2436 1327 sicut
2456 1276 2703 1331 columba:
2734 1290 2891 1348 super
2923 1280 3288 1336 abundantiam
3328 1296 3577 1351 aquarum
3612 1291 3785 1362 (Cat-tt.

2203 1378 2255 1427 ν,
2287 1364 2415 1433 12);
2447 1375 2501 1419 ει
2542 1365 2668 1422 alibi
2697 1385 2711 1422 :
2764 1366 2911 1423 Oculi
2939 1373 3013 1425 lui
3042 1373 3172 1426 sicut
3200 1370 3447 1431 columine
3483 1390 3623 1433 extra
3657 1388 3783 1437 taci-

2205 1453 2501 1509 turnitatem
2530 1466 2676 1510 tuam
2706 1455 2883 1529 (Cant.
2916 1475 2984 1527 tv,
3018 1463 3093 1531 l).
3140 1464 3275 1519 Istus
3302 1481 3430 1537 ergo
3457 1468 3581 1525 dicit
3605 1472 3781 1529 oculos

2202 1545 2255 1598 in
2285 1546 2512 1600 salutare
2544 1547 2752 1603 Domini
2784 1551 3047 1621 defecisse,
3076 1566 3294 1624 propter
3332 1568 3572 1615 sanctum
3611 1563 3787 1618 incar-

2205 1636 2434 1693 nationis
2461 1637 2771 1705 adventum,
2806 1656 2965 1713 quem
2998 1653 3145 1701 tanto
3164 1647 3437 1706 desiderio
3463 1654 3783 1722 sustinebat,

511 1751 602 1790 nos
627 1735 683 1790 in
711 1734 1041 1789 tentationem
1069 1733 1286 1805 (Matth.
1316 1749 1390 1801 vr,
1420 1732 1528 1804 15).
1559 1731 1866 1787 Traduntur
1885 1746 2096 1801 quoque
2131 1742 2170 1798 ιι
2200 1736 2259 1783 ιιι
2286 1731 2483 1786 nullam
2516 1735 2754 1804 requiem
2790 1738 3052 1805 potuisset
3081 1741 3383 1799 admittere.
3412 1744 3564 1803 Unde
3592 1751 3787 1805 merito

512 1836 848 1899 peccatores,
875 1837 936 1883 ut
981 1826 1140 1898 digna
1189 1826 1494 1882 commissis
1541 1823 1747 1895 ﬂagella
1796 1824 2095 1893 patiantur,

511 1919 649 1975 sicut
676 1920 962 1991 Apostolus
989 1918 1058 1976 de
1086 1918 1266 1988 impiis
1292 1917 1425 1973 dicit
1455 1933 1469 1971 :
1500 1915 1742 1971 Tradidit
1765 1930 1853 1970 eos
1880 1914 2012 1969 Deus
2042 1915 2098 1970 in

500 2013 786 2081 reprobum
805 2028 1029 2080 settsum,
1056 2019 1109 2065 ut
1134 2012 1327 2082 [acTant
1345 2024 1457 2078 qua:
1477 2023 1581 2062 non
1598 2008 1900 2062 conveniunt
1915 2007 1933 2076 (
1946 2007 2094 2062 Rom.

514 2119 551 2171 t,
578 2104 690 2177 ΞΒ).
722 2105 785 2160 Ει
812 2105 936 2160 alibi
967 2103 1035 2160 de
1066 2101 1436 2173 peccatoribus
1456 2102 1537 2155 ait
1564 2118 1576 2153 :
1614 2100 1755 2167 Quos
1782 2098 1972 2152 tradidi
1995 2099 2094 2154 Sa-

510 2207 687 2265 tanas,
726 2206 790 2251 ut
848 2197 1047 2252 discant
1102 2212 1204 2250 non
1254 2194 1605 2265 blasphemare
1646 2191 1700 2264 (Ι
1723 2191 1862 2246 Tim.
1904 2207 1943 2261 ι,
1975 2191 2091 2260 ‘20).

502 2290 653 2345 ‘Pctit
682 2301 812 2358 ergo
860 2287 1086 2358 populus
1116 2294 1354 2351 sanctus,
1383 2301 1450 2342 ne
1475 2285 1714 2339 tradatur
1752 2282 2097 2355 persequenti-

502 2383 600 2435 m
630 2394 712 2445 se,
742 2379 935 2448 quibus
987 2378 1109 2434 ideo
1137 2377 1361 2447 spiritus
1393 2376 1763 2432 irascebantur
1800 2374 2090 2441 immundi,

511 2471 629 2540 quia
661 2470 917 2524 videbant
946 2469 1014 2523 ab
1040 2467 1120 2524 eis
1150 2480 1275 2523 suas
1305 2466 1664 2522 im'missiones
1696 2464 2095 2534 iustigationes~

502 2578 610 2631 que
646 2562 910 2617 damnari.
942 2560 1052 2616 lloc
1091 2567 1174 2616 est
1200 2558 1382 2615 odium
1430 2557 1572 2628 quod
1615 2556 1813 2612 Christi
1857 2563 2095 2611 meretur

516 2658 790 2721 ilicetum;
823 2656 891 2710 ab
920 2655 1010 2710 illo
1045 2654 1187 2710 enim
1241 2654 1409 2710 amari
1458 2668 1563 2710 non
1594 2660 1771 2723 potest
1803 2654 1944 2723 quis,
1991 2650 2091 2707 nisi

516 2751 572 2805 ιι)
596 2754 713 2820 ejus
737 2747 1122 2804 inimicissimis
1152 2748 1456 2804 horreatur.

578 2840 732 2896 Vers.
762 2840 883 2894 ηε.
914 2838 1132 2910 Suscipe
1158 2850 1360 2893 servum
1388 2846 1533 2892 tuum
1585 2838 1639 2892 in
1690 2838 1877 2892 bonum
1921 2853 1940 2891 :
1990 2854 2093 2893 non

506 2932 885 2988 tolumnicutur
916 2947 994 2985 me
1021 2931 1247 3002 superbi.
1295 2929 1533 3000 Suscipe,
1568 2929 1837 2986 diabolica
1871 2930 2091 2985 brachio

508 3024 765 3096 ‘mpulsus
793 3023 1007 3079 videtur
1050 3014 1273 3091 dixisse,
1307 3038 1375 3078 ne
1421 3030 1661 3078 corruat.
1704 3022 1915 3077 Domini
1945 3023 2088 3077 enim

2201 1823 2405 1892 defecit,
2449 1825 2569 1894 quia
2598 1826 2797 1883 nullum
2832 1838 3042 1900 tempus
3086 1834 3380 1891 vacationis
3407 1838 3637 1907 accepit.
3685 1839 3787 1905 Sa-

2200 1911 2364 1966 lutare
2392 1914 2535 1969 enim
2565 1915 2831 1987 signiﬁcat
2867 1921 3147 1979 Dominum
3196 1925 3551 1995 Salvatorem,
3583 1931 3652 1987 de
3679 1948 3787 2004 quo

2200 2007 2457 2077 scriptum
2486 2020 2567 2066 est
2592 2028 2606 2066 :
2638 2012 2852 2067 Salvum
2880 2015 2967 2083 [ac
2993 2020 3243 2088 populum
3272 2029 3436 2085 tuum,
3478 2020 3716 2093 Domine,
3737 2035 3786 2081 et

2202 2101 2415 2154 bcnerlic
2438 2101 2784 2159 hereditatem
2829 2116 2966 2162 tuam
2994 2108 3163 2178 (Psal.
3189 2127 3351 2178 xxvtt,
3385 2114 3464 2185 9).
3507 2114 3783 2186 Sequitur,

2198 2193 2321 2247 etin
2347 2196 2605 2265 clcqttium
2632 2198 2854 2267 justitia:
2895 2209 3017 2267 tute,
3049 2203 3100 2256 id
3129 2212 3213 2257 est
3238 2209 3550 2277 evangelica
3595 2214 3779 2280 verba,

2197 2298 2316 2353 qua:
2344 2284 2587 2342 dicturus
2616 2297 2732 2344 erat
2762 2292 2961 2359 populo
2997 2293 3293 2351 credituro.

2272 2375 2423 2431 νει-ε.
2456 2377 2579 2433 121.
2613 2375 2725 2433 Fac
2751 2395 2866 2434 cum
2887 2394 3029 2437 servo
3057 2392 3143 2438 tuo
3170 2388 3450 2443 secundum
3488 2390 3782 2446 misericor-

2197 2466 2333 2520 diam
2355 2478 2515 2534 tuam,
2541 2478 2587 2524 et
2608 2471 3008 2541 justiﬁcationes
3036 2483 3148 2531 tuas
3173 2478 3299 2533 doce
3327 2494 3427 2535 me.
3470 2480 3524 2535 In
3549 2484 3780 2542 assiduis

2196 2557 2445 2625 precibus
2488 2571 2838 2629 perseverat,
2882 2565 3004 2634 quia
3050 2568 3263 2636 petendi
3311 2586 3580 2643 nunquam
3624 2576 3783 2633 debet

2195 2662 2316 2703 esse
2343 2647 2637 2716 fastidium,
2672 2653 2758 2709 ubi
2789 2654 3005 2725 largitas
3029 2656 3307 2717 donatoris
3330 2678 3437 2717 non
3471 2675 3648 2733 potest
3690 2668 3781 2727 ba-

2195 2739 2326 2795 bere
2353 2740 2639 2797 delectum.
2679 2744 2884 2800 inﬁnita
2917 2750 3086 2815 petiit,
3117 2750 3207 2819 qui
3236 2751 3337 2808 sibi
3383 2754 3521 2810 bona
3550 2758 3666 2814 ﬁeri
3696 2775 3780 2815 se-

2196 2832 2423 2886 cundum
2452 2834 2861 2889 miscricordiam
2893 2837 3100 2895 Domini
3131 2844 3437 2911 postulavit.
3471 2846 3601 2901 Nam
3643 2850 3785 2904 sicut

2195 2923 2506 2979 illa-aeterna
2529 2932 2631 2989 Bal,
2655 2927 2734 2981 sic
2763 2925 2881 2996 ejus
2909 2943 3131 2987 munera
3164 2934 3456 3003 probantur
3483 2952 3604 2993 esse
3646 2954 3772 3009 per-

2195 3023 2371 3085 petua.
2406 3015 2550 3071 Bene
2579 3015 2807 3083 addidit,
2839 3034 2985 3075 serto
3011 3009 3135 3087 'tuo,
3164 3024 3286 3093 quia
3314 3024 3491 3081 statim
3534 3039 3775 3097 corruet,

512 3115 874 3174 misericordia
906 3116 1249 3186 suscipiu-ur,
1274 3115 1488 3186 quando
1514 3122 1854 3185 peccatorum
1878 3124 2091 3169 nostro.
2119 3110 2162 3172 c
2195 3104 2288 3174 qui
2320 3106 2537 3161 alterius
2567 3121 2687 3163 esse
2713 3108 2961 3165 voluerit.
3002 3109 3405 3183 Justiﬁcationes
3452 3133 3581 3175 vero
3628 3135 3779 3178 more

513 3226 624 3267 rum
642 3209 1025 3281 .compulsione
1048 3208 1396 3277 percutimur.
1420 3206 1558 3278 Apte
1589 3206 1731 3262 enim
1750 3203 1950 3259 dictum
1972 3211 2083 3259 est:

511 3300 758 3368 Domine,
789 3302 844 3355 in
873 3299 1072 3355 bonum
1100 3300 1325 3366 suscipe,
1356 3298 1477 3367 quia
1510 3298 1564 3352 in
1588 3297 1785 3351 malum
1812 3310 1871 3351 se
1900 3294 2090 3351 adver-

518 3406 622 3447 tam
652 3400 860 3461 partem
888 3398 1115 3446 noverat
1144 3389 1444 3458 impulisse.
1475 3388 1665 3444 Servus
1687 3396 1865 3442 autem
1900 3386 2091 3441 libera-

514 3485 677 3541 tionis
700 3482 953 3540 indicium
985 3492 1088 3539 est.
1121 3482 1314 3539 Servus
1335 3481 1476 3537 enim
1510 3495 1541 3536 a
1582 3481 1849 3537 servando
1873 3480 2089 3548 dicitur,

514 3577 652 3647 quod
681 3591 803 3633 eum
829 3583 1045 3643 captum
1074 3574 1143 3630 ab
1182 3573 1482 3629 imminenti
1519 3572 1736 3630 interitu
1774 3572 1978 3628 domini
2008 3574 2093 3629 sui

516 3685 704 3726 manus
726 3670 975 3726 miserata
1004 3670 1317 3725 servaverit.
1352 3668 1443 3725 Sic
1479 3676 1534 3725 et
1554 3668 1656 3725 iste
1679 3668 1870 3723 merito
1900 3682 1959 3723 se
1987 3683 2094 3722 ser-

518 3772 626 3815 3am
652 3760 802 3828 dicit,
832 3758 921 3831 qui
950 3759 1126 3815 fuerat
1152 3760 1221 3816 ab
1246 3759 1439 3815 anima:
1469 3758 1786 3829 deceptione
1812 3758 2089 3815 liberatus.

516 3853 853 3923 Quapropter
880 3851 977 3907 hic
1009 3868 1182 3907 servus
1227 3860 1282 3908 et
1326 3850 1657 3907 liberationis
1702 3850 1967 3921 professio
1996 3864 2093 3905 co-

515 3946 789 4015 gnoscitur
817 3951 871 3999 ct
896 3942 1139 3998 honoris.
1184 3942 1331 3997 Illius
1361 3942 1505 3999 enim
1532 3956 1637 3997 non
1661 3951 1740 3997 est
1767 3954 1962 4010 servus,
1991 3940 2095 3997 nisi

517 4035 601 4106 qui
628 4042 934 4090 sanctorum
962 4032 1371 4090 luerit‘cmtibus
1393 4041 1729 4104 aggregatus.
1756 4029 2093 4085 Calumniari.

516 4140 600 4184 tur
629 4137 805 4185 autem
853 4126 1079 4197 superbi,
1130 4125 1344 4196 quando
1399 4126 1682 4181 baareticas
1710 4123 2095 4179 contentiones

518 4220 750 4276 violento
778 4217 1015 4288 pondere
1038 4214 1290 4269 falsitatis
1318 4213 1615 4281 objiciunt,
1648 4220 1708 4268 ut
1747 4213 1939 4269 merito
1966 4227 2026 4268 se
2065 4225 2097 4266 a

519 4313 749 4369 Domino
780 4311 1101 4379 deprecatus
1129 4307 1289 4363 fuerit
1312 4308 1533 4378 suscipi,
1574 4321 1642 4361 ne
1670 4321 1857 4362 eorum
1901 4306 2099 4377 potuis-

520 4413 595 4460 set
624 4400 970 4457 altercatione
1019 4398 1302 4467 proSterni.
1330 4398 1454 4457 Sive
1498 4397 1599 4452 hoc
1628 4399 1794 4468 magis
1832 4397 1899 4453 de
1936 4398 2097 4467 spiri-

2197 3210 2297 3251 suo
2326 3196 2468 3266 ipsas
2506 3212 2724 3267 semper
2775 3201 2926 3269 petit,
2971 3217 3103 3272 quas
3143 3205 3251 3274 jam
3281 3204 3507 3263 devotus
3548 3213 3774 3283 accepit.

2198 3284 2346 3341 lianc
2372 3287 2517 3343 enim
2542 3288 2912 3346 assiduitatem
2943 3301 2998 3347 et
3036 3292 3209 3349 oratio
3238 3294 3506 3352 dominica
3537 3300 3779 3369 designat

2197 3393 2315 3450 quas
2338 3379 2469 3436 dicit
2493 3398 2506 3433 :
2539 3379 2733 3435 Panem
2757 3393 2983 3438 nostrum
3006 3385 3363 3455 quotidianum
3402 3391 3470 3445 da
3500 3394 3648 3449 nobis
3690 3393 3780 3449 hos

2198 3472 2281 3526 die
2306 3471 2459 3544 (Luc.
2489 3487 2563 3539 ιι,
2585 3473 2667 3543 5).
2698 3472 2907 3531 iustum
2934 3485 3017 3533 est
3042 3478 3207 3544 enim,
3235 3490 3294 3536 ut
3318 3480 3517 3552 iugiter
3542 3496 3776 3556 rogetur,

2197 3562 2291 3632 qui
2338 3563 2386 3619 si
2430 3578 2535 3619 non
2564 3571 2775 3634 petatur
2817 3566 3123 3626 offenditur.
3158 3571 3227 3627 Et
3263 3575 3488 3642 respice,
3533 3590 3623 3632 res
3668 3579 3780 3649 iste

2197 3656 2341 3727 quali
2374 3658 2658 3714 verborum
2706 3663 3034 3730 proprietate
3065 3665 3331 3722 distinctm
3372 3679 3516 3725 sunt.
3577 3671 3778 3729 Miseri-

2198 3748 2430 3803 cordiam
2469 3764 2628 3819 supra
2683 3765 2744 3807 se
2789 3753 2903 3822 fieri
2950 3757 3135 3824 petiit:
3173 3759 3572 3828 justiﬁcationes
3600 3774 3779 3833 autern

2199 3838 2371 3894 doceri
2400 3854 2461 3896 se
2485 3841 2801 3910 suppliciter
2828 3847 3134 3913 postulavit.

2274 3927 2424 3984 Vers.
2458 3928 2580 3984 125.
2598 3930 2793 3986 Servus
2816 3944 2933 3987 tuus
2955 3952 3068 3989 sum
3096 3954 3207 4009 ego,
3231 3940 3299 3993 da
3320 3941 3443 3994 milii
3464 3940 3773 4007 intellectum

2199 4018 2366 4091 419
2392 4029 2448 4074 ut
2471 4021 2630 4075 sciam
2657 4024 2944 4078 testimonia
2970 4034 3080 4082 tua.
3102 4027 3355 4094 Quamvis
3379 4031 3619 4087 universa
3654 4047 3776 4104 quas

2201 4113 2492 4183 expediunt
2531 4115 2797 4172 continuis
2826 4117 3075 4186 precibus
3110 4122 3221 4175 sint
3264 4135 3295 4177 a
3327 4122 3550 4179 Domino
3583 4141 3654 4195 po
3687 4136 3774 4180 tuo

2203 4206 2383 4275 lsnda,
2415 4207 2649 4263 maxime
2694 4217 2873 4265 tamen
2907 4210 3205 4268 divinarum
3254 4214 3645 4285 Scripturarum
3696 4219 3775 4272 iu-

2203 4300 2450 4356 tellectus
2494 4299 2695 4371 jugiter
2741 4303 3069 4371 expetendus
3117 4310 3232 4371 est;
3266 4308 3354 4377 qui
3405 4320 3607 4379 quanto
3663 4313 3778 4381 plus

2202 4390 2514 4462 percipitur,
2547 4400 2694 4447 tanto
2715 4393 2934 4449 suavior
2961 4396 3159 4452 sanctis
3190 4399 3455 4454 mentibus
3488 4401 3777 4458 inven'tur.

516 4493 654 4551 tibus
698 4490 986 4547 immundis
1031 4490 1224 4543 melius
1253 4488 1470 4554 dicitur,
1514 4488 1606 4553 qui
1651 4489 1805 4545 nobis
1856 4489 2100 4559 improbe
2130 4487 2177 4547 D
2204 4484 2313 4541 Sed
2358 4485 2481 4555 quia
2523 4488 2669 4541 nevit
2717 4486 3143 4557 omnipotentem
3198 4490 3482 4547 Dominum
3523 4493 3781 4565 subjectis

516 4582 925 4646 calumniantur;
942 4588 993 4635 et
1011 4592 1131 4635 cum
1154 4578 1255 4647 ipsi
1279 4578 1386 4633 sint
1407 4578 1638 4635 maxime
1664 4587 1967 4635 nostrorum
1984 4581 2098 4635 cri-

518 4675 721 4731 minam
748 4673 846 4737 rei,
876 4670 1064 4726 nolunt
1092 4684 1193 4728 nos
1220 4684 1476 4727 concessa
1516 4673 1672 4730 venia
1698 4671 1940 4739 liberari;
1975 4687 2097 4727 nam

512 4781 637 4824 eum
669 4767 771 4838 ipsi
821 4765 1111 4833 decipiant,
1144 4764 1243 4835 ipsi
1286 4780 1384 4821 nos
1424 4780 1636 4838 semper
1676 4776 1949 4822 accusant.
1995 4766 2100 4823 Sed

517 4858 642 4927 quid
675 4859 867 4912 mirum
897 4856 944 4912 si
984 4856 1353 4927 peccatoribus
1381 4855 1741 4921 calumnietur,
1770 4857 1860 4927 qui
1882 4857 2100 4913 Christo

519 4948 745 5005 Domino
769 4949 950 5005 dicere
970 4947 1232 5007 tentavit:
1265 4946 1455 5001 Omnia
1476 4946 1583 5001 Ita’c
1604 4948 1697 5002 tibi
1717 4948 1867 5014 dabo,
1899 4949 1944 5002 si
1981 4965 2102 5017 pro-

516 5039 690 5095 cidcns
715 5040 1004 5094 adoraceris
1034 5054 1111 5092 me
1135 5036 1348 5108 (Matth.
1374 5053 1446 5106 tv,
1469 5036 1564 5108 9)?
1598 5038 1661 5092 Et
1690 5038 1820 5093 illud
1853 5055 1868 5093 :
1904 5038 2102 5095 l’onam

520 5131 692 5187 sedem
723 5146 886 5185 meam
924 5132 994 5184 ad
1036 5130 1347 5202 aquilonem,
1393 5137 1441 5184 et
1476 5144 1565 5184 ero
1609 5130 1792 5184 similis
1841 5130 2102 5187 Altissima

512 5217 658 5290 Hsa.
691 5235 801 5284 ιιι,
838 5222 942 5287 15).
988 5220 1178 5276 Merito
1219 5234 1350 5291 ergo
1386 5219 1582 5276 dicitur
1617 5219 1979 5289 calumniator,
2009 5222 2102 5293 qui

516 5314 648 5369 dum
692 5312 822 5368 facit
867 5312 1131 5380 crudelis,
1179 5314 1296 5382 pios
1323 5326 1537 5384 semper
1578 5323 1814 5370 accusat.
1869 5315 1945 5370 De
1986 5316 2103 5385 ipso

521 5403 664 5458 enim
691 5402 877 5456 etalio
904 5403 1022 5457 loco
1043 5403 1318 5471 Scriptura
1347 5404 1473 5459 dicit
1519 5421 1531 5457 :
1578 5403 1642 5458 Et
1686 5405 1976 5458 Itumiliabit
2008 5422 2100 5459 ca-

520 5498 902 5561 lumniatorem,
934 5504 980 5549 et
1021 5497 1326 5566 permanebit
1362 5511 1477 5549 cum
1504 5496 1609 5550 sole
1634 5493 1807 5565 (Psal.
1842 5511 1987 5560 LXXI,
2018 5497 2101 5565 4).

522 5593 824 5650 Justissime
855 5590 1031 5658 itaque
1061 5590 1214 5658 petit,
1246 5604 1312 5642 ne
1342 5587 1555 5643 humilis
1580 5587 1818 5642 tradatur
1847 5588 2099 5658 superbo,

518 5700 593 5742 uo
636 5683 863 5746 simplex
910 5680 1256 5747 calumnioso,
1301 5694 1368 5736 ne
1416 5678 1642 5737 devotus
1674 5679 1923 5747 ingrato:
1970 5694 2103 5748 quo-

2206 4575 2322 4633 suis
2350 4590 2471 4631 esse
2504 4577 2881 4646 largissimum,
2929 4578 3097 4633 dicit:
3150 4578 3338 4636 Servus
3385 4592 3500 4638 tuus
3546 4601 3680 4647 sum,
3723 4588 3783 4641 de

2205 4668 2333 4721 mihi
2363 4665 2697 4735 intellectum,
2738 4670 2827 4739 qui
2855 4670 3047 4725 solitus
3070 4686 3129 4728 es
3156 4674 3359 4728 donare
3401 4688 3521 4744 quae
3544 4676 3690 4743 juste
3727 4691 3785 4733 ac

2208 4756 2529 4816 ﬁducialiter
2557 4759 2774 4828 petctis.
2806 4760 2939 4815 Nam
2963 4776 3085 4817 cum
3109 4762 3339 4817 obnoxia
3365 4778 3423 4820 sc
3451 4774 3647 4820 cuncta
3693 4782 3783 4820 ευρ

2208 4863 2486 4921 gnoscant,
2528 4852 2705 4923 magni
2749 4862 2926 4909 tamen
2976 4854 3155 4910 meriti
3185 4865 3271 4911 est
3314 4855 3482 4925 ipsius
3529 4857 3786 4914 famulum

2210 4946 2527 5012 nuncupari.
2560 4943 2746 5000 Servas
2768 4946 2964 5016 quippe
2986 4945 3151 5015 ipsius
3166 4948 3432 5003 veraciter
3452 4963 3788 5021 nequaquam

2207 5033 2311 5089 dici
2338 5043 2535 5105 potest,
2569 5034 2670 5089 nisi
2700 5035 2791 5104 qui
2834 5035 2950 5106 ejus
2979 5036 3267 5093 famulatur
3292 5039 3537 5094 arbitrio.
3570 5039 3639 5095 Et
3670 5041 3789 5097 vide

2205 5124 2333 5195 quid
2361 5124 2526 5190 dicat,
2569 5134 2625 5178 ut
2670 5126 2859 5194 sciam,
2910 5126 2964 5182 id
3002 5135 3085 5184 est
3127 5139 3185 5183 ut
3229 5136 3447 5197 accepta
3502 5130 3787 5185 retineam.

2207 5216 2354 5274 Scire
2376 5217 2519 5272 enim
2549 5215 2680 5271 illud
2716 5225 2818 5283 est,
2848 5218 2987 5287 quod
3033 5219 3088 5274 in
3130 5220 3376 5275 notitiam
3407 5228 3647 5275 nostram
3681 5235 3791 5275 ma-

2207 5310 2401 5368 nifeste
2424 5310 2666 5373 veniens.
2697 5312 2843 5366 nulla
2872 5311 3147 5367 oblivione
3175 5313 3406 5368 deletur.

2284 5403 2436 5458 Vers.
2463 5403 2585 5459 126.
2615 5404 2834 5473 Tempus
2860 5405 3105 5475 faciendi,
3134 5404 3349 5459 Domine
3366 5421 3385 5459 :
3408 5406 3790 5477 dissipaverunt

2209 5494 2373 5564 iniqui
2403 5493 2563 5564 legem
2589 5503 2749 5549 tuam.
2782 5495 3089 5551 Praevidcns
3131 5497 3358 5568 populus
3398 5497 3628 5553 devotus
3652 5510 3793 5552 tem-

2213 5582 2432 5651 poribus
2458 5583 2761 5639 Antiochia
2790 5585 2949 5655 plebe
2976 5584 3195 5643 Judaica
3228 5588 3402 5658 legem
3434 5587 3647 5642 Domini
3679 5588 3797 5640 culo

2218 5688 2331 5735 tura
2364 5678 2670 5737 daemonum
2698 5680 3081 5767 polluendam,
3102 5682 3245 5738 velut
3273 5681 3338 5738 ad
3371 5681 3636 5739 medicum
3680 5679 3799 5736 cla-
