4090 6346
289 450 385 506 881

1199 452 1654 537 ΕΧΡυΒιΤΙΟΙΙΝ
1697 453 2153 511 ΡΒΔιΤΕΠΙυΜ.
2197 454 2387 512 PSAL.
2428 456 2655 514 CXVJI.

3449 465 3553 539 ss:

282 578 395 624 mat
442 575 671 637 :cgrotus
722 573 917 635 tempus
966 578 1083 619 esse
1137 566 1522 633 subveniendi;
1557 585 1623 625 ne
1662 569 1863 623 morbis
1891 569 1938 628 Α
1969 570 2162 639 gebar:
2193 586 2390 624 omnem
2439 573 2569 625 uiam
2612 572 2839 643 iniquam
2874 574 2990 627 odio
3038 575 3212 629 habui.
3244 574 3342 641 Qui
3392 590 3555 645 super

281 658 686 727 ingravantibus
712 658 858 713 salus
902 660 1083 727 populi
1143 660 1403 728 pOtuisset
1450 662 1680 715 absumi.
1729 661 1864 715 υἰισὶῑ

282 753 425 807 enim
451 767 465 804 :
496 750 717 818 Tempus
746 759 831 805 est
864 752 1106 819 faciendi,
1141 767 1246 805 non
1294 751 1577 807 dill‘erendi
1604 752 1744 821 quod
1770 767 1864 808 ex-

282 842 450 920 pedit.
479 840 717 895 Jusserat
746 840 886 894 enim
921 856 1015 909 per
1058 844 1230 911 legem
1258 852 1312 897 et
1338 844 1651 911 prOphetas,
1687 851 1741 896 ut
1772 857 1862 898 ve-

282 948 378 987 rus
432 931 688 986 Dominus
736 931 1169 987 reverentissima
1221 931 1510 987 devotione
1558 932 1863 997 coleretur;

282 1025 376 1078 sed
427 1024 677 1091 quoniam
726 1022 828 1078 ltoc
876 1024 928 1077 itt
979 1036 1130 1077 suam
1186 1021 1474 1090 perniciem
1532 1022 1863 1092 contempsit

282 1115 573 1169 obstinatio
596 1112 927 1179 Judmorum,
949 1114 1148 1169 clamat
1167 1115 1393 1185 populus
1418 1113 1613 1179 fidelis,
1638 1113 1861 1186 Tempus

282 1207 506 1277 faciendi
529 1248 544 1272 ,
568 1206 619 1260 id
641 1215 725 1260 est
747 1214 803 1261 ut
824 1206 1025 1260 mundo
1051 1221 1078 1262 s
1096 1206 1300 1261 dutaris
1332 1220 1612 1277 appareas,
1644 1216 1860 1276 peccata

279 1297 568 1361 dissolvas,
600 1302 827 1350 mortem
860 1296 1064 1359 vincas,
1114 1296 1394 1365 ipsumque
1423 1295 1694 1351 diabolum
1736 1311 1857 1350 cum

278 1402 376 1443 sua
404 1386 627 1442 cohorte
657 1397 983 1456 prosternas.
1012 1385 1121 1440 lloc
1150 1386 1394 1441 estcnim
1422 1385 1627 1441 Domini
1661 1385 1856 1453 facere,

278 1476 903 1547 prmdictistemporibus
932 1476 1210 1531 advenire.
1242 1475 1393 1532 Unde
1422 1485 1476 1531 ct
1507 1491 1599 1544 rer
1628 1475 1861 1545 prophe-

279 1575 391 1620 tam
438 1566 638 1621 dictum
669 1574 788 1621 est:
820 1565 1073 1632 Tempore
1123 1575 1327 1633 accepto
1368 1566 1606 1621 exaudiui
1632 1579 1697 1631 te,
1730 1576 1778 1621 et
1807 1556 1865 1619 in.

278 1658 573 1711 dissolutis
612 1656 791 1726 αα]υυί
830 1666 879 1710 te
909 1654 1063 1728 (hui.
1112 1672 1230 1712 ms
1260 1698 1274 1721 ,
1300 1658 1374 1727 8).
1414 1658 1481 1711 Et
1527 1657 1854 1727 Apostolus:

277 1748 412 1802 Ecce
439 1763 573 1800 nunc
614 1756 809 1815 tempus
834 1747 1164 1815 acceptabile,
1208 1763 1319 1802 ecce
1360 1764 1497 1801 nunc
1524 1747 1632 1802 dies
1678 1749 1858 1803 salutis

279 1838 364 1909 (ll
394 1836 515 1893 Cor.
546 1851 626 1903 Vl,
654 1836 734 1907 2).
780 1836 970 1893 Omnia
1019 1838 1162 1891 enim
1211 1853 1329 1907 quae
1379 1837 1634 1901 Dominus
1690 1839 1854 1905 facit,

1968 673 2153 711 aurum
2186 668 2240 713 et
2268 654 2510 729 gemmas
2560 662 2729 729 legem
2779 662 2983 716 Domini
3014 664 3301 734 diligebat,
3330 679 3552 721 necesse

1967 747 2065 827 fuit
2088 757 2148 803 ut
2166 750 2233 804 ad
2262 751 2438 805 omnia
2473 752 2720 807 mandata
2742 752 2856 823 ejus
2887 757 3219 810 rectissimus
3246 765 3551 824 appareret.

1964 847 2115 902 Talia
2147 848 2290 903 enim
2317 849 2590 920 negligere
2616 865 2720 909 non
2755 860 2906 920 potes
2936 892 2951 917 ,
2988 852 3088 906 nisi
3115 853 3201 921 qui
3228 851 3405 907 divina
3438 853 3555 910 fue-

1964 939 2034 995 rit
2069 940 2418 1012 inSpiratione
2467 951 2772 1008 correctus;
2822 954 2877 997 ut
2929 959 3117 997 aurum
3170 944 3363 1000 habeat
3409 945 3555 1002 velut

1967 1037 2203 1087 terrenas
2251 1032 2461 1099 sordes,
2510 1049 2751 1103 gemmas
2783 1043 2841 1088 ut
2867 1035 3099 1089 calculos
3136 1020 3301 1093 viles.
3355 1039 3553 1093 Amare

1963 1114 2227 1193 siquidem
2256 1139 2362 1180 non
2389 1124 2666 1195 profutura
2688 1125 2953 1181 dementis
2972 1135 3089 1190 est;
3122 1126 3216 1182 sed
3242 1126 3378 1182 illud
3402 1126 3556 1183 decet

1963 1216 2106 1269 viros
2135 1215 2501 1275 sanctissimos
2526 1216 2927 1286 concupiscere,
2958 1232 3077 1287 qua:
3098 1218 3301 1287 possint
3332 1218 3550 1287 praemia

1964 1322 2232 1378 nunquam
2286 1308 2521 1378 peritura
2547 1309 2813 1365 conferre.
2858 1306 3165 1379 Congruum
3196 1323 3324 1380 ergo
3365 1308 3461 1364 fuit
3497 1317 3555 1363 ut
3644 1334 3647 1335 ν

1962 1400 2165 1455 odisset
2195 1415 2501 1470 perversam
2535 1404 2696 1468 viam,
2729 1403 2818 1470 qui
2851 1404 3045 1457 meruit
3095 1416 3277 1459 amare
3322 1403 3555 1465 rectissi-

1963 1507 2125 1546 mam.
2170 1491 2359 1563 lniqua
2389 1492 2651 1562 siquidem
2675 1494 2756 1548 u'a
2786 1501 2892 1563 est,
2921 1509 3040 1564 qua:
3067 1508 3166 1548 nos
3214 1496 3549 1566 perducitad

1961 1584 2118 1650 vitia;
2150 1595 2295 1640 recta
2326 1598 2458 1641 vero
2498 1588 2758 1640 virtutum
2779 1628 2795 1654 ,
2826 1600 2947 1656 quas
2975 1586 3132 1642 nobis
3168 1586 3551 1657 indulgentiam

1962 1674 2144 1733 tribuit
2174 1684 2228 1731 et
2254 1675 2503 1735 salutem.
2525 1676 2629 1733 Sed
2660 1676 2761 1733 hoc
2790 1691 2951 1746 quam
2979 1677 3240 1742 studiose,
3263 1692 3423 1748 quam
3447 1678 3553 1739 fre.-

1960 1775 2188 1835 quenter
2214 1766 2538 1825 infunditur!
2573 1776 2631 1824 ut
2655 1768 3015 1845 intelligamus
3032 1770 3220 1824 beatos
3245 1770 3403 1825 viros,
3420 1783 3552 1839 qua-

1962 1858 2091 1913 lium
2126 1873 2304 1915 rerum
2346 1859 2704 1917 delectatione
2745 1870 3056 1931 pascantur,
3085 1862 3189 1931 qui
3220 1861 3322 1916 hoc
3356 1861 3553 1917 habent

282 1930 562 2025 ἔξΡῨίδείηιε
591 1929 1335 2025 ᾁίξῐιοεῑιῑιξιιοξοωιδῒειιιυτ;
1368 1939 1428 2025 Ill
1457 1940 1578 2025 {mia
1610 1929 1858 2025 ‘iel'ijlon
1895 1945 1933 2002 Β
1962 1964 2123 2022 supra
2152 1961 2342 2007 cuncta
2371 1929 2764 2023 dulcissimum,
2789 1956 2930 2025 quoi
2962 1929 3160 2025 saepius
3187 1953 3414 2012 credunt
3433 1967 3567 2012 esse

278 2023 535 2088 debeant,
567 2021 669 2076 nisi
698 2021 911 2093 quando
940 2021 1031 2077 ille
1069 2023 1353 2081 miseratus
1386 2020 1689 2076 indulserit.
1724 2022 1861 2076 llinc

279 2126 361 2172 est
391 2116 531 2186 quod
562 2116 717 2171 nobis
765 2131 980 2186 semper
1010 2117 1226 2187 expedit
1274 2116 1474 2173 habere
1505 2117 1815 2188 patientiam
1844 2158 1859 2180 ,

281 2218 592 2277 exspectare
616 2207 898 2278 qumjussa
930 2217 1074 2271 sunt.
1102 2223 1292 2279 rogare
1321 2224 1438 2279 qua:
1462 2219 1685 2279 prosunt
1712 2211 1859 2283 fures.

280 2299 373 2365 Α,
400 2299 490 2366 Β.,
525 2298 619 2366 F.,
654 2302 916 2371 promissa
949 2312 1069 2356 sunt
1090 2300 1132 2373 ].
1160 2302 1381 2372 Tempus
1412 2313 1590 2358 auiem
1638 2305 1860 2374 faciendi

283 2390 430 2443 novit
459 2389 568 2456 ille,
602 2390 692 2459 qui
720 2401 898 2447 rector
920 2402 1019 2446 est.
1046 2392 1500 2447 Addiditcausam
1531 2407 1627 2447 cur
1658 2392 1853 2447 debeat

279 2482 456 2536 facere
485 2498 606 2550 quae
635 2494 888 2554 rogatur,
921 2484 1045 2555 quia
1077 2483 1247 2540 Judaei
1278 2486 1435 2553 legem
1468 2485 1859 2555 dissiparentur,

277 2588 435 2641 quam
482 2574 572 2630 ille
614 2589 711 2629 eos
756 2576 1137 2632 inviolabiliter
1178 2577 1453 2632 custodire
1502 2586 1853 2646 prrcceperat.

277 2661 546 2734 Dissiparc
581 2664 725 2719 enim
756 2674 840 2721 est
881 2666 1064 2739 legem,
1108 2667 1265 2722 aliter
1297 2667 1476 2722 vivere
1505 2682 1662 2736 quam
1697 2668 1862 2736 ipsius

276 2761 543 2822 praecepta
575 2764 939 2822 monuerunt;
964 2767 1019 2812 et
1046 2756 1147 2813 hoc
1176 2758 1346 2827 magis
1374 2756 1572 2822 facere,
1598 2760 1741 2829 quod
1776 2760 1864 2813 illa

276 2842 626 2910 cognoscitur
661 2844 761 2900 sub
789 2847 935 2900 omni
988 2848 1366 2903 exsecratione
1395 2847 1699 2903 damnasse.
1754 2848 1866 2906 Hoc

278 2942 652 3003 argumentum
692 2937 939 2992 rhetores
982 2937 1122 2993 inter
1167 2937 1556 2994 violentissima
1598 2950 1864 3008 prmcepta

279 3041 591 3099 posuerunt,
616 3034 834 3103 quando
857 3043 1118 3104 utpreees
1148 3035 1457 3104 audiantur,
1485 3035 1702 3106 adjuvat
1734 3045 1866 3092 tem-

280 3136 380 3191 pus
409 3122 771 3193 aptissimum.

351 3215 506 3273 Vers.
541 3218 666 3273 127.
700 3216 827 3274 Ideo
858 3219 1020 3274 dilexi
1045 3222 1291 3277 mandata
1340 3233 1459 3291 tua,
1482 3238 1634 3293 super
1679 3238 1865 3281 (mrum

1962 2042 2335 2112 repetendum.
3541 2096 3545 2102 .

2039 2133 2190 2188 Vers.
2227 2132 2349 2187 ΗΟ.
2373 2162 2443 2177 -—-
2466 2149 2599 2188 “tt.
2634 2135 2766 2190 Pus.
2801 2133 3063 2189 Mirabilia
3112 2136 3398 2190 testimonia
3440 2146 3549 2201 tua,

1963 2225 2178 2280 Domine
2211 2242 2229 2278 :
2256 2226 2373 2281 ideo
2419 2236 2645 2281 scrutata
2683 2237 2758 2282 est
2791 2243 2853 2282 ea
2881 2228 3052 2281 anima
3078 2244 3211 2284 mea.
3253 2228 3550 2297 Septimum

1963 2320 2226 2373 decimam
2246 2318 2479 2375 litteram
2501 2319 2668 2374 sancti
2698 2320 2878 2389 populi
2904 2322 3069 2375 intrat
3090 2321 3284 2387 oratio,
3306 2334 3553 2375 asserens

1964 2411 2241 2480 aperuisse
2270 2425 2333 2467 os
2362 2427 2515 2466 suum
2541 2421 2593 2467 et
2620 2412 2907 2467 attraxisse
2936 2412 3206 2481 spiritum,
3240 2419 3296 2467 ut
3319 2411 3436 2482 ejus
3457 2427 3554 2471 au:

1964 2502 2143 2557 diatur
2164 2504 2360 2570 oratio,
2393 2504 2673 2573 exitusque
2698 2517 2957 2573 aquarum
2990 2505 3266 2559 transiisse
3291 2506 3553 2576 lacryntas

1967 2593 2105 2662 pias,
2132 2593 2254 2662 quia
2282 2608 2389 2650 non
2416 2595 2486 2650 sit
2510 2608 2539 2648 a
2569 2594 2783 2651 ludatis.
2810 2596 3073 2651 custodita
3102 2596 3203 2651 lex.
3228 2596 3465 2653 Domini.
3491 2598 3554 2653 Et

1968 2685 2179 2740 intuere
2224 2685 2677 2754 quemadmodum
2716 2686 3081 2747 definitionem
3131 2688 3208 2742 rei
3258 2703 3362 2742 uno
3393 2689 3555 2744 verbo

1966 2778 2278 2847 complexus
2298 2786 2381 2834 est
2406 2777 2669 2843 dicendo:
2702 2777 2969 2835 Mirabilia
2992 2780 3279 2839 testimonia
3307 2788 3413 2847 tua,
3442 2779 3548 2839 Dee

1966 2869 2121 2927 mine.
2149 2868 2413 2924 Mirabilia
2440 2870 2618 2940 plane,
2648 2870 2898 2939 quoniam
2931 2885 3025 2939 per
3044 2885 3105 2926 ca
3128 2871 3364 2926 caelestis
3386 2872 3555 2930 virtus

1970 2958 2274 3014 hominibus
2304 2958 2532 3015 terrenis
2563 2958 2824 3024 innotuit,
2858 2966 2913 3013 et
2942 2972 3103 3015 nosse
3131 2957 3394 3015 dederunt
3433 2975 3553 3030 par-

1972 3051 2110 3106 vulis
2143 3051 2283 3108 unde
2313 3059 2367 3111 et
2392 3051 2703 3121 angelorum
2736 3051 2981 3107 sublimis
3008 3061 3200 3106 natura
3231 3051 3386 3107 beata
3410 3052 3549 3109 deici

1968 3143 2202 3197 ctatione
2248 3141 2569 3212 completur.
2609 3142 2735 3199 Huic
2781 3157 2995 3211 semper
3035 3143 3256 3196 scrutari
3304 3143 3458 3210 licet,
3500 3154 3556 3199 et

1968 3232 2179 3291 assidua
2210 3224 2844 3305 meditationeperquiri.
2876 3232 2972 3287 llic
2993 3242 3172 3293 autem
3203 3232 3330 3292 illud
3360 3234 3554 3297 timere

279 3315 325 3362 ct
356 3309 614 3379 topazion.
640 3309 908 3377 Quantum
933 3311 1106 3382 legem
1139 3312 1354 3368 Domini
1386 3312 1739 3383 dissipaverat
1771 3328 1860 3366 ne-

1967 3339 2072 3378 uon
2104 3324 2355 3379 convenit
2383 3341 2396 3378 :
2422 3324 2623 3379 Altiora
2652 3333 2697 3379 te
2719 3340 2784 3379 ne
2801 3325 3083 3395 quwsjeris,
3106 3334 3152 3378 et
3179 3324 3397 3394 fortiora
3426 3335 3472 3378 te
3496 3341 3557 3389 ne

278 3397 438 3453 fanda
468 3401 835 3471 praesumptio,
881 3409 1086 3456 tantum
1116 3403 1342 3460 devotus
1373 3405 1584 3460 animus
1619 3405 1685 3460 ad
1714 3423 1865 3461 tuan-

281 3493 405 3547 data
427 3493 543 3563 ejus
576 3493 864 3549 festinabat
905 3495 1194 3564 implenda.
1231 3495 1458 3554 Grandis
1484 3499 1626 3554 enim
1656 3501 1866 3571 religio-

277 3585 360 3638 nis
390 3585 585 3639 crescit
615 3584 862 3651 allectus,
895 3587 1104 3655 quoties
1134 3603 1251 3643 eam
1298 3590 1661 3659 improborum
1691 3593 1863 3664 impu-

276 3690 345 3743 gn
367 3689 443 3731 ~re
466 3682 635 3730 tentat
658 3675 901 3731 audacia.
928 3678 1029 3731 Pro
1054 3682 1153 3733 hoc
1179 3681 1322 3734 enim
1347 3680 1582 3735 additum
1604 3690 1706 3748 est,
1725 3684 1859 3738 ideo.

276 3768 405 3821 Erat
432 3766 608 3837 itaque
643 3767 982 3823 sanctissimo
1010 3768 1175 3827 choro
1222 3787 1374 3839 super
1403 3788 1590 3826 aurum
1633 3784 1684 3828 et
1712 3789 1862 3843 gem.

275 3875 411 3925 mas,
444 3874 573 3928 quas
602 3861 1018 3929 pretiosissimas
1047 3862 1207 3920 habet
1239 3864 1566 3932 humanitas,
1591 3867 1861 3921 mandato-

275 3948 388 4007 rum
423 3954 629 4013 Domini
672 3955 1026 4011 reverentiam
1058 3956 1349 4012 custodire.
1381 3955 1530 4013 Istud
1559 3958 1700 4012 enim
1729 3969 1863 4013 tem-

274 4047 531 4125 poraliter
575 4047 821 4103 humanis
852 4046 1123 4101 blanditur
1156 4048 1464 4117 aspectibus
1490 4068 1502 4101 :
1534 4050 1657 4107 inde
1685 4063 1862 4108 autem

274 4137 328 4190 in
350 4142 607 4191 :cterua‘m
633 4137 868 4207 requiem
897 4150 1047 4192 mens
1073 4139 1222 4192 beata
1252 4138 1577 4207 perducitur.
1601 4141 1862 4212 Τυραιὶοη

274 4242 427 4293 vero,
485 4227 626 4282 sicut
674 4228 889 4298 quidam
931 4230 1520 4297 St'riliereqvoluerunt,
1565 4247 1732 4301 genus
1780 4243 1863 4288 est

274 4318 484 4388 lapidis,
513 4328 766 4388 quantum
789 4320 1095 4375 iuvetttiOue
1128 4336 1330 4388 rarum,
1367 4329 1569 4376 tantum
1602 4324 1859 4380 mercium

273 4411 571 4479 quantitate
590 4412 915 4480 pretiosum;
942 4412 1031 4481 qui
1052 4412 1188 4465 duos
1218 4412 1385 4467 fertur
1413 4412 1607 4467 habere
1624 4416 1861 4481 colores,

274 4515 438 4554 unum
485 4502 599 4556 auri
647 4503 951 4570 puri~simi,
983 4512 1035 4557 et
1064 4505 1289 4563 alterum
1339 4505 1568 4560 mthcrea
1618 4505 1860 4562 claritate

272 4594 600 4648 relucentem
630 4610 643 4646 :
677 4594 941 4671 pinguedo
984 4610 1159 4657 rosea.
1189 4597 1593 4666 veecuudaque
1634 4599 1853 4667 puritas,

1970 3426 2222 3475 scrutatus
2272 3417 2433 3488 fueris
2477 3415 2698 3488 (Ecclcs.
2748 3432 2837 3486 ιιι,
2867 3416 2984 3487 22).
3035 3416 3161 3473 Ideo
3207 3417 3349 3477 enim
3399 3417 3556 3478 nobis

1970 3508 2256 3577 praedicata
2307 3516 2452 3572 sunt,
2499 3516 2555 3563 ut
2603 3521 2665 3564 ea
2712 3507 2798 3577 pie
2845 3516 3004 3577 atque
3040 3507 3325 3578 diligenter
3373 3517 3556 3563 uester

1969 3613 2184 3667 semper
2226 3600 2434 3653 animus
2466 3598 2768 3668 indagaret.
2818 3598 3019 3654 Altiora
3052 3600 3194 3654 enim
3235 3608 3290 3654 et
3334 3598 3570 3657 fortiora
3656 3612 3659 3613 '

1970 3688 2096 3744 talia
2124 3689 2227 3743 dici
2259 3705 2363 3743 non
2396 3697 2638 3757 possunt,
2680 3705 2796 3755 qum
2829 3699 2884 3742 ιιι
2919 3693 3354 3759 μϊψιὶτργριιῑιιν
3382 3693 3555 3747 edicta

1968 3794 2115 3839 sunt.
2136 3782 2262 3838 llzne
2288 3794 2464 3837 autem
2496 3783 2679 3850 quinta
2703 3792 2783 3835 est
2814 3783 3022 3850 species
3054 3782 3157 3836 deli
3188 3782 3403 3844 itionis.
3436 3800 3553 3853 qua:

1968 3874 2155 3931 Graece
2184 3878 2313 3930 κατὰ
2342 3881 2431 3933 τήν
2455 3874 2599 3937 λέξιν,
2639 3873 2826 3926 Latine
2858 3873 2923 3925 ad
2959 3875 3175 3927 \‘t'l‘blllll
3204 3875 3417 3928 dicitur.
3454 3875 3554 3940 De;

1967 3965 2164 4018 clarata
2196 3971 2320 4016 sunt
2349 3962 2491 4015 euitn
2517 3974 2634 4026 qua:
2658 3968 2781 4012 sunt
2813 3961 3099 4012 testimonia
3136 3960 3447 4031 DominiLid
3473 3970 3561 4024 est

1974 4053 2252 4105 mirabilia.

2042 4144 2192 4198 Vers.
2233 4143 2353 4198 130.
2394 4141 2682 4194 Declaratio
2729 4156 3021 4194 sermonum
3065 4150 3265 4196 tuorum
3298 4134 3556 4209 illuminat

1967 4255 2079 4299 me:
2108 4237 2270 4311 420
2298 4246 2344 4290 et
2376 4235 2686 4295 iutrllectum
2715 4238 2802 4289 dat
2834 4236 3077 4305 parvulis.
3114 4235 3387 4292 Sermones
3426 4249 3554 4303 sunt

1965 4306 2379 4396 DetttiuiTunus
2419 4324 2683 4394 iustorum
2735 4326 3073 4395 prophetarit
3109 4331 3433 4396 auctoritas;
3475 4332 3553 4390 sic

1963 4420 2105 4475 enim
2133 4418 2389 4485 scriptum
2416 4424 2501 4471 est
2525 4433 2539 4470 :
2572 4415 2703 4471 Ecce
2746 4416 2895 4485 Virgp
2926 4420 3201 4487 concipiet,
3223 4430 3270 4473 et
3297 4421 3458 4487 pariet
3487 4423 3551 4490 [i-

1963 4511 2112 4576 lium,
2132 4522 2179 4566 et
2203 4511 2461 4565 vocabitur
2480 4525 2658 4563 nomen
2676 4512 2788 4579 eius
2814 4509 3114 4569 Emmanuel
3138 4509 3187 4573 (Ι
3198 4511 3294 4571 sai.
3315 4526 3407 4578 vtt,
3437 4511 3550 4581 M),

1964 4603 2029 4658 Et
2060 4602 2224 4663 alibi:
2269 4601 2468 4655 Videbit
2516 4602 2679 4655 omnis
2715 4616 2837 4654 caro
2866 4601 3091 4656 salutare
3131 4598 3223 4652 Dei
3256 4598 3427 4669 (Idem
3458 4617 3551 4664 ιη,

273 4684 483 4741 vicinus
508 4684 673 4753 lapidi
697 4688 1124 4760 chrysopbrasso
1147 4688 1511 4757 magnitudine
1541 4690 1621 4744 vel
1642 4688 1821 4744 colore
1841 4683 1939 4765 λυ
1974 4694 2079 4764 t0).
2109 4692 2214 4748 Sed
2261 4692 2392 4747 istos
2425 4705 2703 4747 sermones
2732 4690 2822 4762 qui
2854 4689 3060 4751 fuerant
3109 4688 3251 4758 longi
3274 4694 3558 4763 temporis

271 4779 396 4846 quia
430 4780 662 4834 maxime
686 4778 885 4849 lampat
907 4796 1027 4834 eum
1059 4781 1186 4838 solis
1216 4782 1508 4849 Splendore
1539 4784 1875 4860 percutitur;

271 4869 512 4924 outoium
552 4886 885 4940 gemmarum
941 4886 1200 4941 superans
1249 4874 1658 4942 pretiosissimas
1700 4874 1863 4928 clari-

271 4972 411 5018 tates
436 4980 449 5028 ;
485 4964 536 5018 in
568 4979 709 5031 aspe.
732 4974 841 5018 tum
864 4980 1018 5017 Sillim
1046 4966 1385 5034 singulariter
1408 4982 1704 5035 provocans
1728 4982 1855 5021 ocu-

272 5056 449 5110 lorum
476 5056 874 5125 cupidissimum
916 5057 1259 5125 voluptatem.
1295 5055 1465 5123 Quam
1495 5057 1538 5109 si
1570 5056 1739 5125 polire
1764 5072 1855 5113 ve-

273 5149 363 5216 lis,
395 5149 679 5217 obscuras;
714 5150 756 5205 si
785 5159 987 5212 natura:
1016 5149 1240 5218 propriae
1287 5151 1579 5217 relinquas,
1614 5149 1853 5204 irradiat.

274 5239 402 5294 llrrc
423 5240 633 5310 regibus
658 5241 786 5311 ipsis
816 5239 982 5295 fertur
1013 5256 1131 5293 osse
1163 5239 1436 5304 mirabilis,
1474 5251 1530 5293 ut
1558 5241 1695 5295 inter
1724 5240 1858 5295 divi-

276 5342 378 5384 itus
401 5346 524 5386 suas
563 5332 697 5387 nihil
719 5347 779 5387 se
815 5330 988 5386 simile
1016 5330 1287 5396 possidere
1321 5340 1668 5399 cognoscant.
1699 5329 1857 5386 Nasci

272 5423 469 5477 dicitur
497 5421 549 5476 in
582 5421 756 5482 insula
786 5419 1054 5489 Tepazion
1108 5434 1227 5489 qua:
1270 5425 1355 5473 est
1405 5419 1693 5489 provincia:
1718 5420 1857 5476 The-

274 5512 487 5579 baidte,
518 5514 657 5569 unde
705 5522 761 5569 et
807 5527 1001 5568 nomen
1031 5509 1373 5579 acccpit;de
1425 5526 1531 5579 quo
1576 5526 1679 5565 uon
1730 5522 1858 5569 sunt

275 5603 445 5665 multa
486 5605 754 5661 dicenda:
786 5622 853 5661 tte
901 5604 1040 5677 quod
1080 5604 1351 5671 Scriptura
1385 5603 1512 5656 dicit
1564 5617 1683 5658 esse
1721 5618 1854 5658 con-

277 5699 607 5768 temptibile;
655 5714 751 5755 nos
800 5699 1155 5767 desiderabile
1203 5698 1444 5757 affectata
1493 5698 1647 5753 laude
1698 5698 1856 5752 faria~

276 5805 418 5853 lttps.

344 5879 500 5940 Vers.
538 5883 657 5943 128.
707 5882 981 5951 Pl'oit’ci't‘tl
1011 5882 1076 5939 ad
1123 5882 1288 5937 omnia
1320 5883 1561 5937 mandata
1610 5891 1696 5935 (ua
1728 5880 1853 5934 diri~

1973 4784 2303 4845 obscuritaie
2345 4780 2626 4847 reconditi,
2678 4780 2939 4843 adventus
2990 4780 3201 4835 Domini
3230 4781 3550 4844 illuminatiu

1970 4872 2297 4941 declaravit,
2318 4872 2443 4941 quia
2471 4885 2567 4939 per
2593 4871 2767 4940 ipsum
2799 4869 3083 4925 manifesta
3096 4879 3227 4927 sunt
3251 4870 3411 4936 facta,
3429 4888 3561 4942 qua

1965 4965 2131 5019 sacris
2155 4962 2347 5019 litteris
2370 4962 2690 5017 tenebantur
2712 4961 3043 5017 abscondita.
3077 4960 3226 5016 Tunc
3247 4962 3389 5017 enim
3421 4962 3528 5018 Ver
3550 5016 3555 5019 .

1963 5057 2089 5109 bum
2117 5070 2242 5108 caro
2271 5057 2461 5108 factum
2495 5063 2597 5121 est,
2619 5053 2778 5121 Virgo
2797 5053 3003 5122 peperit
3028 5068 3042 5105 :
3065 5062 3191 5107 tunc
3218 5055 3351 5109 muti
3381 5055 3547 5117 locuti

1961 5156 2105 5213 Stlttl,
2137 5145 2282 5203 surdi
2314 5145 2623 5211 audierunt,
2674 5143 2850 5197 claudi
2894 5155 3040 5198 recto
3071 5143 3342 5201 incessere
3378 5147 3547 5202 veSt't-

1961 5238 2070 5307 git),
2102 5247 2154 5290 et
2184 5246 2378 5290 caetera
2411 5233 2664 5289 miracula
2704 5247 2823 5303 quae
2855 5232 3080 5287 Domino
3107 5234 3347 5289 serviere
3375 5234 3543 5289 virtu-

1964 5340 2098 5384 tum.
2128 5328 2254 5387 ilazc
2273 5327 2554 5389 declaratio
2574 5325 2952 5381 obscuritatem
2977 5335 3180 5381 natura:
3209 5337 3405 5383 nostra:
3425 5342 3544 5397 quae

1959 5424 2173 5495 iacebat
2202 5423 2258 5478 in
2298 5422 2567 5491 tenebris,
2599 5420 2652 5475 vi
2677 5436 2789 5477 sua:
2819 5421 3099 5491 petestatis
3130 5421 3423 5476 i!luminare
3462 5421 3544 5479 di-

1962 5525 2121 5588 gnata
2153 5523 2275 5579 est;
2308 5522 2355 5569 et
2380 5513 2689 5567 intellectum
2720 5513 2855 5567 dedit
2899 5515 3143 5583 parvulis,
3174 5514 3225 5569 id
3253 5524 3334 5569 est
3359 5514 3448 5585 qui
3480 5528 3557 5571 se.

1961 5607 2191 5661 humiles
2215 5615 2372 5675 atque
2414 5615 2634 5674 egentes
2664 5606 2775 5660 suis
2815 5607 3395 5676 viribusagnoverunt.
3430 5605 3564 5663 Sed.

1962 5698 2046 5751 isti
2076 5698 2277 5767 parvuli
2308 5712 2412 5751 non
2454 5696 2519 5751 de
2544 5706 2698 5751 aetate
2727 5698 2984 5757 metiendi
3017 5709 3159 5763 sunt,
3189 5699 3281 5753 sed
3313 5699 3379 5752 de
3405 5698 3551 5750 sim-.

1961 5790 2196 5855 plieitate
2234 5787 2595 5850 conscientim,
2642 5788 2709 5844 de
2756 5790 2946 5858 quibus
2987 5791 3185 5844 dictum
3226 5798 3307 5842 est
3333 5806 3345 5841 :
3374 5787 3559 5851 Sinite

1966 5877 2202 5935 vtu'vulos
2230 5879 2391 5933 venire
2420 5879 2486 5931 ad
2529 5893 2602 5932 me
2620 5896 2635 5943 ,'
2663 5880 2836 5934 talium
2865 5890 2935 5933 cst
2968 5882 3097 5934 enim
3138 5880 3539 5949 rt’wtllnlﬂCﬂO‘
3566 5928 3575 5931 -
