4090 6346
556 399 659 455 885
1802 404 1868 457 Μ.
1911 402 2135 459 Αυιιει,

2239 398 2621 459 IASSIODURI
3710 410 3814 466 885

557 530 670 568 rum
706 510 901 586 (Marc.
944 529 998 580 ι,
1031 514 1143 581 Μ).
1176 512 1313 582 Ipsis
1358 513 1503 567 enim
1553 513 1637 568 hic
1683 524 1897 582 praestat
1946 529 2128 581 purum
2163 515 2211 576 Λ
2240 514 2518 568 videamur
2540 516 2848 583 olfeuderc;
2883 518 3139 587 scriptum
3167 527 3250 577 est
3276 519 3418 575 enim
3458 536 3475 574 :
3506 520 3707 592 Siquis
3737 533 3814 577 to-

555 617 712 676 atqtte
750 607 1242 662 innocentissimum
1271 604 1612 675 intellectum,
1645 604 1836 675 quibus
1866 606 1937 660 ibi
1969 616 2127 663 teter-

556 714 680 752 num
706 698 1000 751 donaturus
1030 705 1113 751 est
1138 695 1441 765 praemium.

628 789 777 843 νει-ε.
825 789 945 842 151.
982 789 1242 853 Ostneum
1286 788 1487 859 aperui,
1530 798 1578 840 et
1624 786 1814 842 attraxi
1856 787 2129 855 spiritum,

555 880 672 951 quia
693 879 935 942 mandata
965 890 1049 932 tua
1077 878 1447 939 desiderabam.
1478 879 1522 933 si
1554 878 1656 933 hoc
1684 879 1749 932 ad
1778 880 2012 933 litteram
2043 893 2133 933 ve-

554 971 620 1037 lis
666 970 968 1035 advertere,
1019 969 1353 1025 consuetudo
1405 970 1673 1040 loquentis
1722 984 1975 1040 expressa
2024 976 2127 1024 est.

554 1061 707 1129 Prius
726 1063 871 1117 enim
895 1078 950 1117 os
970 1062 1221 1130 aperitur,
1243 1062 1460 1129 spiritus
1481 1059 1835 1129 contrahitur,
1853 1076 1915 1116 ac
1935 1061 2129 1117 deinde

554 1168 606 1211 in
636 1167 825 1209 sonum
854 1151 999 1208 vocis
1038 1153 1232 1222 linguae
1272 1151 1538 1206 mobilitas
1567 1151 1869 1215 adhibetur.
1907 1151 1965 1206 Si
2000 1167 2129 1206 vero

553 1245 924 1315 spiritualiter,
957 1254 1014 1300 ut
1065 1253 1298 1314 oportet,
1344 1243 1627 1313 intelligas,
1662 1259 1720 1297 os
1762 1243 1891 1298 dicit
1937 1242 2130 1299 mentis

553 1337 849 1407 introitum,
878 1338 966 1408 qui
996 1347 1119 1391 tunc
1161 1336 1414 1405 aperitur,
1442 1336 1656 1404 quando
1697 1334 1894 1405 aliquid
1919 1334 2131 1390 discere

551 1431 886 1489 lestinamus.
912 1429 1132 1484 Attraltit
1154 1439 1328 1483 autem
1350 1428 1611 1496 spiritum,
1637 1443 1757 1482 cum
1776 1428 1884 1499 jam
1907 1442 2131 1483 munere

553 1522 731 1578 divino
752 1521 1001 1578 salutaris
1023 1520 1275 1576 desiderii
1304 1520 1601 1587 completur
1623 1518 1838 1585 affectu,
1868 1529 1923 1574 et
1944 1518 2130 1589 incipit

551 1613 707 1671 ﬁrma
737 1618 915 1667 mente
942 1610 1098 1675 velle,
1127 1610 1271 1680 quod
1297 1619 1418 1667 ante
1445 1624 1541 1680 per
1566 1610 1791 1679 gratiam,
1817 1618 1994 1664 tamen
2028 1610 2130 1669 Do-

552 1705 686 1766 mini
713 1705 858 1759 visus
905 1713 989 1759 est
1023 1703 1328 1773 appetiisse.
1359 1702 1571 1773 Aperuit
1598 1717 1725 1772 ergo
1752 1719 1807 1757 os
1846 1702 2024 1759 cordis
2047 1703 2131 1758 sui

554 1796 798 1853 Inﬁrmus
825 1804 880 1851 et
905 1794 1178 1866 parvulus,
1208 1804 1255 1849 et
1284 1795 1495 1859 attraxit
1519 1793 1778 1865 spiritum,
1828 1793 1880 1847 id
1910 1802 1994 1849 est
2025 1794 2133 1847 vir-

2232 616 2338 658 tum
2359 607 2518 675 legem
2550 610 2837 674 servaverit,
2870 608 3095 675 o/Tendat
3122 619 3293 665 autem
3311 610 3364 666 in
3392 627 3517 678 uno,
3544 616 3716 682 factus
3738 622 3817 668 est

2233 698 2461 749 omnium
2482 714 2598 750 reus
2626 695 2768 771 (Jac.
2801 714 2860 767 ll,
2888 698 2998 768 10).

2302 786 2456 847 Vers.
2491 788 2612 843 154.
2639 790 2847 851 Redime
2874 808 2951 844 me
2981 808 3013 844 a
3042 794 3308 846 calumniis
3337 794 3625 860 hominum,
3649 806 3697 850 et
3724 814 3813 851 cu-

2228 880 2451 945 stodiam
2481 882 2724 945 mandata
2764 893 2875 937 tua.
2919 882 3191 939 Calumnia
3234 900 3327 954 per
3358 886 3735 955 antiplirasim,
3763 888 3815 942 id

2231 981 2313 1028 est
2337 987 2434 1043 per
2451 977 2774 1030 contrariam
2798 976 3119 1032 locutionem
3141 976 3340 1043 dicitur
3352 980 3548 1049 capitis
3571 982 3814 1046 alumna,

2230 1062 2357 1119 dum
2383 1064 2553 1135 magis
2579 1074 2719 1134 petat
2751 1078 2911 1136 caput
2928 1069 3186 1136 alienum,
3216 1071 3375 1139 eique
3400 1072 3676 1126 contraria
3703 1071 3814 1138 sit;

2230 1154 2368 1210 sicut
2402 1155 2600 1211 bellum
2631 1157 2771 1227 quod
2797 1173 2901 1212 non
2930 1168 3013 1213 est
3041 1159 3263 1226 bonum,
3292 1170 3346 1215 et
3389 1161 3539 1217 lucus
3574 1162 3665 1232 qui
3706 1178 3819 1227 non

2232 1242 2392 1300 habet
2417 1245 2610 1302 lucem.
2628 1245 2905 1303 Calumnia
2931 1259 3015 1304 est
3034 1250 3177 1305 enim
3201 1260 3567 1308 commentum
3597 1253 3817 1322 aliquod

2233 1337 2546 1404 periculosa:
2590 1338 2833 1399 falsitatis
2874 1339 3168 1410 objectum,
3200 1341 3342 1412 quod
3390 1343 3547 1398 bonis
3592 1358 3817 1414 semper

2232 1427 2537 1484 hominibus
2564 1431 2743 1485 studio
2773 1432 3136 1500 perversitatis
3179 1433 3453 1503 obiicitur,
3492 1434 3811 1496 decolor-aro

2231 1520 2559 1578 contendens
2588 1521 2725 1591 quod
2757 1530 2903 1579 recta
2946 1525 3276 1587 conscientia
3302 1523 3468 1580 fuerit
3495 1528 3803 1595 actitatum.

2232 1612 2381 1668 lianc
2405 1613 2738 1682 patiebantur
2765 1614 3016 1670 videlicet
3039 1616 3193 1685 justi,
3226 1626 3285 1672 ut
3312 1632 3406 1673 eos
3431 1617 3500 1673 ab
3535 1619 3811 1689 aequitatis

2232 1704 2447 1760 tramite
2475 1704 2649 1761 studio
2680 1704 3033 1761 infestationis
3067 1706 3184 1778 [ms.
3216 1705 3281 1761 G.
3309 1716 3358 1763 et
3377 1709 3488 1773 ed.,
3514 1709 3817 1764 inﬁciatio‘

2233 1791 2339 1864 nis]
2361 1804 2684 1849 averterent.
2708 1795 2914 1863 Quanta
2939 1797 3104 1861 enim,
3128 1807 3183 1852 ut
3210 1798 3543 1867 antiquiores
3574 1808 3816 1865 taceam,

554 1890 722 1955 tutem
767 1884 1017 1951 faciendi,
1063 1898 1220 1953 quam
1267 1898 1363 1952 per
1406 1898 1465 1937 se
1496 1896 1600 1937 non
1630 1893 1840 1952 poterat
1885 1883 2127 1952 adipisci.
2162 1882 2208 1944 Β
2237 1886 2452 1953 pertulit
2476 1884 2666 1951 David,
2698 1902 2818 1940 cum
2842 1886 2988 1943 Sauli
3012 1896 3275 1956 parceret,
3305 1896 3359 1943 et
3380 1889 3521 1958 apud
3553 1889 3813 1958 injustam

553 1977 657 2036 Sed
683 1988 741 2034 ut
770 1978 870 2033 hoc
888 1977 1057 2049 magis
1088 1976 1153 2030 ad
1178 1976 1546 2046 intelligentia:
1572 1975 1793 2043 bonum,
1824 1989 1929 2029 non
1960 1974 2023 2028 ad
2047 1974 2129 2028 lo-

554 2067 751 2139 quendi
774 2065 1008 2123 ofﬁcium
1031 2078 1321 2135 cognoscas
1342 2078 1461 2119 esse
1484 2062 1840 2133 prmmissum,
1866 2062 2128 2134 sequitur,

555 2161 673 2230 quia
719 2158 962 2219 mandata
1013 2168 1102 2217 tua
1145 2156 1513 2211 desiderabam.
1564 2155 1823 2211 Ardorc-m
1868 2156 2130 2226 siquidem

556 2249 842 2307 voluntatis
872 2248 1148 2319 praemisit,
1181 2260 1230 2300 ut
1268 2256 1452 2317 postea
1477 2258 1870 2316 consequenter
1896 2262 2133 2317 expone-

556 2351 641 2401 ret
668 2342 939 2401 desideria
966 2341 1356 2395 mandatorum.
1380 2338 1649 2408 Consequi
1678 2338 1872 2408 quippe
1903 2354 2011 2405 non;
2039 2355 2134 2410 po-

557 2445 715 2505 terat,
745 2446 802 2491 ut
847 2437 993 2506 prius
1020 2450 1081 2491 se
1105 2434 1309 2499 diceret
1339 2433 1665 2499 locuturum,
1691 2440 1747 2489 et
1788 2443 1971 2503 postea
1993 2428 2135 2497 desi4

558 2528 746 2588 derare
775 2543 894 2597 qute
928 2536 1175 2597 prosunt.

628 2620 782 2674 Vers.
817 2618 941 2677 «δε.
972 2619 1154 2690 Aspice
1184 2619 1235 2671 in
1257 2632 1357 2683 me,
1375 2624 1423 2672 et
1449 2619 1687 2672 miserere
1713 2617 1833 2683 mei,
1857 2619 2135 2687 secundum

558 2713 811 2785 judicium
835 2710 1155 2782 diligentium
1183 2725 1364 2765 nomen
1400 2719 1563 2763 tuum.
1597 2707 1924 2778 Frequenter
1954 2710 2136 2765 Domi-

558 2820 659 2861 nus
700 2804 888 2875 aspicit
926 2803 1113 2866 iratus,
1145 2801 1343 2871 saepius
1390 2801 1628 2858 intuetur
1658 2813 1714 2857 ut
1744 2801 1952 2873 perdat,
2001 2802 2139 2857 sicut

558 2898 847 2973 Sodomam
868 2907 920 2954 et
946 2897 1302 2955 Gomorrham
1323 2897 1582 2966 respexit,
1612 2895 1753 2952 sicut
1776 2905 1950 2952 castra
1972 2895 2138 2967 Egy-

560 2991 818 3059 ptiorum.
849 2990 1044 3058 Aspicit
1072 2988 1237 3059 etiam,
1262 2990 1547 3060 propitius,
1576 2988 1718 3043 sicut
1749 2987 1803 3043 in
1829 2986 2139 3042 muneribus

562 3072 688 3155 (scit
708 3084 863 3143 Abel.
896 3083 1146 3152 Respexit
1167 3096 1377 3152 quoque
1398 3096 1558 3150 super
1581 3079 1718 3136 ﬁlios
1747 3094 2062 3155 pauperum,
2086 3087 2142 3134 et

565 3188 671 3242 non
704 3173 905 3243 sprevit
934 3188 1120 3243 preces
1157 3187 1341 3228 eorum
1372 3170 1543 3242 (Psal.
1576 3186 1650 3238 cr,
1680 3170 1801 3245 18).
1828 3171 1893 3226 Et
1920 3169 2041 3226 ideo
2071 3186 2137 3224 nc

2231 1990 2411 2046 regem
2437 1990 2503 2031 eo
2534 1977 2650 2045 ipso
2679 1977 2829 2032 fieret
2874 1993 3019 2044 reus,
3066 1979 3316 2048 quoniam
3356 1979 3431 2035 illi
3482 1980 3814 2050 probabatur

2232 2081 2353 2123 esse
2378 2068 2682 2137 propitius?
2712 2069 2894 2135 Qualis
2921 2069 3020 2135 illi,
3070 2086 3218 2140 rogo,
3248 2071 3516 2127 calumnia
3558 2081 3644 2127 est
3665 2076 3813 2130 exci-

2231 2169 2362 2225 tata,
2383 2160 2596 2230 quando
2621 2161 2923 2231 juvencula:
2953 2161 3201 2218 dixerunt
3226 2180 3241 2217 :
3265 2163 3400 2219 Saul
3427 2164 3613 2218 occidit
3638 2167 3812 2234 mille,

2231 2263 2280 2307 et
2298 2250 2464 2307 David
2493 2254 2666 2309 decem
2710 2255 2873 2309 millia
2904 2254 2958 2325 (1
2986 2256 3114 2328 Reg.
3156 2273 3307 2323 svnt,
3344 2257 3443 2327 7)?
3469 2257 3811 2330 Quapropter

2234 2344 2509 2399 calumniae
2560 2355 2685 2400 sunt
2731 2346 2993 2400 hominum
3047 2357 3235 2406 contra
3274 2348 3518 2404 veritatis
3558 2349 3823 2413 honorem

2234 2436 2619 2491 controversia:
2665 2436 2966 2505 requisitas;
3023 2453 3159 2509 quas
3204 2439 3399 2495 merito
3447 2456 3477 2494 a
3525 2455 3587 2496 se
3635 2452 3825 2504 sancta

2234 2526 2431 2582 cohors
2479 2526 2867 2603 deprecabatur
2910 2528 3108 2587 auferri
3135 2570 3149 2595 ,
3201 2537 3259 2586 ut
3309 2529 3560 2588 mandata
3610 2533 3828 2595 Domini.

2236 2618 2429 2679 amotis
2450 2619 2865 2685 adversitatibus
2897 2622 3192 2690 indagaret.

2308 2708 2463 2765 Vers.
2514 2709 2635 2765 155.
2685 2706 2897 2766 Faciem
2946 2721 3087 2767 tuam
3128 2713 3365 2777 illumina
3410 2730 3568 2786 super
3614 2732 3824 2785 servm

2237 2808 2425 2855 tuum:
2454 2809 2502 2854 et
2526 2801 2649 2855 doce
2689 2817 2767 2857 me
2784 2802 3176 2870 justiﬁcationes
3205 2813 3339 2860 tuas.
3368 2805 3620 2876 Legimus
3648 2810 3829 2866 sancti

2240 2889 2292 2947 Μ
2315 2890 2408 2958 oysi
2445 2889 2639 2958 (Exod.
2672 2907 2852 2960 sunt,
2885 2893 2978 2961 55)
3004 2894 3204 2949 vultum
3228 2896 3298 2961 ita
3336 2910 3368 2950 a
3399 2896 3625 2959 Domino
3650 2897 3830 2956 fuisse

2239 2978 2607 3045 clariﬁcatum,
2643 2990 2700 3034 ut
2744 2996 2865 3036 eum
2922 2982 3243 3039 lsraeliticus
3274 2985 3497 3055 pepulus
3532 2985 3812 3055 respicere

2242 3086 2347 3133 non
2381 3071 2615 3133 valeret;
2649 3071 2792 3128 unde
2824 3073 3089 3130 velamine
3128 3076 3451 3145 superducto
3493 3075 3824 3146 loquebatur

2243 3163 2309 3217 ad
2336 3178 2429 3225 eos
2455 3182 2467 3217 :
2494 3165 2617 3235 quia
2646 3181 2750 3221 non
2783 3176 3028 3235 poterant
3054 3168 3105 3223 in
3138 3169 3257 3239 ipso
3286 3171 3568 3227 caelestem
3597 3174 3825 3242 conspi-

561 3268 619 3322 in
656 3241 863 3337 partem
891 3241 1251 3335 susciperetur
1279 3241 1580 3330 adversam,
1607 3244 1801 3319 statim
1822 3261 2098 3333 subjunxit
2119 3304 2134 3330 ,
2168 3241 2215 3304 (ἶ
2246 3267 2370 3308 cere
2390 3252 2707 3319 claritatem.
2734 3254 2927 3312 Vultus
2948 3257 3091 3314 enim
3126 3258 3291 3330 Moysi
3318 3258 3492 3330 fulgor
3527 3269 3645 3317 erat
3674 3261 3833 3339 legis,“

564 3369 610 3427 et
634 3360 866 3413 miserere
893 3358 1027 3426 mei;
1057 3373 1177 3428 qua)
1206 3357 1396 3413 merito
1428 3358 1589 3430 (sicut
1613 3369 1757 3427 smpe
1786 3364 2143 3411 memoratum

564 3449 672 3525 est)
703 3448 1071 3505 misericordia
1113 3449 1347 3515 dicitur;
1372 3450 1497 3521 quia
1539 3449 1749 3505 miseris
1774 3449 1917 3519 larga
1946 3449 2144 3518 pietate

563 3549 870 3613 prmstatur.
920 3540 1029 3597 Nec
1072 3541 1245 3596 solum
1273 3540 1362 3599 hic
1399 3540 1555 3596 haesit
1598 3539 1712 3596 fusa
1760 3542 2017 3612 precatio,
2046 3540 2142 3597 sed

562 3620 799 3706 addidit,
821 3633 1100 3687 secundum
1126 3633 1385 3705 judicium
1412 3634 1733 3704 diligentium
1761 3650 1943 3689 nomen
1975 3643 2141 3696 tuum.

562 3720 825 3777 Iudicium
848 3724 1046 3794 quippe
1067 3732 1143 3778 est
1170 3722 1399 3791 Domini,
1427 3731 1486 3777 ut
1516 3738 1709 3779 nomen
1737 3739 1892 3779 suum
1917 3724 2143 3793 diligen-

561 3813 705 3887 tibus
725 3816 1105 3870 misericordiae
1130 3794 1691 3883 largiatur‘auxilium,
1721 3831 1788 3871 ne
1814 3816 2143 3884 exspectatio

562 3907 797 3973 ﬁdelium
824 3906 1143 3978 decipiatur,
1169 3920 1297 3978 quae.
1319 3904 1487 3977 ipsius
1516 3919 1729 3978 semper
1752 3894 2141 3965 consideratio;

562 4015 634 4067 ne
661 4000 980 4075 suscipitur.-

632 4091 787 4149 γεω.
818 4091 943 4147 155.
973 4087 1195 4161 (ἔνωμα,
1222 4105 1359 4145 meos
1384 4090 1551 4161 dirige
1577 4091 1855 4145 secundum
1883 4091 2142 4162 eloquium

561 4193 702 4252 tuum
722 4198 742 4237 :
771 4191 819 4238 et
845 4199 949 4240 non
973 4183 1261 4239 dominetur
1284 4182 1383 4237 mei
1412 4183 1579 4238 omnis
1614 4182 1894 4250 iniustitia.
1924 4181 2139 4239 Gressus

560 4289 696 4343 meos
724 4273 989 4342 signiﬁcat
1025 4282 1202 4327 motus
1253 4272 1486 4338 anima;
1519 4285 1642 4325 nam
1675 4272 1816 4327 sicut
1868 4287 1963 4340 per
2009 4273 2140 4328 istos

562 4367 631 4423 de
658 4366 780 4423 loco
806 4365 869 4419 ad
909 4366 1084 4420 locum
1108 4365 1498 4430 transferimur,
1530 4365 1597 4419 ita
1621 4376 1673 4418 et
1696 4364 1748 4420 in
1778 4365 1882 4420 illis
1908 4366 2129 4435 quibus-

564 4458 689 4518 dam
738 4456 1017 4536 passibus,
1054 4455 1170 4511 sive
1194 4455 1266 4511 ad
1306 4456 1551 4522 meliora,
1603 4455 1716 4510 sive
1760 4456 1825 4509 ad
1872 4456 2138 4512 deteriora

563 4547 956 4619 progredimur.
994 4546 1101 4602 Hos
1130 4556 1314 4613 sancta
1343 4548 1539 4609 cohors
1576 4551 1854 4615 sectum’um
1884 4551 2139 4625 eloquium

2248 3357 2403 3413 quem
2427 3344 2499 3413 illi
2546 3346 2813 3402 sustinere
2842 3363 2948 3402 non
2998 3356 3277 3418 poterant,
3310 3351 3433 3420 quia
3463 3350 3660 3407 velatis
3705 3366 3825 3408 eam

2246 3436 2497 3491 cordibus
2523 3436 2831 3503 audiebant.
2863 3439 2976 3495 Hoc
3004 3455 3133 3511 ergo
3159 3449 3377 3499 sanctus
3416 3442 3650 3514 populus
3672 3444 3831 3517 petit,

2248 3535 2305 3581 ut
2331 3527 2674 3582 illuminatam
2704 3529 2912 3591 Domini
2946 3532 3129 3600 faciem
3153 3533 3321 3603 possit
3347 3534 3688 3602 conSpicere,
3721 3549 3825 3589 non

2245 3618 2502 3685 velatam;
2527 3632 2788 3688 quatenus
2810 3622 2933 3693 puri,
2953 3621 3087 3694 [ed.,_
3107 3621 3263 3693 pura]
3284 3624 3456 3692 gratia
3482 3623 3701 3679 luminis
3722 3638 3826 3680 me.

2246 3721 2427 3767 reatur
2466 3710 2637 3766 afﬂari
2656 3752 2672 3780 ,
2703 3726 2802 3767 nec
2825 3711 2935 3788 jam
2963 3712 3176 3783 aliquod
3205 3713 3438 3782 patiatur
3462 3713 3826 3787 obstaculum,

2245 3800 2336 3871 qui
2362 3801 2602 3863 veritatis
2628 3801 2793 3871 ipsius
2814 3791 3149 3868 desiderabat
3170 3812 3466 3872 aspectum.
3499 3803 3681 3858 Potest
3709 3819 3825 3857 ma-

2246 3894 2327 3966 gis
2348 3894 2544 3949 cohors
2567 3903 2757 3968 sancta:
2797 3894 3107 3955 desiderare
3134 3895 3350 3950 Domini
3392 3895 3685 3952 Salvatoris
3723 3894 3833 3956 ad-.

2244 3976 2487 4062 ventum,
2516 3985 2671 4057 cujus
2721 3986 2855 4044 facie
2885 3987 3176 4043 illuminata
3207 3998 3336 4043 sunt
3383 3985 3660 4042 tenebrosa
3689 4001 3827 4056 pec-.

2244 4082 2349 4139 cati
2372 4083 2578 4147 :‘vitam
2601 4082 2883 4145 conferens
2905 4082 3157 4160 mortuis,
3177 4089 3235 4140 et
3257 4079 3559 4143 certissima
3586 4079 3836 4144 remedia

2245 4174 2568 4245 desperatis.

2318 4267 2471 4323 Vers.
2527 4266 2645 4323 156.
2680 4265 2863 4329 Exitus
2888 4252 3141 4337 aquarum
3184 4265 3493 4323 transierunt
3519 4264 3659 4319 oculi
3693 4262 3793 4317 mei
3806 4304 3831 4341 ,ἢ

2243 4362 2365 4433 quia
2385 4378 2488 4417 non
2512 4361 2863 4417 custodierunt
2890 4363 3228 4432 trigemmem.
3258 4357 3443 4413 Exitus
3465 4373 3721 4429 aquarum
3742 4357 3821 4410 si-

2244 4453 2461 4524 gniﬁcat
2487 4452 2754 4523 lacrymas
2796 4453 3069 4523 copiosas,
3101 4466 3233 4520 quas
3264 4458 3441 4504 tantas
3466 4449 3601 4503 dicit
3630 4449 3825 4517 fuisse,

2244 4554 2302 4598 ut
2327 4546 2437 4614 ipsa
2470 4560 2681 4615 quoque
2707 4544 2932 4611 fontium
2952 4543 3150 4608 ﬂuenta
3177 4541 3645 4605 transcenderent.
3665 4538 3824 4611 ἀει

561 4637 775 4696 Domini
822 4638 977 4710 dirigi
1027 4638 1349 4708 postulabat,
1393 4654 1464 4699 ne
1491 4639 1742 4695 vitiorum
1791 4620 2139 4711 pravitatibus
2166 4620 2222 4697 D
2244 4634 2531 4696 Transeunt
2554 4637 2707 4703 plane
2735 4636 2955 4705 quando,
2990 4634 3079 4690 illa
3108 4634 3227 4689 sine
3252 4648 3416 4688 sensu
3445 4640 3694 4695 currunt.
3728 4631 3831 4691 ista

560 4728 801 4793 seducta,
833 4728 887 4790 in
926 4726 1231 4789 mortiferus
1278 4727 1547 4781 laberetur
1577 4742 1813 4789 errores.
1845 4730 2139 4793 Secundum

563 4818 818 4886 eloquium
849 4827 987 4870 tuum
1011 4816 1163 4884 dicit,
1186 4816 1237 4871 id
1267 4829 1349 4879 est
1375 4818 1665 4878 secundum
1693 4819 1980 4890 jussaquat
2010 4838 2144 4889 prce:

561 4909 695 4977 cipis
724 4909 789 4963 ad
834 4911 996 4965 vitam
1031 4907 1257 4983 humani
1281 4911 1493 4979 generis
1521 4912 1910 4981 corrigendatn.
1944 4913 2137 4981 Sequi-

562 5010 668 5062 tur,
693 5011 741 5055 et
773 5018 873 5055 non
903 5001 1192 5064 dominetur
1236 4994 1331 5054 mei
1380 5003 1542 5055 omnis
1588 5002 1862 5069 iniustitia.
1908 5002 2145 5059 Necesse

562 5089 705 5144 enim
737 5100 851 5144 erat
874 5105 952 5158 ul,
977 5092 1021 5145 si
1040 5107 1243 5163 gressus
1262 5090 1383 5169 ejus
1402 5091 1678 5145 secundum
1701 5091 1959 5161 eloquium
1982 5108 2137 5161 suum

562 5178 820 5256 Dominus
850 5181 1065 5252 dirigere
1085 5184 1418 5255 dignaretur,
1450 5184 1589 5238 nulla
1612 5185 1686 5238 illi
1718 5186 1973 5256 injustitia
2004 5202 2139 5255 prte-

562 5270 742 5336 valere
770 5271 1045 5338 potuisset.
1080 5275 1142 5327 Et
1173 5274 1290 5329 vide
1320 5291 1477 5343 quam
1508 5285 1661 5329 caute
1703 5277 1833 5344 petit
1878 5292 1944 5331 ne
1974 5277 2141 5333 domi-

564 5366 714 5413 netur
740 5359 857 5439 ejus
884 5376 1001 5429 qua:
1044 5377 1146 5421 non
1176 5373 1384 5431 poterat
1428 5365 1504 5419 sic
1550 5365 1780 5428 excludi,
1827 5372 1889 5431 ut
1916 5366 2151 5431 ulterius

563 5442 909 5517 pulsare'non
945 5463 1155 5518 posset;
1181 5453 1273 5507 sed
1304 5470 1424 5509 cum
1468 5471 1571 5508 non
1616 5456 1908 5510 dominatur
1947 5459 2133 5513 evadi-

560 5552 711 5608 mus,
733 5540 854 5608 quia
873 5541 1098 5595 servitus
1121 5542 1207 5598 illa
1237 5558 1332 5597 nos
1357 5544 1649 5613 pr:ccipitat
1673 5546 1737 5599 ad
1767 5547 1993 5602 ruinam.
2025 5549 2134 5605 Nec

558 5631 689 5707 illud
713 5640 864 5685 vacat
886 5633 1024 5703 quod
1055 5634 1150 5701 ait,
1179 5638 1340 5690 omnis
1390 5639 1640 5709 ittjustilia
1664 5657 1683 5704 ,-
1715 5640 1815 5694 scit
1840 5642 1981 5695 enim
2012 5643 2133 5711 quia

559 5726 605 5786 si
635 5739 738 5795 qua
769 5724 959 5780 horum
988 5725 1277 5781 dominetur
1313 5728 1609 5797 intercipit;
1643 5745 1743 5786 nec
1791 5731 2007 5801 prodest
2038 5734 2132 5788 ali-

558 5816 765 5909 quidlin
790 5819 972 5894 multis
996 5833 1211 5892 servare
1250 5819 1444 5901 legem,
1482 5819 1525 5873 si
1554 5835 1671 5877 eam
1704 5821 1755 5877 in
1783 5823 1957 5895 aliqua
1981 5834 2131 5897 parte

2241 4729 2422 4785 cordis
2438 4727 2725 4783 afflictione
2750 4726 3063 4793 funduntur.
3094 4726 3227 4779 Nam
3250 4724 3392 4793 quod
3418 4723 3636 4777 vincere
3661 4735 3825 4788 quan-

2242 4820 2394 4876 titate
2420 4836 2524 4879 non
2563 4828 2826 4890 p0terant,
2876 4817 3204 4885 felicissima:
3232 4813 3667 4884 compunctionis
3695 4827 3823 4881 qua-

2241 4913 2390 4967 litate
2414 4912 2757 4982 superabant.
2785 4910 2888 4975 Has
2908 4922 3031 4964 tunc
3054 4908 3445 4978 profundimus,
3467 4906 3687 4974 quando
3713 4917 3822 4967 pec-

2245 5013 2487 5061 catorum
2519 5012 2825 5067 nostrorum
2858 5001 3230 5067 recordatione
3259 5000 3587 5053 mordemur.
3617 4997 3747 5048 Nam
3781 4995 3821 5047 si

2247 5094 2493 5149 mandata
2545 5094 2754 5158 Damini
2789 5093 3204 5155 custodia-mus,
3253 5090 3490 5144 laetitiam
3520 5090 3706 5158 utique
3735 5086 3825 5139 ba-

2245 5186 2515 5251 beremus,
2546 5200 2651 5239 non
2673 5184 2984 5253 plurationis
3005 5185 3275 5243 ardorem.
3300 5182 3403 5246 Sed
3426 5181 3681 5251 quoniam
3708 5180 3824 5232 talia

2245 5277 2424 5333 carnis
2452 5278 2771 5333 necessitate
2798 5278 2963 5329 vitare
2989 5289 3092 5331 non
3117 5287 3421 5342 possumus,
3446 5273 3616 5327 donet
3648 5271 3827 5324 Dami-

2246 5382 2346 5421 nus
2370 5367 2631 5438 lacrymas
2658 5367 2848 5437 quibus
2882 5375 3218 5433 peccaturum
3245 5365 3495 5419 sordibus
3522 5364 3826 5420 abluainur.

2245 5458 2315 5515 Et
2358 5459 2488 5513 illttd
2537 5473 2749 5527 quoque
2796 5458 3003 5531 aestimo
3055 5457 3527 5527 considerandum,
3568 5455 3826 5525 quoniam

2244 5551 2374 5605 dicit
2404 5566 2496 5619 per,
2523 5552 2699 5621 oculos
2729 5551 3145 5616 satisfactionem
3178 5550 3412 5614 venisse,
3440 5565 3535 5620 per
3563 5564 3705 5617 quos
3728 5564 3829 5601 nos

2244 5642 2553 5711 plerumque
2576 5640 2853 5705 illecebras
2881 5640 3034 5709 hujus
3061 5640 3244 5697 saeculi
3271 5648 3483 5695 constat
3510 5640 3821 5703 attrahere;

2240 5743 2299 5788 ut
2324 5735 2510 5788 merito
2546 5750 2639 5802 per
2666 5734 2785 5788 illos
2813 5736 2965 5802 culpa
3010 5733 3313 5798 mundetur,
3347 5749 3443 5803 per
3468 5748 3607 5804 quos
3637 5741 3693 5787 et
3720 5745 3828 5786 ex-

2242 5840 2427 5882 cessus
2474 5825 2787 5895 admittitur.
2820 5824 2918 5910 Qui
2952 5824 3142 5896 modius
3185 5826 3245 5895 in
3287 5823 3587 5909 Scripturis
3628 5819 3841 5894 divinis
