4090 6346
342 367 443 423 885
610 354 622 367 ’
1237 360 1598 418 EXPOSITIO
1635 359 1700 415 IN
1740 359 2192 416 PSALTERIUM.
2236 359 2427 415 I'S.\L.
2469 358 2697 414 CXVIII.
3519 366 3620 421 336

342 479 776 549 frequentissime
818 477 1104 546 reperitur.
1137 478 1276 531 sicut
1323 487 1508 530 sextus
1556 476 1790 544 psalmus
1811 474 1882 528 ait
1911 493 1923 528 :
1958 478 2005 535 Α
2036 474 2143 527 Deo
2173 476 2484 529 exercituum
2512 490 2529 528 :
2558 476 2677 544 quia
2711 476 3078 543 dereliqnerunt
3110 486 3314 548 pectunt
3354 490 3496 539 tuum
3527 480 3627 547 filii

343 575 551 630 Lavabo
598 588 690 643 per
717 570 948 643 singulas
992 579 1162 622 noctes
1211 569 1395 623 lectum
1441 583 1659 621 meum:
1695 567 1935 637 lacrymis

339 668 465 722 meis
507 675 720 721 stratum
758 680 922 716 meum
952 663 1134 729 rigabo
1179 661 1356 749 (μαι.
1407 677 1481 727 vt,
1526 662 1602 727 7).
1648 661 1714 713 Et
1764 660 1932 713 alibi:

340 759 576 814 Fuerunt
604 758 729 811 mihi
769 757 1010 825 lact-gmw
1039 770 1164 808 inea:
1188 770 1345 824 panes
1374 756 1457 807 die
1483 769 1545 806 ac
1586 764 1728 807 nocte
1757 752 1931 823 (I’sal.

339 867 447 915 xu,
475 851 552 919 4).
585 849 716 916 Quae
754 847 919 917 ﬁgura
944 848 1143 901 dicitur
1193 846 1508 916 hyperbole,
1540 847 1752 913 quoties
1790 845 1933 899 rela-

340 944 502 997 tionis
522 942 753 1012 qualitas
798 954 1001 1005 majore
1024 939 1264 1007 pondere
1290 945 1608 1005 exaggerata
1634 929 1929 1005 profertur.

340 1036 540 1092 Sancto
586 1036 732 1089 enim
783 1034 952 1087 choro
982 1034 1061 1088 sic
1111 1041 1228 1087 erat
1274 1031 1603 1091 deﬂendam,
1641 1041 1699 1083 ut
1749 1029 1931 1083 omnia

301 1175 310 1203 ξ
342 1118 559 1195 peccata
589 1126 820 1179 dilueret
849 1125 1072 1192 copioso
1103 1123 1274 1177 imbre
1299 1124 1679 1193 lacrymat'um.
1860 1112 1877 1129 “

294 1213 314 1325 λ
418 1216 571 1270 Vers.
625 1217 747 1270 157.
790 1245 862 1255 -
892 1231 1041 1280 mn,
1087 1214 1252 1269 SAltE.
1280 1211 1473 1268 Justus
1513 1228 1585 1276 ω,
1622 1211 1857 1276 Domine,
1887 1220 1933 1264 et

348 1324 395 1325 ,,,
433 1318 461 1325 .,
524 1324 529 1325 ,
566 1308 593 1325 ’μ
637 1308 749 1325 ιξνξη
774 1322 801 1325 ,Α
840 1314 905 1325 ,μγ
932 1321 975 1325 Α-
1043 1304 1444 1325 m..2__..._.l_-._:_
1480 1302 1653 1325 --..,,2..
1687 1316 1793 1325 -.-μγ
1844 1318 1901 1325 η-.

298 1302 311 1390 ξ
339 1318 535 1361 rectum
549 1308 806 1375 judicium
836 1314 1000 1360 tuum.
1043 1304 1444 1373 Triumphatrix
1476 1302 1656 1358 carnis
1685 1316 1795 1357 sua:
1838 1318 1931 1355 co-

343 1398 472 1453 ltors
501 1410 807 1452 sanetorum
833 1397 899 1451 ad
927 1406 1170 1450 octavam
1191 1396 1459 1449 decimam
1493 1395 1724 1449 litteram
1766 1394 1931 1456 venit,

342 1488 399 1544 iu
426 1506 531 1557 qua
558 1488 821 1558 justitiam
870 1488 1078 1541 Domini
1123 1488 1434 1554 conﬁtetur,
1472 1495 1526 1541 et
1555 1486 1766 1554 eloquia
1816 1494 1934 1555 ejus

343 1580 511 1649 ignita
537 1580 792 1634 continua
820 1593 880 1635 se
916 1578 1047 1634 dicit
1082 1577 1373 1632 dilectione
1401 1578 1645 1632 venerari
1680 1594 1694 1631 :
1725 1577 1791 1631 ad
1839 1593 1934 1646 po-

347 1682 611 1726 stremum
662 1679 850 1741 petens
896 1670 1226 1725 intellectum
1281 1669 1740 1733 testimoniorum,
1793 1670 1935 1724 unde

344 1762 610 1817 viviﬁcari
633 1761 825 1816 debeat
850 1763 902 1816 in
949 1771 1232 1817 aeternum.
1263 1759 1369 1815 Sed
1398 1773 1683 1828 postquam
1719 1771 1932 1829 peccata

346 1868 444 1908 sua
481 1853 727 1921 superius
774 1851 991 1921 irriguis
1034 1851 1183 1907 dixit
1236 1850 1492 1922 lacrymis
1519 1851 1754 1922 expiata,
1800 1866 1939 1906 nunc
1971 1851 2018 1911 B
2045 1866 2138 1906 cor
2175 1852 2417 1920 Cleophe
2464 1851 2721 1917 ardebat,
2754 1850 2968 1922 quando
3019 1851 3230 1906 dicebat
3263 1868 3277 1904 :
3319 1852 3507 1907 Nonne
3544 1869 3631 1908 cor
3663 1895 3671 1903 .

343 1943 545 2014 judicia
572 1943 785 1998 Domini
810 1942 956 1999 ﬁdeli
981 1955 1160 1998 mente
1187 1942 1477 2008 collaudat,
1502 1943 1721 1997 dicens:
1753 1941 1933 1997 Justus

343 2054 419 2101 es,
452 2035 689 2102 Domine,
718 2045 765 2090 et
804 2047 992 2089 rectum
1010 2036 1269 2107 judicium
1296 2045 1461 2099 tuum,
1488 2036 1576 2105 qui
1622 2045 1933 2105 peccatores

345 2143 404 2182 se
427 2140 638 2195 semper
664 2126 822 2194 jubes
842 2126 1101 2196 afﬂigere,
1131 2137 1187 2181 ut
1212 2140 1308 2182 eos
1332 2135 1420 2181 tua
1446 2126 1643 2182 debeat
1670 2126 1933 2181 medicina

345 2218 582 2283 Salvare;
616 2217 738 2287 quia
769 2232 870 2274 nec
900 2219 976 2272 illi
1004 2219 1296 2288 aliquando
1327 2219 1688 2288 probarentur
1717 2220 1817 2275 sub
1842 2220 1935 2275 la:-

350 2312 464 2367 titia
494 2312 722 2382 corrigi,
753 2326 854 2365 nec
895 2311 1162 2367 beneﬁcia
1193 2319 1415 2380 possent
1460 2310 1615 2366 aliter
1642 2312 1818 2366 divina
1845 2325 1936 2365 cr-

348 2405 552 2474 gnosei.
585 2405 710 2461 Suis
734 2404 932 2474 quippe
963 2404 1170 2458 meritis
1200 2411 1414 2475 putaret
1437 2402 1646 2472 datum,
1676 2404 1720 2459 si
1752 2418 1935 2474 pecca-

352 2506 436 2549 tnr
466 2496 666 2564 jugiter
703 2495 921 2549 ﬂoreret
965 2494 1185 2549 illatsus.
1218 2494 1325 2549 Sed
1364 2503 1653 2563 utrumque
1694 2493 1930 2565 justum,

353 2598 639 2656 utrumque
664 2586 1037 2656 dignissimum
1063 2602 1078 2652 ;
1125 2587 1378 2655 quoniam
1409 2597 1462 2641 et
1489 2586 1808 2655 delinquens
1842 2602 1937 2655 per

352 2677 774 2733 satisfactionem
815 2674 1123 2745 corrigitur,
1154 2686 1207 2731 et
1237 2676 1439 2747 judicia
1493 2676 1705 2731 Domini
1752 2676 1938 2730 ltumili

361 2767 706 2824 confessione
727 2767 1082 2823 declarantur.
1121 2768 1232 2824 Hoc
1255 2769 1395 2824 enim
1422 2768 1567 2823 dicto
1597 2768 1778 2822 Daniel
1804 2770 1940 2823 inter

350 2858 680 2913 femeissima
703 2858 919 2913 leonum
943 2871 1035 2914 ora
1060 2859 1295 2914 salvatus
1318 2869 1422 2926 est,
1459 2861 1540 2914 bis
1565 2860 1747 2914 verbis
1773 2860 1931 2913 trioni

348 2966 637 3022 puerorum
695 2953 908 3006 ﬂamma
956 2963 1207 3022 superata
1253 2963 1371 3020 est,
1422 2953 1560 3009 hanc
1606 2967 1699 3008 sen
1730 2954 1929 3007 entiam

357 3040 622 3097 Jeremias
646 3044 697 3097 in
718 3044 1213 3099 Lamentationibus
1240 3045 1354 3099 suis
1377 3044 1409 3098 f.
1425 3054 1684 3115 equettter
1708 3046 1937 3100 iteravit.

351 3130 601 3187 Dicamus
621 3134 779 3202 igitur
794 3144 848 3187 et
874 3147 973 3188 nos
1004 3133 1145 3188 hunc
1169 3149 1384 3190 versum
1406 3135 1458 3190 in
1491 3134 1819 3205 quibuslibet
1843 3152 1939 3206 pe-

2038 567 2208 622 Israel
2231 566 2353 639 (III
2390 569 2512 639 Reg.
2550 585 2659 634 th,
2702 567 2813 637 10).
2842 566 3071 622 Phineo»~
3119 585 3333 637 quoque
3373 570 3627 626 sacerdos

2036 674 2157 713 cum
2189 660 2395 714 videret
2447 660 2726 715 llcbrtnum
2771 675 2891 714 cum
2947 660 3231 715 Moabitide
3262 662 3490 716 muliere
3522 664 3625 717 tui-

2036 752 2199 815 sceri,
2231 753 2436 805 zelatus
2478 762 2802 820 praceptum
2861 751 3094 818 Domini,
3143 751 3400 822 utrosque
3446 755 3627 823 gladio

2037 845 2327 916 perforavit
2352 846 2540 916 (Num.
2602 860 2725 909 xxv,
2759 843 2834 912 8).
2867 843 3032 915 Cujus
3063 845 3211 898 zelus
3250 854 3453 900 tantum
3486 863 3627 915 pra:-

2035 938 2190 1001 stitit,
2224 949 2279 990 ut
2308 940 2439 991 iram
2483 937 2691 991 Domini
2722 939 2868 991 solus
2899 946 3189 991 averteret.
3224 938 3329 992 Iste
3358 938 3623 1007 siquidem

2040 1028 2188 1082 zelus
2212 1029 2395 1083 tribuit
2419 1028 2667 1095 salutem,
2696 1029 2853 1082 tidem
2904 1030 3120 1093 retinet,
3152 1027 3462 1097 pudicitiam
3509 1044 3627 1085 ser-

2041 1130 2149 1186 tat,
2190 1131 2245 1175 et
2276 1121 2568 1175 Ecclesium
2602 1122 2692 1175 Dei
2725 1121 2954 1189 gloriosa
2981 1122 3260 1176 vivacitate
3281 1122 3535 1177 custodit.

2113 1211 2257 1266 Veis.
2294 1211 2415 1267 MO.
2448 1210 2676 1283 Ignitum
2720 1212 2978 1281 eloquium
3023 1221 3165 1267 tuum
3213 1212 3549 1279 vehementer,
3579 1224 3629 1270 et

2037 1318 2210 1356 servus
2239 1313 2353 1357 tuus
2382 1303 2559 1356 dilexit
2603 1303 2757 1358 illud.
2793 1303 3015 1374 Ignitum
3043 1314 3126 1360 est
3156 1304 3412 1373 eloquium
3443 1298 3628 1361 Douii-

2040 1394 2117 1457 ui,
2146 1393 2267 1461 quia
2298 1402 2490 1462 put-gat
2515 1394 2673 1447 corda
2716 1395 3021 1470 mortalium
3053 1395 3319 1449 mundana
3352 1396 3479 1451 I'J‘ce
3498 1410 3628 1452 sor-

2043 1484 2221 1537 dentia
2250 1499 2264 1546 ;
2297 1494 2351 1537 et
2379 1491 2438 1537 ut
2465 1484 2695 1537 fornacis
2724 1484 2883 1537 ardor
2900 1494 3207 1540 exaestuans
3232 1485 3443 1541 metalla
3466 1486 3627 1543 deco-

2038 1578 2173 1645 qui',
2207 1591 2502 1643 eorumque
2562 1575 2685 1629 vitia
2740 1577 3039 1629 necessaria
3086 1575 3458 1646 purificatione
3498 1592 3627 1632 con-

2039 1667 2232 1737 sumit,
2286 1667 2355 1721 ita
2411 1667 2681 1736 eloquium
2717 1666 2951 1733 Domini,
3004 1677 3345 1737 peccatorum
3401 1669 3627 1725 maculis

2044 1758 2295 1824 detersis,
2326 1759 2605 1813 humilium
2638 1773 2828 1813 sensus
2859 1759 3134 1812 cntuttdat.
3156 1759 3474 1828 lstoanppe
3506 1761 3629 1829 igne

2040 1952 2273 1998 nostrum
2300 1944 2482 1997 ardens
2507 1942 2558 1996 in
2590 1942 2732 1997 nobis
2761 1954 2893 2007 erat,
2923 1959 3036 1995 cum
3064 1945 3281 2010 aperiret
3314 1943 3456 1996 nobis
3488 1943 3631 1998 Scri-

2040 2049 2214 2105 pturas
2241 2034 2391 2105 (Luc.
2417 2047 2566 2102 xxiv,
2586 2034 2721 2104 δεμ
2754 2033 2865 2090 Hoc
2893 2036 3051 2089 etiam
3082 2036 3201 2103 igne
3230 2049 3518 2090 succensus
3539 2035 3629 2091 .lc-

2041 2127 2235 2181 remias
2261 2127 2536 2182 enuntiat:
2569 2125 2630 2179 Et
2660 2138 2769 2180 erat
2791 2127 2921 2197 ignis
2950 2129 3328 2199 ﬂammigerans
3357 2128 3411 2182 in
3428 2131 3623 2183 ossibus

2041 2217 2167 2270 meis
2194 2214 2409 2281 (lenm.
2442 2232 2533 2282 xx,
2566 2216 2646 2286 9).
2682 2218 2785 2271 Ιδι)
2828 2220 2986 2272 eti;tm
3035 2219 3154 2288 igne
3183 2226 3239 2273 et
3285 2218 3472 2288 reliqui
3506 2234 3628 2274 suc-

2040 2311 2184 2363 censi
2216 2318 2357 2373 snnt,
2389 2310 2479 2377 qui
2504 2308 2815 2377 triumphali
2847 2309 3106 2363 charitate
3132 2309 3448 2366 ﬂoruerunt.
3480 2310 3629 2378 Qua-

2043 2409 2262 2468 propter
2289 2401 2427 2470 ignis
2477 2401 2576 2454 iste
2624 2415 2802 2454 sermo
2830 2398 3028 2456 Christi
3080 2412 3184 2467 est,
3232 2403 3369 2455 sicut
3418 2403 3532 2471 ipse
3573 2404 3624 2458 in

2043 2492 2330 2561 Evangelio
2358 2491 2487 2546 dicit
2511 2508 2525 2545 :
2557 2490 2738 2563 Ignem
2766 2493 2879 2545 veni
2900 2494 3095 2546 mittere
3125 2493 3176 2545 in
3199 2503 3456 2557 terrant,et
3481 2509 3629 2563 quem

2043 2583 2178 2655 [cd.,
2210 2593 2255 2637 et
2295 2580 2442 2654 quid]
2471 2582 2587 2637 volo
2615 2593 2669 2635 ut
2705 2583 2881 2637 ardeat
2905 2582 3057 2656 (Luc.
3106 2599 3197 2650 xu,
3228 2584 3344 2653 49).
3379 2582 3629 2647 Addidit,

2043 2676 2380 2741 vehementer,
2408 2686 2467 2729 ut
2498 2675 2599 2730 hoc
2621 2689 2728 2729 non
2761 2677 2827 2729 ad
2858 2686 3087 2731 mortem
3105 2687 3482 2747 exaggeratum
3509 2688 3630 2730 cre-

2044 2768 2224 2833 deres,
2254 2767 2347 2823 sed
2394 2768 2459 2821 ad
2490 2767 2740 2822 salutem.
2796 2766 3048 2836 S.'quitur
3091 2781 3303 2837 quoque
3325 2806 3341 2831 ,
3376 2777 3419 2821 et
3458 2782 3630 2820 servus

2047 2868 2165 2913 tuus
2204 2859 2386 2913 dilexit
2428 2858 2558 2913 illud
2586 2873 2607 2913 :
2636 2860 2817 2927 utique
2848 2858 3101 2929 diligebat
3130 2860 3270 2929 quod
3301 2859 3460 2913 vitam
3503 2873 3629 2914 cou-

2048 2952 2189 3007 ferre
2215 2960 2460 3016 noverat,
2494 2961 2547 3006 et
2570 2950 2829 3006 honorem
2852 2951 3032 3016 dabat,
3056 2950 3198 3021 quod
3221 2949 3425 3006 sciebat
3451 2950 3514 3005 ad
3546 2966 3629 3006 rc-

2047 3043 2283 3099 mcdium
2314 3043 2535 3098 humani
2560 3042 2773 3113 generis
2800 3042 3117 3098 attributum

2119 3134 2277 3191 Vers.
2310 3135 2433 3190 Ml.
2481 3133 2867 3190 Adolescentior
2908 3152 3020 3191 sum
3066 3152 3157 3207 ego
3187 3144 3232 3190 et
3271 3144 3584 3205 contemptus
3615 3152 3631 3191 :

347 3222 555 3290 riculis,
586 3222 827 3278 dicamus
856 3224 910 3278 in
945 3224 1183 3295 gaudiis;
1216 3226 1336 3295 quia
1361 3227 1482 3282 talis
1509 3227 1781 3284 confessio
1803 3231 1940 3285 etab
1968 3234 2016 3299 ο
2038 3228 2435 3299 justiﬁcationes
2465 3238 2578 3282 tuas
2605 3242 2709 3281 non
2736 3244 2851 3282 sum
2876 3227 3085 3283 oblitus.
3110 3227 3288 3284 Multis
3321 3228 3519 3284 sanctis
3547 3229 3634 3286 hic

350 3315 604 3369 aerumnis
630 3315 812 3385 eripit,
840 3324 895 3371 et
923 3316 976 3370 in
1010 3318 1368 3387 prosperitate
1396 3319 1653 3374 custodit.

425 3406 575 3460 Vers.
609 3404 731 3461 158.
773 3406 1034 3459 Mandasti
1059 3408 1316 3477 justitiam
1337 3411 1627 3464 testimonia
1658 3419 1765 3475 tua,
1790 3421 1836 3466 et
1860 3429 1941 3467 ve-

343 3500 549 3551 ritatem
592 3509 732 3551 tuam
761 3499 931 3552 nimis.
971 3497 1256 3567 Mandasti,
1299 3503 1566 3572 signiﬁcat
1612 3504 1939 3572 prtecepisti.

344 3589 659 3645 Testimonia
684 3606 814 3646 vero
842 3601 965 3647 sunt
992 3592 1149 3657 (sicut
1189 3592 1299 3663 jam
1331 3594 1532 3650 dir-tutu
1560 3595 1672 3666 εει)
1695 3612 1817 3665 qua:
1841 3596 1941 3651 sub

345 3682 720 3737 testilicttione
768 3683 973 3751 prolata
1014 3694 1161 3738 sunt.
1198 3684 1321 3741 Haec
1352 3689 1633 3742 euntinent
1670 3688 1939 3757 justitiam

343 3783 401 3826 et
427 3772 706 3826 veritatem
732 3792 748 3829 :
776 3774 1060 3841 justitiam,
1088 3777 1345 3845 quoniam
1381 3779 1727 3848 aequabiliter
1757 3780 1939 3836 omnia

343 3862 684 3929 discernunt;
718 3864 1020 3932 veritatem,
1042 3867 1164 3937 quia
1188 3869 1455 3936 promiSSa
1473 3872 1797 3927 retribuunt.
1826 3874 1938 3928 Me-

343 3968 372 4008 r
396 3963 449 4006 to
478 3969 603 4022 ergo
630 3962 835 4008 tantum
865 3956 1099 4021 amabat,
1134 3967 1339 4014 tantum
1369 3962 1646 4031 repetebat
1674 3962 1776 4019 ista
1800 3965 1941 4017 testi.

342 4044 546 4112 moria,
579 4045 791 4112 quando
823 4047 1390 4115 incomprehensibilis
1438 4064 1601 4123 atque
1633 4055 1938 4110 reverenda

343 4137 511 4190 vittis
536 4136 746 4190 Domini
778 4152 870 4205 per
893 4138 1017 4192 talia
1038 4141 1440 4197 concedebatur
1462 4145 1708 4214 agnosci.
1744 4145 1947 4213 Nimis,

342 4228 410 4280 ad
442 4236 722 4297 utrumque
760 4239 938 4299 potest
990 4230 1334 4289 laudabiliter
1379 4236 1693 4304 pertinere,
1729 4237 1843 4293 sive
1871 4241 1935 4293 ad

344 4319 616 4392 justitiam,
648 4321 759 4376 sive
785 4321 850 4375 ad
880 4327 1141 4377 verl:atem
1168 4341 1181 4377 τ
1219 4326 1346 4395 quia
1364 4327 1621 4397 justitiam
1654 4330 1936 4384 Dominum

345 4413 497 4464 nmis
543 4414 812 4480 mandare,
864 4414 1139 4481 profutura
1198 4416 1470 4474 districtio
1516 4430 1630 4485 est;
1677 4422 1937 4477 veritatem

349 4516 477 4556 vero
505 4503 653 4556 nimis
691 4504 887 4559 animis
915 4506 1213 4572 inculcare,
1243 4511 1453 4565 cautela
1484 4523 1585 4565 est.

2048 3336 2237 3379 versus
2264 3322 2473 3379 videtur
2503 3336 2661 3392 posse
2687 3337 3007 3393 congruere.
3036 3321 3170 3377 Nam
3208 3322 3351 3379 hunc
3382 3324 3518 3380 bene
3545 3338 3635 3380 ac-

2046 3413 2277 3483 cipimus
2306 3428 2395 3471 ex.
2420 3430 2648 3485 persona
2679 3413 2902 3484 Joseph,
2937 3415 3025 3486 qui
3057 3430 3087 3470 a
3117 3415 3416 3487 majoribus
3459 3418 3637 3473 fratri-

2047 3504 2147 3562 bus
2172 3514 2538 3575 contemptus,
2580 3516 2832 3576 tanquam
2859 3508 2961 3561 vile
2992 3508 3317 3577 mancipium
3362 3508 3636 3578 mangoni-

2048 3595 2146 3651 bus
2174 3598 2510 3652 venundatus
2550 3610 2676 3652 esse
2718 3597 3049 3667 dignoscttur
3084 3616 3096 3653 :
3125 3600 3215 3669 qui
3245 3609 3423 3654 tamen
3443 3599 3636 3670 justiﬁ-

2046 3686 2268 3741 catioms
2306 3686 2520 3743 Domini
2550 3686 2604 3742 in
2654 3701 2713 3742 se
2756 3688 2920 3743 factas
2952 3703 3053 3743 non
3082 3696 3157 3743 est
3188 3688 3395 3755 oblitus,
3426 3690 3639 3759 quando

2045 3794 2107 3836 se
2135 3780 2223 3849 pia
2251 3781 2304 3835 in
2334 3779 2583 3836 omnibus
2620 3781 2895 3837 voluntate
2943 3781 3214 3836 tractavit.
3246 3781 3341 3837 Ille
3377 3782 3521 3837 enim
3546 3796 3638 3837 co-

2043 3871 2322 3942 gnoscitur
2349 3871 2657 3926 liberatoris
2677 3873 2760 3925 sui
2813 3873 3147 3939 meminisse,
3170 3874 3259 3942 qui
3290 3873 3409 3941 ejus
3439 3886 3637 3941 praece-

2044 3962 2153 4029 ptis
2186 3960 2445 4029 probator
2492 3960 2859 4015 obedientiam
2904 3962 3272 4017 commodare.
3314 3963 3424 4017 lloc
3473 3964 3638 4019 etiam

2048 4052 2212 4106 David
2236 4067 2302 4106 ex
2325 4039 2557 4120 persona
2584 4067 2681 4108 sua
2714 4060 2892 4122 potest
2915 4054 3117 4119 dicere,
3151 4056 3240 4125 qui
3267 4053 3334 4109 ad
3354 4054 3503 4125 regni
3532 4056 3636 4112 cul-

2046 4143 2192 4197 mina
2225 4143 2365 4197 inter
2395 4141 2589 4197 fratres
2613 4158 2741 4198 suos
2766 4158 2864 4213 pro
2893 4144 3162 4200 imbecilla
3197 4154 3353 4202 tntatc
3378 4163 3483 4202 non
3514 4161 3636 4217 spe-

2046 4236 2268 4290 rabatur
2294 4247 2452 4303 posse
2474 4233 2757 4300 sullicere;
2782 4236 2877 4291 sed
2908 4243 3085 4291 tamen
3114 4237 3217 4292 iste
3238 4237 3639 4308 justi/icatlones

2045 4324 2261 4381 Domini
2294 4336 2439 4380 tanta
2469 4326 2759 4383 devotione
2806 4328 2859 4383 in
2890 4329 3148 4391 memoria
3198 4332 3389 4396 tenuit,
3426 4339 3486 4385 ut
3524 4330 3636 4401 ipse

2048 4416 2303 4473 Dominus
2332 4416 2536 4474 diceret
2562 4436 2574 4473 :
2607 4416 2785 4474 Inveni
2815 4419 2987 4475 David
3011 4421 3178 4491 ﬁlium
3205 4421 3377 4492 .Iesse,
3405 4424 3491 4492 qui
3512 4424 3637 4492 facit

2045 4524 2220 4563 omnes
2246 4510 2534 4564 voluntates
2559 4525 2698 4565 meas
2728 4513 3012 4566 secundum
3036 4528 3125 4566 cor
3150 4528 3319 4567 meum
3342 4513 3480 4585 (Act.
3515 4528 3639 4581 xm,

420 4590 571 4646 Vers.
608 4592 729 4649 I39.
756 4591 1030 4649 Tabescere
1045 4612 1125 4651 me
1148 4601 1263 4668 fecit
1294 4602 1434 4654 zelus
1460 4602 1641 4656 domus
1669 4615 1791 4671 tum,
1817 4607 1935 4675 quia

2043 4598 2158 4669 22).
2187 4599 2271 4654 Ad
2304 4609 2631 4668 postremum
2665 4601 2807 4671 quod
2858 4601 3250 4659 ﬁrmamentum
3299 4617 3421 4660 esse
3472 4605 3637 4660 totius

348 4685 490 4736 obltti
516 4694 633 4737 sunt
664 4685 813 4739 verba
844 4694 933 4740 tua
956 4689 1151 4743 inimici
1174 4693 1293 4745 mei.
1323 4692 1495 4749 Tabes
1528 4704 1608 4750 est
1640 4698 1810 4752 mnrbi
1842 4700 1939 4755 ali-

348 4772 503 4843 cujus
536 4785 813 4830 contracta
863 4779 1178 4845 necessitas,
1210 4797 1330 4851 qua:
1378 4798 1476 4839 nos
1524 4784 1649 4840 facit
1678 4788 1941 4858 paulatim

347 4864 609 4931 deﬂuere,
637 4867 765 4921 dum
792 4868 1035 4937 corporis
1064 4871 1389 4929 soliditatem
1427 4878 1627 4945 ptenali
1651 4878 1941 4934 afﬂictione

350 4957 647 5023 consumit;
681 4957 823 5027 quod
845 4959 945 5013 sibi
970 4959 1230 5018 accidisse
1253 4973 1476 5019 testatur
1496 4969 1606 5021 zelo
1628 4970 1811 5022 domus
1840 4970 1943 5026 Do-

349 5049 501 5116 mini,
537 5065 699 5120 quam
742 5068 845 5105 non
882 5053 1185 5119 patiebatur
1229 5057 1559 5125 perﬁdorum
1609 5062 1937 5118 laceratiOne

353 5142 562 5197 violari.
592 5141 749 5197 Zelus
777 5144 926 5198 enim
944 5152 999 5198 et
1021 5144 1073 5197 itt
1103 5147 1245 5201 malo
1273 5157 1328 5202 et
1357 5149 1408 5203 in
1442 5150 1581 5205 bono
1610 5153 1849 5221 ponitur.
1884 5155 1948 5209 In.

349 5230 513 5299 male,
548 5240 608 5285 ut
636 5238 720 5285 est
764 5231 893 5285 illud
926 5248 939 5284 :
972 5231 1123 5288 Zelus
1158 5244 1205 5288 et
1230 5237 1423 5291 invidia
1464 5243 1681 5296 comedit
1732 5244 1941 5299 domum

348 5324 533 5379 Jacob.
578 5324 644 5379 Et
672 5324 725 5379 in
766 5324 991 5381 Actibus
1019 5327 1387 5395 apostolorum
1430 5331 1653 5401 legitur:
1694 5333 1942 5391 Videntes

350 5412 520 5469 autem
534 5415 565 5468 J
573 5415 710 5469 ιιάωὶ
724 5415 792 5467 im
800 5416 923 5482 ptati
948 5427 1066 5470 sunt
1096 5418 1224 5485 zelo,
1247 5427 1297 5473 et
1320 5420 1598 5493 injecerunt
1621 5440 1800 5481 manus
1819 5443 1942 5482 suas

350 5510 404 5561 in
446 5507 701 5579 apostolos
729 5508 866 5580 (Act.
899 5523 959 5570 v.
989 5508 1097 5581 17).
1129 5511 1234 5565 Iste
1262 5512 1401 5565 enim
1434 5513 1581 5569 ducit
1607 5527 1823 5585 semper
1863 5518 1933 5574 ad

352 5600 561 5665 culpas,
587 5600 804 5669 laqueos
827 5603 1014 5668 nectit,
1040 5606 1177 5655 viam
1200 5603 1389 5657 salutis
1412 5605 1700 5675 intercipit.
1720 5607 1777 5662 In
1801 5609 1945 5665 bono

354 5704 484 5744 vero
514 5691 738 5759 positutn
761 5700 841 5745 est
868 5705 883 5742 :
910 5690 1065 5746 Zelus
1096 5692 1274 5747 domus
1303 5703 1405 5749 tua:
1430 5698 1646 5751 comedit
1668 5714 1745 5751 me
1764 5698 1939 5771 (Psal.

355 5795 540 5839 uvm.
577 5780 681 5843 l0).
726 5779 791 5833 Et
824 5780 964 5836 Elias
996 5783 1156 5838 dicit:
1188 5784 1377 5842 Zelnns
1408 5788 1567 5843 zelavi
1592 5804 1688 5855 pro
1717 5790 1944 5850 Donn'to

2044 4700 2260 4747 constat
2288 4692 2564 4760 Ecclesiae,
2596 4700 2775 4763 potest
2808 4693 2914 4750 hoc
2960 4693 3142 4750 dicere
3171 4694 3399 4764 populus
3421 4695 3635 4767 adopti-

2047 4797 2169 4848 vus,
2199 4782 2429 4853 populus
2457 4783 2659 4852 gratiae,
2686 4784 2913 4853 populus
2942 4800 3133 4850 novus,
3158 4786 3248 4855 qui
3270 4795 3429 4843 aetate
3451 4788 3632 4859 sequi-

2048 4883 2155 4938 tur,
2181 4874 2275 4927 sed
2310 4871 2430 4928 ﬁdei
2461 4873 2718 4941 dignitate
2750 4874 3024 4942 precedit.
3058 4865 3210 4932 Unde
3237 4875 3374 4933 bene
3400 4878 3633 4949 suscipi-

2053 4974 2137 5018 tur
2158 4964 2385 5033 loquens
2414 4978 2509 5033 per
2530 4973 2701 5019 totum
2723 4966 2983 5035 psalmum
3013 4965 3209 5022 cohors
3237 4968 3390 5024 beata
3416 4980 3634 5026 sancto-

2048 5070 2187 5120 rum,
2215 5071 2333 5125 qme
2362 5054 2527 5128 422
2553 5067 2775 5113 cunctos
2806 5056 3013 5126 ﬁdeles,
3042 5067 3266 5116 cunctos
3293 5062 3643 5123 beatissimos

2049 5146 2305 5214 probatur
2331 5150 2601 5217 amplecti.

2117 5235 2272 5292 Vcrs.
2306 5237 2427 5295 142.
2450 5236 2661 5292 Iustitia
2689 5246 2799 5305 tua,
2828 5240 3046 5312 justitia
3067 5242 3121 5297 in
3152 5253 3401 5299 aternum
3430 5262 3453 5303 :
3480 5256 3530 5303 et
3555 5249 3641 5305 ιω

2046 5337 2136 5380 tua
2175 5330 2378 5385 veritas.
2411 5329 2508 5386 llic
2537 5345 2727 5385 versus
2769 5341 2825 5385 et
2850 5333 3105 5403 justitiam
3132 5334 3349 5392 Domini
3388 5348 3440 5393 et
3466 5341 3637 5412 legent

2042 5422 2280 5479 adhibita
2311 5424 2636 5495 proprietate
2669 5426 2949 5485 discernit.
2996 5430 3284 5489 Hominum
3313 5437 3514 5504 quippe
3533 5437 3631 5509 ju-

2040 5515 2181 5570 stitia
2208 5527 2617 5587 quantacunque
2647 5517 2740 5585 sit,
2770 5522 2989 5578 estsine
3016 5523 3179 5580 dubio
3207 5530 3540 5597 temporalis.
3571 5540 3647 5584 ut.

2045 5616 2129 5661 est
2162 5607 2250 5677 jus
2277 5610 2365 5663 itia
2414 5609 2877 5679 philosophorum,
2917 5615 3099 5684 quise
3130 5617 3382 5673 videntur
3422 5634 3653 5674 morem

2045 5699 2309 5767 probitate
2362 5710 2610 5765 tractare,
2646 5715 2765 5770 qua:
2805 5703 2931 5758 sine
2970 5705 3064 5762 Dei
3110 5707 3316 5762 cultura
3369 5708 3636 5763 veraciter

2044 5810 2180 5852 vana
2210 5796 2384 5863 gloria
2405 5809 2760 5865 nuncupatur.
2794 5798 2925 5857 Nam
2955 5803 3152 5871 iustitia
3174 5804 3382 5859 Domini
3408 5805 3460 5857 in
3486 5811 3633 5857 teter-
