4032 6340
192 352 280 408 ιθο
1039 340 1400 400 EXPOSI'I’IO
1438 340 1503 396 ΙΝ
1544 338 1786 396 PSALTE

1891 341 2000 398 ΠΜ.
2045 340 2235 399 PSAL.
2277 341 2502 401 CXVI".

3353 345 3467 406 890.

190 479 299 530 ιιι-ω
327 458 557 512 tliluttulo
582 454 716 511 facta
741 466 856 520 est;
883 456 1119 509 aitenim
1148 454 1492 524 Evangelium
1520 470 1530 504 :
1564 451 1626 503 Et
1648 469 1762 505 cum
1792 461 1835 518 Α
1866 456 2197 511 secutionem
2242 457 2439 528 injuste
2486 459 2801 531 pertulisse,
2835 459 3174 519 adversarios
3218 469 3396 515 autem
3424 475 3457 517 a

189 565 311 605 esset
336 549 481 603 valde
504 548 752 613 diluculo,
776 548 907 601 venit
932 546 1099 600 Maria
1118 550 1185 599 ad
1211 555 1587 599 mommtentum
1612 543 1763 615 (Lque.

189 656 328 705 tum,
358 639 551 709 l),etv.
578 640 918 707 Sequitur,ut
943 639 1213 690 meditarer
1234 637 1437 705 eloquia
1461 646 1566 689 tua.
1595 634 1766 689 Causa

189 734 431 788 redditur
460 746 557 786 cur
578 741 701 784 ante
727 730 1018 783 diluculum
1051 743 1203 784 mens
1229 730 1422 783 devota
1452 729 1768 794 surrexerit,

190 842 296 879 non
332 836 385 877 ut
413 838 599 892 agrum
628 826 853 888 coieret,
887 838 990 876 n0u
1022 834 1076 875 nt
1096 822 1444 876 salutationes
1471 821 1768 889 potentium

190 918 530 987 pne-veniret,
582 916 677 971 sed
709 925 766 968 ut
805 915 1009 969 Dotnini
1041 915 1370 968 meditaretur
1399 914 1621 982 eloquia,
1652 928 1772 982 qua:

192 1023 465 1077 nunquam
500 1016 719 1075 possunt
749 1006 831 1076 pia
887 1017 1005 1060 vota
1050 1006 1328 1075 refugere,
1374 1004 1500 1059 dum
1539 1004 1772 1059 suavitas

193 1115 380 1157 eorum
404 1112 637 1171 ‘semper
666 1100 877 1154 videtur
922 1114 1263 1164 accrescere,
1294 1098 1447 1152 sicut
1482 1098 1534 1151 in
1564 1096 1773 1151 decima

198 1201 352 1257 tertia
384 1197 561 1252 littera
587 1195 785 1248 dictum
817 1199 936 1247 est:
973 1191 1141 1257 Quam
1171 1189 1346 1243 dulcia
1390 1190 1624 1259 [auribus
1651 1187 1774 1242 meis

194 1290 399 1359 elutuia
427 1296 515 1340 tua
546 1284 568 1338 .'

270 1380 421 1433 Vers.
447 1375 570 1433 “9.
602 1373 787 1428 Vocem
806 1387 970 1426 nteant
995 1370 1202 1436 exaudi,
1231 1368 1445 1424 Domine
1462 1410 1478 1434 ,
1499 1367 1777 1423 secundum

206 1469 607 1525 misericordiam
648 1476 809 1529 tuam,
846 1475 891 1517 et
920 1463 1200 1518 secundum
1230 1463 1488 1533 judicium
1528 1470 1670 1514 tuum
1704 1460 1776 1513 vi-

201 1564 352 1631 riﬁca
382 1577 481 1614 me.
516 1558 885 1627 Respiciamus
918 1570 1077 1625 quam
1120 1555 1353 1608 mirabili
1376 1554 1636 1609 modeStia
1665 1555 1777 1609 veri

196 1652 388 1707 famuli
418 1649 624 1704 Domini
667 1647 950 1705 Dominum
999 1646 1384 1714 deprecentur;
1434 1654 1490 1702 et
1518 1646 1779 1716 intelliga-

198 1760 319 1809 mus
370 1743 500 1797 nihil
548 1756 669 1797 esse
699 1737 1132 1808 prtesumendutn
1172 1738 1217 1791 si
1248 1735 1446 1806 aliquid
1497 1736 1653 1790 nobis
1684 1750 1780 1803 per

200 1835 295 1888 Dei
344 1833 567 1903 gratiam
620 1828 989 1899 prosperitatis
1038 1826 1298 1881 arriserit.
1351 1825 1445 1879 ille
1499 1827 1640 1879 enim
1687 1825 1777 1894 qui

200 1930 416 1981 vincens
444 1933 655 1979 aetatem
686 1921 979 1991 puerilibus
1004 1920 1159 1974 annis
1195 1917 1447 1973 clamavit
1484 1917 1552 1972 ad
1600 1917 1779 1971 Domi-

202 2033 360 2082 suum,
390 2018 478 2086 qui
508 2014 743 2070 diluculo
769 2013 1032 2079 surrexit,
1068 2025 1282 2081 semper
1311 2009 1379 2067 ad
1415 2008 1602 2071 laudes
1628 2009 1777 2063 misc-

199 2107 472 2163 ricordiam
498 2105 648 2175 petit,
669 2115 719 2159 et
746 2113 803 2158 ut
831 2103 1111 2167 rivi/icetur
1134 2108 1355 2165 exorat,
1385 2102 1506 2169 quia
1535 2098 1588 2153 in
1618 2097 1779 2152 nullis

202 2210 287 2256 est
314 2197 603 2267 Operibns,
638 2195 739 2250 nisi
767 2197 816 2249 in
846 2194 962 2250 sola
992 2193 1201 2247 Domini
1234 2193 1429 2261 pietate
1454 2203 1783 2259 praesumen-

199 2291 352 2350 dum.
379 2291 510 2344 Cum
540 2288 667 2342 dicit
693 2288 869 2342 enim:
918 2286 1097 2340 Vocem
1128 2300 1292 2340 meam
1313 2285 1518 2348 exaudi,
1542 2282 1779 2346 Domine,

202 2382 483 2436 secundum
507 2381 908 2434 misericordiam
928 2390 1069 2432 tuam
1088 2420 1102 2443 ,
1120 2395 1226 2433 non
1254 2380 1415 2433 habet
1432 2377 1580 2448 quod
1596 2385 1782 2430 contra

204 2481 419 2553 pet-cata
463 2486 561 2524 sua
597 2470 929 2525 confidenter
972 2469 1219 2539 ohjiciat;
1258 2469 1352 2525 sed
1404 2469 1547 2522 illum
1578 2476 1780 2521 tantum

204 2565 335 2631 petit
364 2561 788 2617 misericordiam
814 2576 934 2629 quae
975 2576 1041 2615 ex
1072 2560 1281 2617 miseris
1310 2560 1494 2615 beatos
1528 2557 1683 2623 facit,
1715 2574 1777 2612 ex

202 2657 423 2727 captivis
464 2656 691 2719 liberos,
730 2670 796 2711 ex
842 2655 1066 2716 mortuis
1089 2658 1272 2721 viros,
1302 2670 1368 2711 ex
1400 2653 1785 2729 temporalibus

203 2748 574 2816 sempiternos.
607 2747 879 2817 Sequitur,
914 2747 1194 2801 secundum
1211 2745 1471 2817 judicium
1495 2755 1638 2799 tuum
1666 2745 1787 2799 vivi-

205 2841 303 2913 (tca
340 2855 445 2904 me,
487 2838 694 2893 scilicet
725 2837 817 2892 illo
847 2853 953 2908 quo
982 2837 1404 2907 supplicantibus
1433 2837 1638 2909 parcis,
1678 2852 1785 2905 quo

205 2946 263 2983 se
289 2930 605 2984 damnantes
634 2929 929 2984 clementer
958 2928 1216 2988 absolvis.
1269 2928 1337 2982 Et
1380 2944 1502 2983 cum
1548 2927 1784 2996 addidit,

207 3025 401 3092 eiei/ica
434 3042 512 3079 me
531 3066 547 3091 ,
578 3026 866 3079 confitetur
886 3040 945 3079 se
976 3032 1245 3079 mortuum
1271 3040 1389 3080 esse
1417 3025 1535 3094 lege
1562 3025 1783 3094 peccati.

216 3112 475 3183 Vioiﬁeari
516 3115 658 3169 enim
706 3131 813 3171 non
852 3124 1054 3186 potest,
1086 3118 1185 3172 nisi
1227 3118 1316 3186 qui
1353 3116 1405 3171 in
1433 3131 1492 3173 se
1517 3117 1784 3187 propriam

209 3221 313 3261 non
349 3206 508 3263 habet
530 3208 711 3279 vitam.

276 3297 431 3353 Vcrs.
454 3299 572 3354 150.
601 3301 1147 3377 Appropinquaverunt
1169 3301 1295 3375 [ms.
1314 3302 1377 3357 ϐ.
1398 3312 1451 3358 et
1470 3302 1582 3368 ed.,
1606 3319 1788 3374 appro-

211 3392 504 3464 piaecrunt]
532 3408 883 3465 persequentes
912 3414 990 3452 me
1018 3399 1238 3470 injuste;
1275 3416 1307 3453 a
1349 3401 1460 3471 lege
1501 3410 1671 3457 autem
1702 3409 1791 3453 tua

208 3487 353 3555 longe
368 3486 491 3555 facti
516 3494 654 3541 sunt.
673 3485 903 3541 Noverat
920 3488 1262 3558 propheticus
1279 3482 1496 3560 spiritus
1511 3490 1790 3547 beatorum

208 3591 327 3644 qua:
358 3576 591 3644 pericula
622 3577 855 3646 graviter
885 3577 1258 3644 imminerent;
1288 3588 1341 3634 et
1369 3579 1789 3637 misericordiam

208 3680 330 3722 ante
372 3668 558 3737 petiit,
604 3677 659 3721 ut
685 3670 734 3722 in
765 3668 847 3724 eis
878 3669 1019 3723 nulla
1062 3670 1267 3737 possint
1304 3671 1585 3727 atrocitate
1626 3687 1789 3742 supe-

207 3760 334 3812 rari.
368 3759 790 3829 Appropinquant
836 3761 979 3815 enim
1022 3771 1403 3831 persequentes,
1430 3762 1642 3831 quando
1672 3772 1793 3833 post

209 3850 389 3903 omnia
422 3866 590 3918 usque
634 3850 701 3905 ad
740 3851 918 3906 carnis
958 3852 1334 3906 lacerationem
1367 3852 1615 3907 videntur
1634 3838 1792 3908 acce-

207 3943 368 4007 dere;
400 3942 539 3996 sicut
585 3943 638 3996 in
683 3942 939 3997 vicesimo
983 3943 1159 4014 primo
1214 3942 1420 4011 psalmo
1448 3944 1513 3997 de
1541 3944 1794 3999 Passionc

207 4036 422 4091 Domini
450 4037 649 4091 dictum
677 4046 788 4093 est:
817 4036 897 4091 Ne
926 4038 1157 4091 discedas
1180 4054 1211 4091 a
1236 4052 1343 4103 me,
1371 4038 1607 4106 quoniant
1631 4040 1792 4096 tribu-

205 4129 336 4181 latio
362 4128 597 4199 proxima
626 4137 700 4183 est
730 4126 900 4199 (Psat.
932 4143 1055 4194 ιιι,
1088 4126 1201 4197 12).
1237 4127 1303 4182 Ει
1351 4129 1405 4183 in
1462 4127 1793 4197 Evangelio:

207 4219 421 4288 Surgite
444 4234 617 4273 eamus
636 4259 653 4284 ,
685 4218 1111 4288 appropinquavit
1146 4218 1269 4290 [ιιιε.
1297 4216 1389 4286 6.,
1421 4215 1793 4288 appropriavit']

205 4310 343 4362 enim
396 4310 484 4375 qui
533 4325 610 4362 me
660 4309 825 4362 tradet
880 4307 1105 4383 (Matth.
1161 4323 1325 4373 xxvr,
1365 4306 1437 4361 46
1466 4306 1512 4378 ).
1562 4307 1795 4365 Pulchre

204 4414 384 4456 autem
430 4401 633 4456 addidit
688 4410 904 4471 propter
948 4399 1359 4465 discretionem,
1406 4401 1624 4483 injuste,
1673 4401 1796 4469 quia

206 4503 440 4561 possunt
466 4501 519 4547 et
548 4493 976 4561 persecutionem
1008 4491 1115 4559 pati
1164 4490 1254 4560 qui
1295 4491 1371 4545 rei
1404 4499 1564 4561 sunt,
1596 4492 1649 4546 in
1676 4492 1796 4562 qui-

1873 547 1990 616 legc
2023 549 2229 603 Domini
2264 550 2428 605 factos
2449 566 2568 607 esse
2596 552 2935 622 longinquos.

1945 640 2096 695 Vcrs.
2124 640 2245 694 l5l.
2275 639 2443 711 PrOpe
2466 660 2522 696 es
2548 655 2601 701 tu
2621 684 2636 708 ,
2669 642 2914 707 Domine,
2940 652 2987 696 et
3014 642 3185 695 omnia
3214 641 3457 692 mandata

1873 740 1959 783 tua
1985 732 2184 786 veritas.
2212 732 2414 787 Contra
2452 735 2594 788 illam
2622 735 3017 805 proximitatem
3047 734 3451 788 violentissima:

1872 827 2264 896 persecutionis
2284 870 2299 893 ,
2332 828 2662 884 vicinitatem
2700 826 2909 883 Domini
2938 828 3037 882 sibi
3066 827 3194 881 dicit
3221 842 3344 882 esse
3374 842 3460 880 re—

1875 918 2141 985 medium,
2173 919 2316 979 uude
2346 920 2535 974 salutis
2561 920 2821 974 auxilium
2871 928 3094 974 noverat
3122 934 3241 973 esse
3268 926 3459 971 ventu-

1875 1026 2014 1065 rum.
2052 1010 2187 1065 Dicit
2239 1013 2414 1079 enim,
2465 1028 2624 1083 prape
2667 1028 2747 1075 es,
2791 1010 3061 1087 Domine,
3091 1011 3212 1080 quia
3261 1008 3459 1077 ubique

1890 1100 2077 1169 plenus
2098 1143 2111 1165 ,
2144 1102 2337 1172 ubique
2387 1110 2529 1157 totus
2557 1118 2650 1168 es,
2696 1118 2802 1156 non
2850 1102 3036 1171 spatiis
3066 1100 3330 1164 inclusus,
3362 1099 3456 1154 sed

1876 1188 1992 1260 ipse
2020 1194 2187 1260 spatia
2232 1200 2425 1247 euncta
2469 1194 2685 1265 replens
2714 1202 2875 1261 atque
2904 1192 3289 1261 complectens.
3322 1190 3456 1244 Nam
3492 1180 3495 1185 ”

1877 1296 1994 1335 cum
2027 1285 2282 1351 prepheta
2309 1284 2471 1339 vellet
2499 1285 2787 1345 ostendere
2811 1284 3004 1352 ubique
3030 1282 3146 1352 ejus
3176 1296 3296 1337 esse
3325 1296 3459 1350 pra:-

1876 1380 2131 1444 sentiam,
2177 1378 2303 1433 alibi
2349 1379 2516 1433 dicit:
2550 1378 2612 1433 Si
2654 1379 2930 1432 escendero
2974 1379 3027 1433 in
3069 1379 3271 1445 uelum,
3298 1377 3367 1431 ibi
3409 1393 3460 1435 es

1880 1468 2013 1540 [cd.,
2049 1478 2102 1520 tu
2124 1466 2232 1523 illic
2254 1467 2326 1540 es]
2359 1486 2377 1523 :
2404 1470 2447 1523 si
2477 1470 2777 1523 descendere
2804 1472 2857 1523 in
2896 1471 3175 1539 infernum,
3214 1470 3363 1537 ades.
3392 1468 3455 1523 Si

1879 1578 2144 1629 sumpsero
2162 1578 2352 1630 pennas
2368 1578 2506 1616 meas
2531 1573 2647 1616 ante
2673 1563 2837 1617 lucem
2854 1605 2868 1629 ,
2894 1575 2941 1617 et
2963 1562 3259 1615 Itabitavero
3289 1562 3340 1614 in
3362 1577 3456 1630 po-

1878 1663 2062 1708 stremo
2086 1654 2271 1706 maris:
2296 1654 2479 1707 etenim
2500 1652 2624 1707 illuc
2639 1670 2818 1708 manus
2842 1665 2929 1708 tua
2954 1655 3170 1708 deducet
3196 1654 3456 1723 me(Psal.

1880 1759 2136 1811 cxxxvm,
2155 1744 2208 1812 8,
2234 1740 2286 1810 9,
2309 1745 2421 1812 i0).
2453 1744 2557 1800 Sed
2588 1759 2707 1799 cum
2738 1745 2892 1799 dicit:
2920 1742 3089 1816 Prope
3116 1761 3188 1807 es,
3208 1732 3423 1797 Domine
3444 1788 3459 1811 ,

1880 1840 2165 1892 confitetur
2182 1854 2286 1892 non
2308 1854 2430 1892 eum
2456 1838 2704 1907 ignorare
2726 1841 2772 1892 si
2798 1854 3049 1906 perverse
3074 1837 3310 1907 gerimus
3326 1880 3340 1904 ,
3362 1850 3463 1889 nec
3489 1822 3492 1826 ’

1880 1929 2151 1983 declinare
2176 1944 2296 1983 cum
2328 1928 2580 1999 fugimus.
2611 1927 2723 1989 Una
2752 1939 2833 1984 est
2864 1944 2991 1998 ergo
3024 1928 3170 1983 salus
3193 1926 3258 1980 ad
3290 1927 3469 1995 ipsum

1883 2018 2137 2075 festinare
2155 2063 2170 2088 ,
2199 2037 2361 2090 quem
2382 2037 2486 2075 non
2517 2022 2687 2090 possis
2710 2021 2960 2091 cllugere.
2988 2018 3203 2074 Addidit
3226 2031 3465 2089 quoque,

1881 2122 1927 2168 et
1959 2115 2129 2167 omnia
2174 2116 2418 2167 mandata
2466 2124 2552 2169 tua
2589 2115 2795 2168 veritas.
2832 2115 2943 2169 lloc
2972 2112 3061 2167 ille
3086 2121 3259 2182 potest
3286 2111 3465 2165 dicere
3500 2184 3505 2189 Α

1880 2204 1968 2273 qui
2001 2205 2230 2270 veritati,
2263 2204 2313 2267 id
2345 2214 2428 2261 est
2458 2205 2683 2260 Domino
2706 2206 2919 2261 Christo
2950 2203 3198 2268 credidit,
3230 2211 3284 2256 et
3315 2216 3461 2257 tuan-

1881 2291 2006 2347 data
2030 2293 2144 2362 ejus
2168 2293 2388 2348 salutari
2414 2295 2742 2365 perfectione
2766 2297 3024 2366 suscepit.
3050 2294 3268 2351 Judmus
3287 2301 3473 2353 autem

1881 2386 2011 2440 talia
2042 2402 2147 2440 non
2177 2397 2352 2455 p0test
2385 2386 2566 2455 loqui,
2602 2389 2689 2457 qui
2723 2388 2895 2445 noluit
2919 2387 3141 2441 credere
3170 2384 3391 2439 veritati.

1961 2475 2113 2530 Vers.
2147 2476 2267 2530 152.
2287 2475 2359 2529 Ab
2384 2475 2527 2529 initio
2552 2479 2766 2549 cognovi
2787 2478 2849 2537 de
2866 2477 3166 2532 testimoniis
3195 2477 3321 2540 tuis,
3347 2473 3483 2551 quia

1884 2568 1937 2621 in
1965 2578 2211 2621 wtcrnum
2232 2569 2463 2639 fundasti
2481 2585 2560 2623 ea.
2584 2569 2659 2623 Ab
2689 2570 2832 2625 initio
2855 2569 3119 2638 signiﬁcat
3146 2584 3177 2622 a
3199 2566 3462 2621 rudimen-

1889 2658 1955 2711 tis
2014 2658 2230 2723 steculi,
2282 2659 2495 2727 quando
2536 2674 2564 2712 a
2608 2659 2757 2727 justo
2795 2658 2929 2713 Abel
2972 2657 3136 2727 (Gen.
3173 2674 3252 2725 tv,
3277 2657 3343 2723 8)
3376 2669 3469 2713 no-

1886 2764 2012 2802 men
2048 2749 2212 2818 cmpit
2241 2763 2361 2804 esse
2391 2757 2726 2813 sanctorum,
2760 2750 2847 2816 qui
2880 2749 3137 2801 innocens
3182 2761 3211 2799 a
3263 2744 3480 2803 uchrio.

1887 2840 2053 2895 fratre
2102 2840 2158 2894 in
2205 2842 2508 2910 exemplum
2559 2841 2768 2895 Domini
2800 2839 3094 2894 Salvatoris
3123 2838 3333 2892 occisus
3362 2844 3465 2890 est.

1888 2931 2131 3001 Cognovit
2160 2947 2371 3001 quoque
2410 2933 2473 2985 ab
2503 2932 2676 2996 initio,
2720 2931 2932 3001 quando
2964 2926 3354 2984 Melchisedech
3384 2941 3469 2981 sa-
3498 2920 3503 2923 ⁴

1890 3024 2128 3078 cerdotis
2165 3022 2345 3077 oblata
2391 3037 2611 3076 munera
2661 3021 2711 3075 in
2742 3020 2995 3075 dominici
3024 3017 3267 3087 corporis
3298 3016 3469 3086 pra-li-

1889 3115 2168 3185 gnratione
2209 3124 2456 3185 suscepta
2502 3122 2646 3170 sunt.
2690 3114 2937 3185 Cagnat-it
2980 3113 3140 3168 etiam
3182 3112 3244 3164 ab
3292 3111 3472 3176 initio,

1815 3241 1863 3303 Ο
1892 3206 2108 3275 quando
2135 3206 2403 3266 Abraham
2439 3208 2605 3261 tilium
2644 3221 2799 3261 suum
2828 3206 2880 3260 itt
2912 3204 3225 3274 mysterium
3262 3202 3473 3258 Domini

1894 3299 2190 3355 Salvatoris
2221 3298 2414 3352 obtulit
2459 3297 2875 3363 immolandum,
2910 3305 2965 3350 et
2996 3296 3077 3350 his
3102 3294 3325 3360 s'milia,
3355 3309 3474 3362 qua:

1894 3404 2169 3446 sacrarum
2219 3390 2520 3445 litterarum
2570 3388 2890 3444 lectionibus
2919 3388 3266 3445 continentur
3307 3384 3476 3459 (Gen.

1894 3495 2006 3535 xxu
2026 3522 2041 3546 ,
2078 3480 2187 3549 l0).
2228 3482 2353 3535 llaec
2388 3480 2506 3539 sine
2536 3480 2699 3534 dubio
2728 3480 2781 3533 in
2810 3489 3056 3534 ceternum
3086 3478 3302 3549 fundata
3326 3486 3477 3542 sunt,
3502 3464 3505 3467 v

1895 3575 2145 3641 quoniam
2168 3574 2406 3627 veritatis
2431 3572 2597 3642 ipsius
2628 3571 2931 3627 testimonio
2954 3569 3389 3638 comprobantur.
3415 3568 3477 3621 Et

1894 3665 2032 3719 bene
2056 3663 2221 3728 dixit,
2258 3665 2472 3733 [ιιηιιςιια
2496 3673 2644 3728 sunt,
2690 3664 2884 3731 quippe
2914 3676 3033 3731 qua:
3062 3661 3126 3714 ad
3161 3658 3477 3712 fundamen-

1895 3766 2006 3811 tum
2024 3756 2222 3811 Christi
2248 3757 2457 3823 Domini
2479 3757 2832 3825 pertinebant.
2853 3756 2971 3826 Ipse
2992 3756 3135 3808 enim
3164 3753 3477 3817 fundamen-

1896 3856 2008 3903 tum
2035 3847 2309 3916 singulare
2339 3862 2402 3901 ac
2427 3848 2655 3901 solidum
2684 3857 2765 3900 est
2784 3890 2797 3913 ,
2833 3845 3128 3901 sicutdcit
3156 3844 3479 3912 Apostolus,

1897 3937 2315 3993 Fundamentum
2354 3939 2486 3995 enim
2516 3940 2659 3992 aliud
2688 3954 2835 3992 nemo
2871 3947 3030 4007 potest
3068 3951 3254 4005 ponere
3299 3945 3478 4002 praeter

1896 4033 1951 4085 id
1976 4033 2114 4102 quod
2147 4032 2371 4102 positum
2418 4042 2513 4097 est,
2544 4033 2679 4099 quod
2709 4040 2781 4085 est
2820 4030 3051 4084 Christus
3081 4030 3230 4083 Jesus
3271 4027 3321 4099 (1
3360 4027 3479 4083 Cor.

1897 4139 1983 4190 tn,
2005 4122 2117 4193 ll).
2142 4123 2295 4180 Unde
2321 4124 2597 4179 evidenter
2622 4131 2876 4194 apparet,
2918 4124 3059 4193 quod
3098 4137 3242 4191 sa'pe
3280 4121 3479 4176 dictum

1899 4227 2011 4285 est,
2055 4217 2240 4271 ﬁdeles
2273 4223 2452 4271 mente
2476 4214 2825 4286 eonspcxisse
2855 4215 3139 4269 Dominum
3170 4214 3481 4277 Christum,

1899 4308 2122 4385 ejusque
2148 4318 2390 4363 sanctum
2422 4306 2711 4362 adventum
2743 4309 2797 4363 in
2830 4306 3350 4378 pratligurationibus
3375 4306 3417 4360 Τ
3422 4321 3482 4360 o-

1899 4402 2153 4458 Slamenli
2188 4401 2398 4463 Veteris
2437 4402 2741 4472 agnovisse.

1976 4493 2128 4549 Vers.
2164 4494 2372 4548 155.--
2396 4509 2488 4548 xx.
2518 4493 2646 4548 Res.
2690 4491 2820 4551 Vide
2848 4493 3188 4554 humilitatem
3218 4507 3407 4553 meam,
3437 4498 3484 4544 et

203 4586 306 4638 bus
338 4583 616 4637 latrocinia
648 4581 933 4637 commissa
957 4580 1277 4651 puniuntur,
1307 4582 1448 4637 sicut
1472 4593 1526 4637 et
1548 4583 1599 4636 itt
1624 4583 1797 4637 Evan-
1825 4616 1878 4677 Β
1900 4590 2039 4658 eripe
2066 4604 2173 4652 me,
2204 4588 2323 4658 quia
2352 4586 2513 4657 legem
2539 4596 2680 4641 tuam
2705 4602 2808 4641 non
2838 4602 2951 4640 sum
2984 4586 3189 4638 oblitus.
3218 4584 3355 4637 Ecce
3372 4581 3483 4650 jam

201 4675 348 4745 gelio
375 4673 542 4741 dicit,
569 4671 717 4727 Beati
745 4675 832 4743 qui
858 4674 1257 4744 persecutionem
1286 4675 1547 4743 patiuntur
1573 4672 1791 4745 (Matth.

193 4785 242 4830 v,
289 4765 423 4834 Ml),
469 4765 563 4820 sed
608 4765 845 4830 addidit,
888 4776 1094 4839 propter
1114 4766 1394 4835 justitiam.
1436 4766 1580 4821 Bene
1619 4776 1796 4821 autem

191 4858 283 4912 hic
343 4858 548 4911 dictum
595 4865 708 4926 est,
756 4857 978 4927 injuste;
1009 4857 1262 4924 quoniam
1295 4856 1631 4926 patiebantur
1658 4857 1798 4912 mala

189 4963 300 5019 pro
355 4948 547 5014 bonis;
586 4957 644 5003 ut
685 4947 880 5018 quibus
927 4948 1155 5003 salutem
1204 4948 1593 5016 prmdicabant,
1637 4947 1803 5013 morti

186 5052 301 5097 eos
332 5046 588 5107 putarent
613 5052 736 5093 esse
765 5036 1096 5092 subdeudos.
1128 5036 1401 5105 Sequitur,
1431 5054 1464 5090 a
1494 5039 1603 5109 lege
1628 5047 1800 5092 autem

183 5142 281 5181 tua
313 5129 470 5201 longe
496 5129 619 5199 facti
640 5138 779 5182 sunt.
820 5127 911 5181 Isti
946 5128 1149 5182 scilicet
1184 5140 1558 5197 persecutores
1598 5140 1798 5199 quanto

184 5223 257 5274 ad
296 5229 613 5275 sanctorum
642 5233 828 5289 poenas
862 5218 1372 5289 appmpinquabant,
1417 5228 1563 5273 tanto
1612 5235 1643 5273 a
1684 5220 1799 5290 lege

187 5310 428 5367 Domini
474 5309 822 5373 recedebant.
868 5309 1101 5364 Necesse
1148 5309 1293 5362 enim
1340 5318 1421 5362 est
1460 5316 1517 5362 ut
1543 5308 1798 5364 deserant

185 5402 496 5473 justitiam,
526 5401 615 5474 qui
662 5402 733 5456 ad»
769 5416 961 5471 pravas
999 5401 1219 5457 semitas
1248 5399 1611 5468 malitiamque
1643 5400 1794 5454 festi-

185 5503 368 5559 nant,
402 5494 526 5562 quia
560 5494 783 5548 Domino
812 5492 1116 5563 proximare
1146 5507 1252 5546 non
1283 5498 1536 5560 possunt,
1577 5491 1681 5545 nisi
1710 5494 1803 5560 qui

179 5586 324 5656 ejus
378 5587 577 5656 regulis
615 5587 1007 5642 obsecundant.
1049 5585 1181 5653 Qua:
1230 5584 1397 5655 figura
1440 5582 1638 5639 dicitur
1673 5599 1803 5656 syn-

181 5675 399 5742 erisis,
441 5679 654 5748 quoties
706 5679 988 5734 meliorem
1039 5692 1255 5732 causam
1312 5685 1586 5741 noStram,
1641 5689 1799 5744 quam

180 5768 647 5837 alterwiormn
677 5784 798 5827 esse
829 5778 1211 5825 tnouswamus.
1239 5766 1378 5824 Dicit
1407 5765 1549 5824 cnim
1586 5780 1645 5824 sc
1675 5780 1800 5835 pet-

1901 4679 2208 4733 vicesimam
2258 4678 2485 4732 litteram
2519 4676 2745 4746 populus
2787 4675 3038 4732 vitiorum
3086 4675 3256 4729 victor
3302 4674 3483 4742 ingre-

1902 4770 2069 4833 ditur,
2101 4770 2152 4824 in
2195 4784 2297 4838 qua
2346 4783 2406 4823 se
2446 4767 2579 4837 petit
2604 4767 2899 4832 viviticari;
2939 4765 3193 4836 quoniam
3237 4765 3513 4829 mandata,

1903 4861 2112 4916 Domini
2140 4874 2350 4913 summo
2380 4856 2561 4913 studio
2583 4856 2880 4927 requisivit.
2908 4856 3087 4925 Longe
3107 4868 3282 4909 att'em
3307 4869 3335 4906 a
3363 4867 3485 4921 pec-

1902 4952 2171 5009 catoribus
2212 4951 2437 5004 salutem
2486 4962 2608 5004 esse
2654 4928 3241 5015 ευιιιιιιοιιιιηιιιξτιιιίη
3289 4944 3491 5001 similia

1903 5060 2009 5098 non
2047 5043 2309 5098 fecerunt.
2342 5043 2669 5110 Principium
2712 5056 2925 5110 quoque
2958 5042 3238 5099 verborum
3276 5035 3491 5094 Domini

1902 5134 2185 5187 veritatem
2210 5148 2329 5188 esse
2358 5142 2601 5186 testatur.
2628 5132 2732 5186 Sed
2758 5141 2810 5185 ut
2841 5130 2906 5185 ad
2937 5130 3126 5185 litteras
3150 5128 3480 5199 hujusprin-

1900 5225 2037 5295 cipia
2067 5225 2382 5290 redeamus,
2413 5225 2573 5278 dicit:
2612 5222 2740 5277 Vide
2760 5222 3104 5277 humilitatem
3124 5238 3307 5276 meam.
3330 5220 3487 5288 Quod

1903 5315 1990 5369 hic
2038 5315 2246 5368 videtur
2292 5314 2356 5371 ad
2397 5324 2660 5390 martyres
2692 5312 3001 5382 pertinere,
3032 5328 3259 5390 quorum
3289 5326 3487 5381 corpus

1903 5407 1976 5461 ita
2026 5405 2332 5475 ingentibus
2379 5405 2659 5461 tormentis
2710 5403 2981 5474 afﬂigitur,
3018 5412 3075 5458 ut
3114 5419 3219 5458 non
3269 5403 3319 5456 in
3358 5401 3488 5469 ipsis

1906 5507 2096 5553 natura
2131 5497 2406 5551 hominum
2428 5539 2443 5559 ,
2474 5495 2567 5551 sed
2599 5497 2741 5551 velut
2766 5498 3027 5566 pecudum
3050 5497 3226 5552 vilitas
3253 5497 3486 5549 a-stime-

1907 5597 2014 5642 tur.
2042 5588 2117 5643 De
2140 5587 2239 5641 hac
2264 5585 2566 5641 humilitate
2588 5600 2819 5657 sequens
2846 5588 3078 5656 psalmus
3100 5586 3339 5641 dicturus
3361 5593 3446 5638 est
3473 5602 3484 5638 .-

1911 5677 2046 5745 Quia
2076 5678 2294 5731 ntultum
2325 5678 2505 5747 repleti
2529 5693 2709 5733 sumus
2728 5681 3095 5747 contemptione
3118 5676 3287 5750 (Psal.
3318 5689 3481 5737 cun,

1908 5768 1964 5835 ι)
1987 5784 2011 5847 ί,
2033 5779 2086 5829 ct
2106 5811 2121 5835 ,
2149 5769 2367 5825 multum
2395 5770 2585 5827 revleta
2610 5781 2681 5825 cst
2704 5773 2875 5836 uitium
2908 5781 3085 5826 nostra
3120 5766 3491 5836 'opprobrium.
