4090 6346
519 419 609 477 δοι

1752 421 1817 474 Μ.
1845 418 2130 482 ,Αυιιειιι
2169 395 2571 473 cissmoom

3692 423 3798 478 893

514 537 916 599 abunaanttum,
968 540 1014 586 ct
1063 530 1316 600 despectio
1361 529 1524 602 425
1567 528 1822 596 superbis.
1876 528 2011 582 Audi
2042 536 2095 580 ct
2123 531 2170 585 Α
2275 526 2424 579 Vers.
2461 526 2582 582 156.
2633 527 2992 581 Miserationes
3041 536 3142 580 tum
3170 527 3378 590 multm,
3415 529 3633 584 Domine
3659 571 3676 586 .
3711 546 3796 591 se-
3853 602 3856 604 γ

515 624 831 693 Apostolum
867 623 1237 676 ltuntiliautcm
1292 638 1392 676 se:
1431 621 1542 692 Ego
1590 631 1760 675 autem
1792 638 1904 674 sum
1945 621 2098 672 mini—

514 735 623 774 mus
663 718 1007 788 apostolorum
1033 714 1092 788 (1
1125 715 1245 770 tier.
1281 731 1379 782 xv,
1412 714 1492 785 9).
1526 715 1631 771 Sed
1676 727 1732 768 ut
1757 716 1894 769 hanc
1926 715 2097 766 humi-

512 810 716 866 litatem
747 824 1016 876 purpureo
1041 809 1273 876 quodam
1303 808 1466 878 pallio
1485 808 1802 869 vestiamus,
1844 805 2098 858 llotnitms

511 914 722 969 quoque
748 897 879 954 dicit
909 916 920 951 :
967 896 1081 969 Ego
1119 909 1290 952 autent
1318 914 1431 952 sum
1472 899 1652 952 uerutis
1698 906 1745 950 et
1781 913 1882 951 non
1913 899 2094 961 homo,

515 989 846 1058 approbrium
875 990 1141 1043 hominum
1167 999 1216 1044 et
1243 990 1458 1060 nbjectio
1487 991 1643 1059 plebis
1665 988 1837 1062 (Psal.
1871 1005 1982 1055 ut,
2016 989 2096 1057 7).

511 1079 590 1136 De
619 1080 718 1136 ista
761 1081 1063 1136 humilitate
1103 1081 1305 1138 diaboli
1350 1083 1489 1136 victa
1514 1081 1767 1150 superbia
1797 1089 1879 1136 est
1899 1120 1914 1145 ,
1951 1089 2007 1134 ut
2031 1094 2096 1134 es

511 1173 779 1227 contraria
803 1183 955 1244 parte
983 1173 1234 1240 caderet,
1266 1190 1332 1227 nc
1360 1173 1485 1243 quid
1526 1187 1586 1228 se
1626 1174 1918 1243 proﬁcuum
1959 1187 2097 1238 pra!-

510 1265 803 1334 sumpsisse
828 1264 1103 1334 gauderet.
1138 1265 1410 1335 Sequitur,
1442 1273 1488 1319 et
1519 1266 1655 1334 eripe
1679 1281 1790 1330 me;
1821 1265 1960 1316 unde
1988 1264 2093 1318 sci-

516 1353 662 1421 licet,
692 1355 791 1410 nisi
817 1356 885 1410 de
907 1370 1189 1426 pinnarum
1220 1357 1523 1426 urgentium
1549 1356 1887 1418 necessitate,
1908 1354 1976 1408 de
2000 1369 2094 1422 pe-

515 1447 684 1502 riculo
710 1448 932 1514 mortis,
960 1457 1016 1504 et
1057 1447 1314 1518 quidquid
1347 1458 1570 1518 possunt
1601 1448 1650 1500 in
1685 1447 1772 1501 illa
1813 1454 2095 1501 concerta-

511 1535 658 1592 tione
703 1537 843 1592 beati
894 1547 1160 1609 martyres
1186 1537 1493 1592 sustinere?
1533 1537 1649 1590 Non
1695 1537 1837 1590 enim
1890 1544 2099 1605 poterat

509 1639 728 1683 sanctus
762 1629 988 1700 populus
1031 1637 1210 1700 petere
1254 1628 1466 1683 liberari
1503 1643 1564 1683 se
1593 1628 1662 1681 ab
1687 1627 1856 1682 otiosa
1887 1626 2098 1681 humili-

513 1726 654 1785 tate,
696 1721 849 1787 cuius
873 1728 989 1774 erat
1018 1719 1230 1774 inclinis
1275 1733 1338 1773 ac
1376 1719 1566 1774 devota
1597 1715 1880 1786 professio.
1913 1715 2098 1787 Legem

511 1824 642 1866 vero
671 1809 757 1865 hic
792 1811 934 1865 illam
974 1812 1296 1866 sententiam
1325 1811 1482 1875 dicit,
1511 1826 1628 1878 quae
1655 1809 1731 1865 ait
1755 1828 1768 1863 :
1801 1809 1983 1864 Omnis
2009 1811 2098 1879 qui

2200 618 2425 670 cundum
2447 619 2707 688 judicium
2739 629 2882 672 tuum
2923 620 3117 687 miriﬁca
3153 636 3254 672 mc.
3287 618 3646 675 Miserationes
3675 636 3800 678 sunt

2204 707 2414 760 Domini
2437 749 2453 774 ,
2485 724 2580 778 per
2622 725 2755 779 quas
2802 709 3020 764 afﬂictis
3051 719 3103 764 et
3132 707 3329 762 sauciis
3359 709 3587 765 diversis
3623 711 3801 766 modis

2199 801 2483 856 subvenire
2504 801 2782 870 dignatur:
2807 801 2942 855 sicut
2959 799 3158 868 Joseplt
3178 801 3264 870 qui
3287 802 3558 857 carcereis
3573 802 3799 858 nexibus

2201 889 2482 945 tenebatur
2526 891 2796 956 inclusus;
2831 891 2971 946 sicut
3007 890 3199 946 Jouam
3244 906 3400 962 quem
3433 901 3586 948 cetus
3611 889 3812 950 absorc'

2201 984 2344 1051 huit;
2379 986 2524 1040 sicut
2551 986 2886 1050 Susauuam,
2917 1000 3079 1056 quam
3120 985 3256 1040 falso
3285 985 3511 1040 crimine
3551 987 3798 1042 laboran-

2201 1085 2305 1132 tcm
2335 1093 2432 1148 per
2461 1081 2784 1134 sententiam
2819 1078 3050 1133 Dauielis
3080 1077 3337 1144 absolvit;
3371 1079 3636 1135 latronem
3665 1095 3798 1148 quo-

2199 1186 2304 1238 que
2356 1179 2730 1226 momentanea
2783 1169 3130 1226 confessione
3177 1170 3433 1238 salvavit;
3493 1182 3548 1226 et
3601 1183 3795 1228 caetera

2205 1262 2596 1315 miserationum
2623 1277 2842 1332 genera,
2871 1277 2991 1331 qua:
3050 1261 3248 1315 nullius
3305 1271 3482 1330 potest
3526 1262 3798 1331 explicare

2201 1353 2415 1409 notitia.
2461 1352 2745 1422 Sequitur,
2789 1351 3066 1406 secundum
3103 1352 3362 1422 judicium
3414 1360 3559 1404 tuum
3597 1352 3796 1420 viui/ica

2209 1459 2308 1496 me.
2339 1441 2550 1511 Ubique
2578 1443 2736 1514 quale
2755 1443 3018 1516 judicium
3065 1452 3276 1514 petatur
3303 1442 3600 1499 cautissime
3627 1443 3792 1501 debe-

2197 1552 2316 1593 mus
2344 1537 2649 1604 advertere,
2699 1537 2820 1607 quia
2864 1553 2969 1591 uon
3016 1547 3100 1592 est
3143 1535 3391 1592 humane
3443 1536 3786 1593 conﬁdentia:

2197 1628 2327 1684 illud
2369 1643 2622 1701 poscere,
2645 1627 2714 1684 de
2747 1643 2852 1698 quo
2881 1629 3081 1683 dictum
3111 1637 3229 1683 est:
3265 1627 3348 1682 Ne
3375 1628 3542 1702 intres
3562 1629 3615 1682 in
3634 1629 3788 1700 judi-

2197 1723 2332 1776 cium
2377 1737 2496 1774 cum
2537 1736 2680 1775 servo
2723 1731 2812 1774 tuo
2861 1719 3028 1792 (Psal.
3079 1735 3256 1784 exul,
3285 1719 3366 1789 2).
3406 1717 3679 1775 Judiciutn
3707 1730 3788 1774 est

2199 1814 2380 1881 utique
2422 1811 2564 1881 quod
2620 1821 2802 1882 petere
2848 1812 3138 1878 debemus,
3189 1811 3402 1882 quando
3451 1826 3552 1867 nos
3592 1811 3784 1866 humili

510 1917 566 1956 se
585 1901 802 1967 exultat,
824 1901 1199 1970 humiliabitur,
1227 1911 1274 1958 et
1295 1903 1385 1973 qui
1412 1919 1464 1957 se
1491 1902 1726 1958 Itumiliat
1745 1945 1762 1970 ,
1788 1897 2098 1958 excitabitur
2129 1912 2176 1975 Β
2203 1903 2566 1960 satisfactione
2595 1905 3012 1974 prosternimus,
3059 1903 3273 1974 quando
3319 1911 3534 1971 peccata
3573 1911 3784 1967 nostra,

512 1993 664 2062 (Luc.
697 2006 814 2057 xw,
847 1992 956 2063 11).
986 1994 1322 2063 Quapmpter
1347 1995 1540 2050 merito
1583 2009 1642 2048 se
1688 1993 1826 2050 hanc
1869 2007 1974 2048 non
2014 1993 2098 2048 di-

508 2081 666 2138 cebat
702 2081 914 2137 oblitum
935 2123 951 2150 ,
984 2083 1076 2153 qui
1107 2086 1161 2142 in
1191 2098 1255 2140 ea
1296 2099 1464 2154 usque
1493 2085 1557 2139 ad
1588 2085 1710 2142 vitze
1739 2085 2102 2156 perseveravit

509 2183 828 2236 extremum,

585 2267 737 2323 Vers.
775 2267 896 2326 154.
930 2268 1124 2324 Judica
1155 2268 1413 2339 judicium
1461 2285 1661 2336 meum,
1696 2278 1742 2324 et
1773 2271 1964 2325 redime
1987 2289 2101 2327 me:

510 2369 714 2430 prapter
733 2360 988 2430 eloquium
1013 2369 1158 2415 tuum
1183 2362 1388 2430 uiui/ica
1409 2378 1510 2420 me.
1539 2361 1636 2418 Hic
1662 2377 1850 2418 versus
1873 2363 2103 2424 sollicita

511 2453 710 2522 pietate
736 2455 1062 2523 quaerendus
1089 2463 1205 2519 est,
1236 2468 1306 2508 ne
1335 2453 1509 2524 (quod
1553 2453 1732 2524 absit)
1755 2454 1949 2510 cohors
1977 2470 2101 2510 san-

512 2549 722 2598 ctorum
758 2558 852 2612 per
876 2545 1231 2616 arrogantiam
1253 2543 1481 2614 iudicari
1512 2548 1790 2615 quaesiisse
1819 2547 2096 2602 videatur:

515 2633 586 2690 de
609 2633 804 2703 quibus
831 2634 1088 2702 scripturn
1117 2642 1235 2690 est:
1260 2633 1441 2689 Justus
1467 2635 1520 2688 in
1563 2636 1818 2706 principio
1853 2638 2102 2694 sermonis

516 2725 956 2779 accasatorestsui
969 2723 1152 2794 (Prov.
1169 2741 1316 2790 xvut,
1335 2727 1446 2796 17).
1463 2726 1568 2782 Sed
1573 2727 1832 2798 judicium
1858 2743 2015 2782 suum
2038 2729 2103 2783 il-

519 2811 614 2869 lud
643 2813 803 2883 dicit,
836 2829 943 2884 quo
983 2815 1147 2870 verbo
1166 2815 1419 2882 credidit,
1443 2832 1548 2886 quo
1566 2819 1983 2874 incarnationem
2003 2819 2106 2872 Do—

515 2907 646 2965 mini
668 2921 798 2976 pura
816 2917 997 2964 mente
1010 2910 1262 2980 suscepit.
1279 2909 1537 2966 Securum
1553 2915 1731 2980 utique
1744 2910 2104 2981 judicium,de

519 3013 625 3068 quo
656 2999 832 3054 nullus
875 3001 1044 3069 possit
1062 3000 1274 3056 Domini
1292 3000 1875 3071 formidarejudicium.
1895 3003 2026 3056 Nam
2049 3003 2101 3055 in

513 3089 598 3145 his
634 3105 751 3160 quas
783 3106 877 3161 per
924 3092 1018 3148 Dei
1062 3092 1286 3163 gratiam
1337 3093 1475 3149 bene
1531 3091 1802 3150 credendo
1853 3092 2104 3164 judicant

517 3183 722 3248 sancti,
755 3183 930 3240 securi
969 3197 1184 3254 semper
1223 3183 1570 3241 efﬁciuntur:
1603 3193 1658 3242 et
1693 3186 1886 3241 merito
1927 3186 1978 3240 in
2024 3186 2104 3242 eis

2203 1995 2424 2050 remotis
2443 1993 2906 2060 excusationibus,
2937 1993 3280 2050 conﬁtemur.
3300 1994 3448 2048 Tunc
3477 1993 3624 2048 enim
3639 1993 3791 2065 judi-

2201 2087 2337 2140 cium
2361 2094 2444 2140 est
2470 2083 2680 2140 Domini
2705 2085 2898 2140 talibus
2926 2085 3203 2152 misereri,
3234 2085 3377 2156 quod
3411 2084 3501 2138 ille
3532 2087 3668 2139 bene
3695 2101 3789 2154 pv-

2205 2177 2300 2241 tit,
2342 2176 2432 2244 qui
2481 2190 2541 2232 se
2593 2175 2932 2230 humiliatutn
2981 2185 3140 2245 atque
3185 2175 3478 2246 supplicem
3527 2176 3784 2244 vit‘ilicaﬁ

2201 2271 2481 2324 secundum
2533 2267 2796 2338 judicium
2842 2267 3058 2322 Domini
3131 2269 3438 2337 postulavit.
3499 2267 3592 2322 Ille
3645 2267 3793 2322 enim

2203 2359 2414 2428 quando
2436 2358 2641 2429 judicat
2668 2358 2972 2423 miseretur,
3006 2358 3217 2428 quando
3248 2360 3535 2412 miseretur
3560 2368 3612 2411 et
3637 2355 3794 2412 ludi-

2202 2459 2316 2506 eat:
2347 2451 2469 2520 quia
2512 2463 2687 2520 neque
2727 2448 2844 2503 sine
2868 2448 3071 2520 judicio
3102 2450 3408 2516 miseretur,
3459 2464 3634 2518 neque
3675 2450 3796 2504 sine

2205 2540 2572 2596 misericordia
2611 2539 2852 2610 judicat:
2887 2541 2970 2594 cui
2995 2540 3431 2610 Psalmigraphus
3455 2541 3617 2594 dicit:
3643 2539 3796 2612 judi-

2204 2636 2340 2689 cium
2380 2645 2425 2688 et
2470 2634 2876 2689 misericordiam
2917 2635 3132 2692 cantabo
3197 2634 3318 2700 tibi,
3371 2632 3585 2692 Domine
3618 2631 3790 2703 (Psal.

2204 2741 2269 2791 c,
2301 2723 2378 2795 l).
2425 2726 2627 2782 Omnes
2667 2726 2809 2781 enim
2859 2727 3080 2781 virtutes
3120 2725 3193 2784 illi
3240 2727 3421 2780 inesse
3452 2727 3794 2780 manifestum

2204 2824 2320 2882 est,
2357 2831 2455 2871 uec
2497 2817 2546 2871 ei
2575 2814 2841 2871 accedunt
2885 2827 2975 2870 aut
3025 2814 3284 2871 recedunt
3312 2817 3369 2870 iit
3409 2831 3516 2885 quo
3546 2815 3797 2871 substin-

2208 2908 2407 2966 tialiter
2449 2923 2572 2964 esse
2603 2918 2914 2962 noscuntur.

2280 2997 2435 3056 Vers.
2475 2999 2599 3054 157.
2633 2996 2787 3055 Multi
2813 2999 2900 3069 qui
2932 3009 3303 3068 persequuntur
3330 3013 3409 3052 mc
3450 3008 3497 3052 et
3543 2999 3798 3052 tribulam

2207 3106 2321 3157 uti;
2351 3109 2381 3145 a
2404 3092 2698 3148 testimoniis
2715 3093 2813 3145 tuis
2834 3108 2933 3146 non
2949 3093 3222 3148 declinavi.
3249 3092 3609 3163 Esaggeratur
3631 3094 3804 3152 nimis

2210 3199 2366 3238 smvae
2398 3182 2786 3251 persecutionis
2815 3183 3037 3252 injuria,
3080 3181 3296 3253 quando
3325 3198 3464 3239 unus
3489 3197 3550 3238 se
3577 3197 3800 3253 passum

521 3275 974 3332 examinationetn
996 3274 1234 3330 divinam
1264 3277 1608 3348 petunt,quia
1625 3291 1684 3332 se
1705 3275 1906 3347 inipsis
1925 3278 2092 3345 glori-
2131 3295 2176 3358 ρ
2209 3277 2372 3345 dicit,
2414 3276 2558 3345 quod
2613 3276 2764 3333 multi
2821 3275 3166 3332 detestabiles
3208 3276 3526 3332 intulerunt.
3569 3274 3698 3332 lude
3739 3286 3796 3334 et

522 3365 761 3421 ﬁcaudos
788 3381 908 3422 esse
953 3380 1301 3438 cognoscunt.
1335 3370 1396 3423 Et
1427 3369 1632 3439 respice
1663 3385 1820 3440 quam
1851 3371 2104 3440 pulcher-

518 3456 660 3512 rime
682 3458 820 3511 facta
840 3458 1205 3514 denominatio
1227 3470 1328 3514 est.
1347 3459 1497 3528 Quod
1524 3470 1895 3532 argumentum
1917 3461 2110 3517 dicitur

521 3559 552 3600 a
567 3548 886 3617 conjugatis.
913 3551 1126 3618 quando
1149 3566 1342 3605 nomen
1361 3550 1658 3607 deuomine
1680 3552 1932 3606 concordi
1951 3565 2075 3607 asso
2089 3581 2104 3593 -

522 3639 738 3702 natione
761 3640 1041 3706 formatur.
1059 3643 1332 3713 Sequitur,
1349 3644 1540 3700 redime
1567 3661 1666 3700 me.
1680 3643 1847 3713 Quem
1866 3645 2112 3700 redimere

520 3742 753 3802 p0terat,
778 3733 877 3788 nisi
908 3734 1215 3790 credentem
1245 3754 1259 3790 :
1290 3747 1381 3792 aut
1410 3752 1510 3808 pro
1524 3753 1631 3809 quo
1647 3737 1877 3792 maxime
1893 3739 2109 3808 sangui-

526 3836 650 3876 nem
684 3823 1067 3892 redemptionis
1097 3824 1424 3891 effunderct,
1465 3827 1510 3882 si
1542 3827 1714 3884 ﬁdelis
1748 3826 1976 3883 famulus
2006 3843 2112 3885 non

522 3911 752 3970 fuisset?
781 3913 1031 3982 Addidit,
1059 3928 1268 3986 propter
1291 3918 1552 3989 eloquium
1597 3928 1740 3972 tuum
1787 3919 1981 3988 vivi/ica
2007 3935 2108 3974 me.

520 4001 616 4060 Illo
643 4004 844 4060 scilicet
870 4005 959 4061 ubi
988 4007 1250 4076 promittit
1284 4023 1301 4065 :
1332 4009 1431 4073 Qui
1451 4009 1611 4064 credit
1650 4010 1706 4063 in
1734 4025 1848 4077 me,
1881 4026 1984 4066 non
2005 4027 2113 4065 ηιοτ

521 4093 713 4159 rietur,
746 4096 835 4150 sed
858 4096 1055 4151 habebit
1079 4099 1494 4154 vitamteternam
1521 4098 1700 4170 (Joan.
1735 4117 1824 4169 st,
1845 4100 1960 4172 ‘26).

603 4183 757 4242 Vers.
781 4189 904 4242 155.
923 4187 1095 4260 Longe
1118 4200 1189 4244 est
1211 4205 1243 4242 a
1272 4192 1623 4259 peccatoribus
1641 4193 1940 4262 salus,quia
1953 4196 2116 4266 justi.

523 4276 791 4342 ﬁratioues
817 4288 934 4334 tuas
969 4296 1072 4335 non
1114 4283 1486 4352 exquisiesuut.
1531 4283 1588 4339 ln
1634 4285 1806 4354 primo
1839 4301 1999 4345 versu
2025 4287 2111 4342 lit-

522 4375 654 4422 terte
689 4367 846 4437 hujus
873 4369 1082 4427 dixerat
1107 4372 1443 4440 eripiendum
1471 4389 1530 4429 se
1579 4389 1610 4429 a
1671 4377 2106 4443 persecutoribus

523 4470 674 4523 eise,
713 4459 835 4528 quia
875 4458 1042 4530 legem
1096 4461 1304 4517 Domini
1335 4477 1441 4517 non
1487 4463 1674 4519 fuisset
1711 4465 1937 4533 oblitus;
1972 4483 2114 4524 nunc

524 4549 802 4617 aptissima
830 4553 1211 4609 contrarietate
1235 4569 1264 4606 a
1295 4553 1542 4623 superbis
1571 4545 2002 4623 persecuioribus
2025 4573 2113 4613 sa-

2212 3383 2500 3427 numcrosa
2557 3369 2734 3439 palma
2781 3369 2928 3423 venit
2983 3369 3275 3435 Ecclesiae,
3332 3369 3459 3424 inde
3505 3379 3806 3440 martyrum

2212 3461 2429 3530 sanguis
2476 3469 2587 3514 toto
2628 3461 2760 3516 orbe
2788 3469 3030 3515 sacratus
3068 3471 3187 3516 est:
3223 3463 3348 3530 quia
3383 3463 3530 3516 furor
3571 3464 3804 3518 saaviena

2216 3552 2348 3605 tiutn
2384 3560 2602 3606 nonest
2647 3551 2700 3606 in
2733 3551 3098 3606 innocentium
3150 3552 3523 3619 persecutione
3571 3554 3800 3608 lsrtatus.

2213 3642 2523 3697 Electorum
2553 3657 2810 3698 numerus
2837 3642 3037 3709 crevit,
3069 3655 3326 3712 quantum
3355 3658 3416 3698 se
3455 3656 3808 3714 tyrannorum

2214 3737 2290 3790 ira
2330 3735 2624 3791 succendit.
2655 3734 2853 3790 Verum
2879 3736 3018 3790 inter
3048 3735 3162 3790 haec
3205 3736 3384 3789 omnia
3410 3737 3713 3792 nullatenus
3742 3752 3808 3793 se

2213 3846 2243 3882 a
2275 3829 2578 3883 testimoniis
2624 3825 2836 3889 Domini
2884 3829 3168 3888 declinasse
3199 3837 3424 3884 testatus
3455 3839 3556 3885 est.
3589 3829 3812 3886 Gratius.

2214 3923 2359 3977 enim
2387 3921 2606 3978 devotio
2631 3924 2942 3992 suscipitur,
2967 3936 3085 3994 qua:
3117 3922 3256 3978 inter
3294 3922 3414 3978 vita:
3447 3919 3678 3990 pericula
3706 3937 3806 3976 cu-

2215 4012 2471 4069 stoditur.

2289 4104 2440 4161 Vers.
2463 4105 2583 4164 158.
2614 4103 2730 4162 Vidi
2754 4123 2854 4162 non
2873 4118 3130 4162 servantes
3156 4118 3382 4178 pactum,
3400 4105 3809 4170 ettabescebam,

2214 4196 2340 4266 quia
2371 4195 2574 4268 eloquia
2603 4205 2692 4251 tua
2723 4215 2824 4252 non
2853 4199 3225 4254 custodierunt.
3276 4197 3494 4252 Pactum
3542 4205 3628 4252 est
3667 4205 3809 4252 inter

2215 4286 2540 4344 dissidentes
2565 4288 2759 4345 allecto
2801 4289 2986 4360 gratia:
3031 4289 3248 4345 definita
3302 4289 3574 4356 conditio;
3607 4305 3636 4342 a
3671 4304 3808 4360 pace

2217 4377 2450 4445 dictum,
2496 4379 2650 4448 quasi
2701 4380 2847 4449 pacis
2875 4389 3075 4435 actum.
3122 4378 3273 4442 Unde
3311 4381 3501 4436 merito
3531 4381 3812 4450 utriusque

2218 4471 2352 4541 legis
2381 4470 2734 4525 constitutum
2759 4480 2965 4541 pactum
2986 4481 3228 4537 vocatur,
3258 4471 3400 4542 quod
3421 4486 3592 4541 genus
3618 4472 3807 4525 huma-

2219 4578 2345 4617 num
2388 4577 2421 4617 a
2453 4562 2638 4618 divina
2678 4562 2848 4633 gratia
2887 4575 3224 4633 segregatum
3251 4566 3328 4633 {in
3374 4576 3560 4630 pacem
3601 4561 3816 4619 Dominl

522 4639 684 4696 lutem
715 4656 838 4697 esse
871 4641 1213 4714 longinquam
1232 4683 1248 4709 ,
1275 4645 1527 4714 quoniam
1561 4645 1972 4714 iustiﬁcationes
2007 4648 2114 4704 Do-
2146 4661 2198 4720 Ῑ)
2221 4654 2677 4724 concordiamque
2706 4655 2996 4708 revocavit.
3017 4656 3353 4724 Quapropter
3373 4662 3579 4722 pactum
3598 4651 3812 4707 Domini

523 4732 652 4788 mini
697 4733 918 4789 minime
964 4735 1324 4804 quaesierunt,
1362 4747 1420 4795 ut
1463 4751 1518 4795 et
1548 4741 1774 4797 devotos
1811 4757 1912 4814 spe
1954 4744 2107 4799 bona:

524 4822 943 4879 conversationis
969 4827 1266 4893 animaret,
1308 4838 1363 4884 et
1391 4830 1622 4900 perﬁdos
1655 4836 1926 4904 proposita
1961 4835 2112 4890 dam-

526 4920 741 4978 natione
765 4929 1012 4977 terreret.
1036 4922 1189 4991 Quod
1219 4927 1526 4990 specialiter
1559 4929 1968 5000 intelligendum
2009 4947 2111 4986 :cs-

530 5009 662 5064 timo
692 5011 761 5066 de
789 5011 1023 5078 Judaais,
1056 5015 1145 5082 qui
1173 5015 1418 5082 salutem,
1451 5016 1502 5071 id
1541 5029 1622 5072 est
1671 5018 1956 5072 Dominum
1995 5021 2112 5074 Sal-

531 5108 768 5155 vatorem
789 5141 804 5167 ,
839 5118 942 5158 non
972 5105 1019 5159 ei
1049 5104 1353 5172 credendo,
1385 5123 1413 5160 a
1454 5122 1514 5162 se
1559 5108 1766 5178 longius
1798 5111 2108 5165 cﬁcccrnnt.

530 5191 659 5246 Nam
711 5201 773 5248 ut
823 5196 1043 5251 credere
1093 5200 1422 5265 potuissent,
1473 5201 1869 5271 justiﬁcatioucs
1929 5205 2114 5261 Testa-

532 5283 695 5338 ntenti
717 5283 922 5342 Veteris
939 5289 1157 5344 minime
1175 5293 1488 5360 perquirere
1513 5294 1816 5360 voluerunt,
1841 5297 1893 5351 in
1921 5298 2115 5367 quibus

524 5379 618 5449 (ut
639 5389 784 5450 Smpe
817 5377 1015 5434 dictum
1045 5381 1150 5452 est)
1180 5383 1550 5456 prmﬁguratus
1581 5396 1661 5440 est
1693 5387 1900 5444 Domini
1934 5390 2117 5444 Salua-

537 5470 674 5523 toris
698 5469 979 5530 adventus.
1006 5474 1197 5532 Merito
1226 5493 1355 5548 ergo
1384 5493 1414 5534 a
1445 5479 1618 5536 salute
1642 5480 1800 5554 longe
1823 5483 1945 5538 facti
1969 5496 2116 5554 sunt,

535 5556 622 5625 qui
674 5572 994 5630 respuerant
1035 5565 1221 5622 salutis
1265 5580 1561 5625 auctorem.
1591 5571 1724 5626 Nam
1767 5572 1893 5628 dum
1951 5575 2058 5630 illis
2087 5592 2117 5630 a

536 5647 710 5704 l’ilato
761 5651 1010 5710 Christus
1061 5657 1321 5716 Dominus
1371 5661 1693 5729 offerretur,
1737 5666 1814 5720 illi
1857 5668 2116 5724 latronem

535 5742 860 5809 Barabliatu,
903 5751 1084 5816 quales
1128 5751 1222 5818 ipsi
1267 5752 1506 5820 fuerunt,
1553 5754 1751 5811 dimitti
1802 5761 1902 5813 sibi
1953 5762 2116 5815 obdu-

537 5837 660 5890 ratis
692 5848 839 5892 ment
863 5839 959 5894 lius
989 5842 1264 5900 elegerunt
1287 5841 1501 5906 (Matth.
1534 5861 1698 5904 xxvn.
1728 5849 1836 5906 17).

2218 4756 2336 4813 est,
2368 4758 2427 4802 ut
2466 4748 2771 4817 quicunque
2825 4747 3228 4817 persecutiones
3269 4747 3641 4816 superaverit,
3691 4746 3811 4818 glo-

2219 4839 2360 4892 riosa
2387 4839 2579 4893 delicat
2613 4840 2876 4894 electione
2903 4839 3174 4894 coronari.
3210 4838 3322 4894 Hoc
3351 4838 3425 4892 illi
3455 4839 3679 4894 minime
3697 4851 3818 4893 sera

2217 4941 2476 4983 Vthcrttttt
2496 4970 2510 4995 ,
2541 4947 2628 5000 qui
2662 4930 2832 5000 :rngili
2879 4932 3207 4987 remissione
3234 4931 3515 4993 conversi,
3547 4931 3601 4984 iit
3633 4945 3816 5010 perse-

2219 5036 2466 5080 cutortnu
2518 5041 2734 5081 suorum
2783 5027 2976 5096 gaudia
3026 5035 3366 5083 corruerunt.
3412 5025 3569 5092 Quod
3617 5023 3822 5078 cohors

2221 5133 2404 5173 Sancta
2456 5120 2750 5189 respiciens
2769 5160 2784 5185 ,
2815 5120 3155 5189 alﬁigebatur
3183 5135 3244 5176 se
3273 5119 3401 5176 fidei
3430 5119 3607 5175 socios
3637 5117 3823 5187 perdi-

2221 5213 2382 5267 disse.
2401 5213 2460 5266 Et
2485 5223 2536 5266 ut
2556 5213 2768 5266 uiutieta
2779 5222 2887 5267 tem
2904 5213 3105 5268 doloris
3127 5213 3456 5280 ostenderet,
3476 5209 3818 5278 tabescebam,

2223 5302 2392 5367 dixit,
2441 5295 2581 5372 qninl
2629 5303 2767 5358 solet
2806 5305 2961 5374 longa
3003 5304 3320 5374 {egritudine
3361 5303 3594 5375 fatigatis
3625 5316 3826 5372 corpo-

2221 5395 2368 5447 ribus
2395 5395 2632 5448 cveuirc.
2683 5394 2791 5450 Sed
2824 5395 2987 5458 ,unde
3030 5395 3322 5450 tabescebat
3383 5395 3626 5450 ostendit
3653 5397 3826 5463 :quia

2225 5485 2612 5554 praivaricator
2655 5498 2991 5554 nequaquam
3034 5485 3246 5542 Domini
3286 5485 3488 5556 eloquia
3523 5486 3822 5540 custoditis.

2226 5579 2447 5650 Eloquia
2470 5589 2648 5635 autem
2679 5588 2804 5634 sunt
2833 5577 3078 5643 Domini,
3111 5579 3212 5646 Qui
3248 5579 3634 5650 perseuerauerit
3663 5595 3836 5646 usque

2222 5672 2275 5724 in
2305 5671 2491 5739 ﬁnem,
2523 5668 2608 5723 hic
2648 5669 2819 5724 sulcus
2855 5671 2952 5724 erit
2978 5668 3206 5739 (Matth.
3257 5688 3320 5737 ι,
3531 5669 3658 5727 Sive
3687 5669 3834 5724 illud

2228 5770 2439 5828 pactum
2487 5760 2618 5814 dicit
2671 5758 2882 5815 Veteris
2936 5759 3297 5829 Testamenti,
3328 5763 3542 5834 quando
3591 5761 3830 5833 pottulus

2226 5852 2483 5913 ltcbt'wus
2510 5851 2742 5911 audietis
2768 5852 2928 5911 verba
2973 5851 3192 5913 Domini
3217 5854 3359 5914 dixit
3386 5873 3398 5909 :
3443 5855 3634 5911 (latinia.
3677 5870 3832 5920 (μίας

4074 4169 4079 4383 Ι

4074 4405 4077 4627 Ι
