4032 6340
174 453 185 464 θ
267 381 370 441 eas

218 683 245 771 i

268 678 515 745 simaque
574 690 633 729 se
680 674 981 728 dmmouum
1031 674 1232 726 cultura
1282 671 1595 736 maculavit,
1646 683 1847 740 pactum

269 767 404 837 illud
436 766 622 837 prima
651 764 1017 834 promissionis
1054 762 1354 816 detestabili
1395 760 1662 820 oblivione
1697 760 1852 814 dere.

274 859 453 930 liquit.
482 856 637 923 Quod
663 870 884 921 necesse
907 854 1006 915 fuit
1027 855 1224 909 sanctis
1248 854 1377 908 viris
1398 868 1566 921 usque
1587 853 1650 906 ad
1676 854 1849 908 tabem

270 953 459 1008 dolere
481 941 798 1020 corpoream
816 989 831 1015 ,
861 948 953 1018 qui
972 948 1117 1002 cives
1143 961 1270 1005 suos
1296 960 1359 1000 ac
1377 953 1630 1014 parentes
1650 944 1853 1014 eloquia

272 1041 486 1113 Domini
515 1041 813 1112 neglexisse
842 1040 1165 1103 cernebant,
1204 1037 1536 1105 traditosque
1564 1035 1619 1090 in
1666 1052 1851 1105 repro-

272 1135 403 1191 bum
432 1148 648 1188 sensum
678 1132 918 1203 piissimo
945 1130 1133 1185 dolore
1161 1131 1429 1193 luxerunt.

346 1226 508 1298 425
533 1226 685 1284 Vers.
717 1224 839 1281 159.
878 1223 1003 1278 Vide
1018 1225 1140 1294 quia
1167 1224 1409 1278 mandata
1432 1232 1521 1277 tua
1541 1223 1721 1289 dilexi,
1751 1221 1855 1275 Do-

274 1320 415 1379 mine
435 1336 455 1374 :
478 1320 532 1373 in
555 1327 641 1372 tua
659 1317 1012 1373 misericordia
1030 1316 1229 1385 viviﬁca
1244 1332 1342 1370 me.
1363 1314 1582 1370 intende
1601 1314 1857 1384 quemad-

279 1411 500 1468 modum
535 1418 793 1479 utrasque
821 1421 1012 1463 causas
1042 1405 1314 1461 ornaverit
1347 1404 1641 1483 similitudo
1667 1404 1857 1459 verbo-

274 1518 418 1558 rum.
474 1500 763 1571 Superiore
816 1512 972 1554 versu
1029 1496 1207 1553 dixit:
1267 1496 1390 1552 Vidi
1442 1513 1547 1549 non
1602 1506 1857 1569 servantes

280 1603 509 1661 pactum,
529 1602 574 1647 et
599 1590 936 1655 tabescebam;
951 1603 1090 1643 nunc
1108 1587 1239 1645 dicit
1264 1603 1281 1643 :
1312 1588 1441 1641 Vide
1467 1588 1585 1658 quia
1614 1587 1859 1641 mandata

279 1695 373 1740 tua
393 1684 546 1738 dilexi
558 1700 578 1750 ;
604 1695 660 1739 ut
683 1683 805 1738 ideo
828 1691 1097 1737 mereatur
1124 1694 1153 1734 a
1183 1679 1409 1734 Domino
1431 1679 1706 1748 conspici,
1732 1680 1858 1748 quia

276 1777 372 1831 ille
401 1776 641 1830 inimicos
664 1775 780 1845 ejus
797 1773 913 1837 zelo
939 1773 1152 1843 pietatis
1173 1772 1421 1835 intendit.
1443 1772 1550 1828 Sed
1573 1783 1855 1842 postquam

1166 374 1526 430 EXPOSITIO
1565 373 1628 427 IN
1668 372 2120 435 PSALTERIUM.
2164 374 2356 430 PSAL.
2394 372 2620 429 CXVIII.

268 509 461 558 cunque
500 494 697 547 locutus
723 500 793 543 cst
829 489 1103 553 Dominus,
1134 498 1178 540 et
1207 490 1473 541 audiemus
1493 528 1506 551 ,
1534 497 1580 539 et
1603 488 1846 556 faciemus
1879 490 1923 548 Α
1953 496 2142 542 vertet.
2177 487 2268 542 Sic
2298 488 2348 539 in
2378 502 2484 539 uno
2512 501 2697 553 versu,
2740 493 2793 539 et
2840 484 2985 539 initia
3037 494 3231 540 nostra:
3276 483 3428 551 Γιάει,
3471 495 3524 539 et

173 564 186 605 Δ·
268 584 472 657 (Exod.
503 598 614 648 six,
644 584 723 653 8).
752 582 858 636 Sed
889 580 978 635 ubi
1006 581 1133 634 deos
1154 580 1355 634 alienos
1377 579 1642 643 adoravit,
1670 578 1843 633 laedis-

3422 382 3523 438 891

1953 578 2127 631 adhuc
2161 588 2379 632 ventura
2410 577 2689 633 conclusit.

2031 669 2180 721 Vcrs.
2222 666 2343 721 161.
2372 695 2441 705 -
2471 683 2581 719 ut.
2605 667 2716 720 δικ.
2753 666 3017 734 Principes
3046 666 3295 733 persecuti
3312 674 3427 719 sunt
3447 680 3526 718 me

1953 760 2155 827 gratis:
2198 766 2244 809 et
2281 774 2313 809 a
2359 757 2520 809 verbis
2552 757 2647 814 tuis
2677 756 2965 819 formidavit
2994 772 3081 809 cor
3114 772 3301 809 meum.
3326 755 3529 809 Vicesi-

1956 864 2092 902 mam
2126 848 2348 916 primam
2392 848 2617 901 litteram
2647 856 2953 906 sanctorum
3000 856 3171 901 coetus
3212 846 3525 915 ingreditur,

1955 940 2010 992 in
2038 954 2140 1006 qua
2193 936 2594 1006 persecutiones
2640 938 2972 991 saevientium
3021 936 3285 991 charitate
3316 934 3527 989 Domini

1955 1029 2054 1084 sibi
2080 1027 2208 1095 dicit
2233 1042 2355 1082 esse
2383 1027 2736 1098 gratissimas.
2765 1026 2976 1093 Septies
3003 1041 3063 1080 se
3092 1040 3305 1093 quoque
3348 1023 3399 1077 in
3442 1023 3527 1078 die

1958 1120 2145 1179 laudes
2181 1118 2408 1173 Domino
2437 1116 2639 1173 dixisse
2668 1124 3085 1180 commemorat,
3114 1115 3197 1169 cui
3228 1115 3388 1169 etiam
3419 1113 3526 1167 vias

1955 1225 2081 1267 suas
2130 1218 2283 1265 notas
2328 1223 2449 1264 esse
2489 1208 2788 1279 proﬁtetur.
2840 1207 3143 1277 Principes,
3192 1206 3278 1260 hic
3321 1219 3524 1275 quoque

1957 1309 2333 1370 persecutores
2371 1299 2627 1363 debemus
2661 1300 2937 1369 accipere,
2968 1300 3057 1368 qui
3101 1306 3352 1354 cruentas
3379 1297 3523 1351 Chri-

1960 1395 2264 1447 stianorum
2294 1391 2658 1448 insecutioues
2687 1394 3023 1460 regnantium
3054 1391 3369 1444 auctoritate
3392 1389 3523 1444 fecev

1958 1493 2081 1538 runt
2102 1523 2116 1548 ,
2161 1482 2296 1537 sicut
2335 1481 2645 1550 praedictum
2676 1488 2759 1535 est
2790 1497 2804 1534 :
2837 1480 3062 1534 Tradent
3094 1497 3178 1534 vos
3206 1481 3257 1533 in
3300 1496 3525 1550 synago-t

1958 1576 2035 1645 gis
2066 1576 2204 1640 suis,
2240 1584 2287 1627 et
2311 1570 2641 1643 ﬂagellabunt
2668 1586 2756 1625 vos
2777 1610 2793 1637 ,
2834 1582 2879 1625 et
2907 1582 3023 1625 ante
3050 1587 3190 1641 reges
3212 1579 3257 1625 et
3287 1571 3527 1641 prwsides

1958 1665 2153 1719 stabilis
2195 1672 2401 1735 prapter
2448 1679 2557 1731 me,
2603 1664 2657 1717 in
2701 1662 3045 1718 testimonium
3084 1663 3188 1716 illis
3223 1672 3268 1716 et
3306 1663 3528 1730 gentibus

1960 1757 2175 1829 (Matth.
2198 1773 2263 1825 ι,
2289 1758 2375 1824 17,
2400 1757 2515 1826 18).
2537 1757 2626 1812 Sic
2654 1756 2797 1812 enim
2842 1764 2897 1810 et
2932 1754 3199 1811 diabolum
3240 1754 3528 1824 principem

278 1844 703 1936 persecuturum
732 1864 990 1919 amvitiam
1043 1862 1298 1933 illamque
1345 1861 1602 1931 supplicia
1649 1877 1855 1918 meum-
1884 1849 2220 1917 Bdicimus,
2266 1849 2353 1918 qui
2378 1847 2480 1911 sibi
2504 1846 2791 1918 primatum
2812 1845 2866 1902 in
2889 1844 3181 1901 sceleribus
3226 1844 3528 1900 vindicavit.

276 1958 452 2021 ravit,
504 1958 647 2012 venit
694 1956 762 2010 ad
819 1956 1133 2011 charitatem
1175 1970 1294 2025 qua:
1341 1967 1530 2008 cuncta
1582 1969 1856 2009 commen-

274 2052 388 2108 dat.
433 2051 565 2105 Nam
612 2052 657 2107 si
700 2065 804 2112 non
835 2049 1061 2120 diligens
1090 2048 1334 2104 mandata
1367 2046 1579 2110 Domini
1602 2046 1726 2102 talia
1760 2062 1855 2117 pa-

275 2154 503 2210 teretur,
535 2160 637 2198 non
668 2154 782 2198 erat
813 2143 933 2198 fulix
960 2157 1154 2197 corona
1174 2182 1189 2205 ,
1222 2140 1317 2196 sed
1341 2142 1532 2195 vitiosa
1571 2140 1851 2209 jactantia,

274 2232 420 2289 sicut
447 2235 571 2289 dicit
604 2234 926 2302 Apostolus:
971 2232 1032 2287 Si
1076 2231 1334 2294 tradidero
1373 2248 1557 2302 corpus
1605 2248 1770 2287 meum
1798 2242 1855 2286 ut

276 2324 477 2390 ardeat,
496 2324 787 2381 charitatem
808 2334 1093 2389 autemnon
1121 2322 1358 2391 habeant,
1372 2323 1499 2376 nihil
1514 2323 1632 2375 mihi
1649 2324 1854 2392 prodest

274 2414 335 2487 (1
365 2415 486 2470 Cor.
530 2432 655 2479 xm,
685 2415 762 2485 5).
810 2415 941 2473 Nam
986 2415 1089 2486 legi
1134 2415 1425 2475 Dominica:
1466 2414 1857 2484 quodammodo

274 2505 487 2563 videtur
534 2505 802 2576 ingratus,
854 2508 900 2561 si
944 2506 1065 2576 quis
1129 2514 1391 2560 tormenta
1443 2508 1682 2575 martyrii
1733 2522 1853 2563 cmn

274 2597 700 2653 murmuratione
750 2595 1066 2666 pertulerit:
1100 2595 1194 2651 sed
1235 2596 1395 2650 debet
1431 2596 1533 2651 hoc
1570 2598 1740 2665 ipsum
1768 2599 1854 2653 di-

275 2685 470 2757 ligere,
505 2702 601 2756 per
640 2687 780 2756 quod
821 2702 882 2741 se
919 2685 1086 2740 credit
1131 2686 1198 2740 ad
1249 2694 1451 2749 mterna
1497 2686 1687 2755 gaudia
1734 2702 1853 2756 ρετ-

275 2783 478 2839 venire.
514 2782 769 2838 Dominus
804 2783 948 2838 enim
990 2783 1288 2837 animorum
1331 2782 1612 2852 qualitates
1653 2783 1855 2853 gratius

276 2876 531 2945 respicit,
558 2891 716 2946 quam
745 2874 1036 2929 cruciatum
1058 2874 1288 2943 carnalis
1321 2875 1584 2942 passionis
1604 2874 1850 2940 intendit;

275 2966 418 3022 sicut
454 2978 506 3021 et
550 2967 922 3038 eli-emosynas
966 2966 1105 3031 illas-
1131 2966 1290 3022 habet
1331 2975 1542 3037 gratas,
1582 2983 1700 3037 que
1752 2968 1853 3023 sub

272 3057 443 3121 animi
496 3057 763 3111 hilaritate
809 3065 1146 3126 praestantur.
1181 3056 1372 3111 Merito
1421 3070 1550 3126 ergo
1593 3057 1855 3125 viui/icun-

274 3146 406 3213 dum
432 3162 492 3201 se
519 3148 733 3216 petebat
754 3163 782 3199 a
812 3148 1059 3213 Domino,
1089 3145 1180 3217 qui
1205 3146 1368 3201 vitam
1398 3147 1578 3203 StBCttli
1604 3163 1701 3219 pro
1729 3164 1852 3204 vera

272 3238 535 3308 religione
563 3249 976 3309 contempserat.

348 3327 501 3385 Vers.
537 3330 658 3387 160.
697 3328 1020 3401 Principium
1066 3330 1334 3399 verborum
1382 3338 1585 3385 tuorum
1631 3332 1852 3389 veritas:

272 3421 329 3473 in
349 3431 594 3474 teternum
615 3421 782 3487 omnia
800 3421 1003 3492 judicia
1013 3422 1230 3491 justitia:
1251 3429 1371 3476 tuae.
1405 3420 1724 3491 Principium
1744 3439 1854 3477 ver-

275 3512 456 3575 borum
486 3522 721 3578 tuorum,
750 3511 1051 3581 signiﬁcare
1082 3512 1213 3568 mihi
1243 3513 1456 3571 videtur
1475 3513 1683 3569 initium
1707 3515 1854 3579 Scri-

274 3611 553 3684 pturarum
583 3604 903 3660 divinarum.
933 3605 999 3659 Et
1019 3604 1146 3676 quid
1176 3616 1258 3660 est
1284 3606 1424 3661 aliud
1457 3608 1555 3662 nisi
1585 3608 1853 3671 inchoatio

275 3692 539 3766 Genesis,
572 3713 689 3766 quae
728 3698 898 3755 dicit:
933 3697 998 3751 In
1044 3690 1299 3775 principio
1339 3700 1458 3767 fecit
1500 3700 1637 3754 Deus
1672 3705 1853 3765 caelum

272 3796 322 3848 et
351 3799 539 3843 terram
566 3788 718 3860 (Cen.
757 3805 805 3857 ι,
840 3791 930 3862 1)2
968 3790 1057 3846 ubi
1102 3800 1277 3855 tamen
1316 3791 1492 3846 omnia
1529 3792 1733 3848 inclusa
1789 3808 1853 3853 ac

275 3877 571 3948 significata
602 3892 927 3947 noscuntur;
960 3896 1083 3936 nam
1126 3896 1244 3952 quae
1285 3892 1412 3948 sunt
1444 3882 1685 3939 caelestia
1712 3885 1857 3945 cmlo.

272 3973 615 4033 continentur
639 3990 651 4025 :
686 3985 900 4029 terrena
924 3988 1053 4029 vero
1082 3985 1256 4030 creata
1286 3990 1382 4044 per
1409 3985 1564 4030 terra:
1588 3975 1851 4047 significa-

272 4064 483 4121 tionem
513 4065 769 4122 debemus
798 4065 1063 4136 accipere.
1086 4066 1177 4123 Sic
1201 4066 1326 4125 illud
1347 4068 1656 4138 principium
1680 4068 1852 4122 verbo-

272 4172 393 4209 rum
420 4158 580 4213 totius
606 4156 845 4214 veritatis
872 4158 1129 4229 probatur
1174 4173 1295 4213 esse
1341 4157 1619 4227 perfectio.
1652 4157 1851 4214 Veritas

272 4248 421 4309 enim
449 4263 482 4303 a
512 4249 774 4319 principio
819 4264 944 4304 vera
977 4248 1232 4325 loquitur,
1285 4256 1339 4302 et
1372 4247 1533 4303 verba
1564 4264 1660 4302 sua
1688 4264 1853 4318 usque

274 4342 345 4407 ad
370 4342 529 4397 tinem
561 4343 799 4398 veritatis
820 4342 1055 4411 adducit.
1081 4343 1158 4405 De
1186 4343 1268 4397 his
1292 4342 1434 4403 enim
1458 4344 1710 4411 scriptum
1735 4352 1848 4399 est:

273 4432 471 4491 Caelum
501 4445 548 4487 rt
577 4442 710 4488 terra
737 4433 1051 4500 transibunt,
1076 4434 1225 4489 verba
1250 4443 1418 4488 autem
1445 4450 1557 4486 mea
1586 4449 1686 4491 non
1716 4450 1853 4504 prte-

274 4524 495 4578 teribunt
517 4521 733 4595 (Matth.
763 4541 907 4594 uiv,
940 4525 1055 4597 35).
1080 4525 1345 4600 Quidquid
1375 4525 1516 4580 enim
1544 4540 1608 4587 ex
1640 4512 1732 4580 illo
1761 4542 1853 4581 ve-

1964 1941 2172 2005 Gratis,
2226 1939 2353 2011 quia
2399 1938 2606 1995 nullum
2651 1945 2809 1995 vexat
2846 1937 3035 2005 religio
3065 1935 3394 2001 Christiana,
3440 1936 3529 1990 seo'

1960 2032 2130 2102 magis
2153 2039 2421 2100 praecepto
2455 2029 2723 2091 dominico
2745 2042 2840 2099 pro
2860 2026 3107 2083 omnibus
3135 2035 3274 2091 orat,
3301 2025 3392 2093 qui
3414 2040 3529 2080 eam

1960 2127 2203 2187 nituntur
2225 2126 2650 2194 incompetenter
2674 2122 2942 2193 afﬂigere;
2978 2122 3237 2190 scriptum
3261 2132 3341 2174 est
3361 2119 3528 2173 enim:

1963 2220 2117 2281 Orate
2147 2235 2243 2289 pro
2279 2218 2497 2273 inimicis
2526 2219 2729 2282 uestris,
2763 2216 3039 2286 benefacite
3084 2214 3149 2268 iis
3190 2214 3276 2283 qui
3320 2213 3533 2267 oderunt

1957 2328 2045 2367 vos
2077 2310 2293 2382 (Matth.
2322 2326 2372 2374 v,
2402 2310 2516 2379 41).
2540 2308 2714 2365 Gratis
2743 2322 2929 2363 revera
2961 2305 3345 2362 insccutionem
3368 2304 3524 2373 patie-

1958 2406 2155 2460 bantur
2180 2417 2207 2455 a
2247 2400 2608 2471 principibus,
2637 2397 2851 2467 quando
2877 2411 2976 2451 nec
2994 2395 3293 2458 contemni,
3324 2408 3423 2448 nec
3452 2393 3531 2447 eis.

1958 2495 2197 2551 subtrahi
2233 2493 2428 2551 tributa
2459 2497 2726 2560 prmcepta
2750 2495 2893 2542 sunt.
2923 2486 3060 2540 Dicit
3084 2486 3255 2552 enim,
3284 2482 3527 2537 Omnibus

1958 2585 2289 2657 potestatibus
2317 2580 2694 2637 sublimioribus
2731 2579 2920 2639 subditi
2948 2585 3133 2642 estote,
3180 2591 3279 2628 non
3303 2582 3373 2627 est
3393 2574 3528 2627 enim

1957 2688 2173 2749 potestas
2215 2677 2315 2730 nisi
2349 2692 2381 2729 a
2414 2675 2523 2733 Deo,
2551 2672 2725 2742 (Rom.
2760 2686 2883 2735 χιιι,
2934 2670 3012 2741 1).
3044 2668 3109 2724 Ει
3150 2667 3202 2722 in
3242 2664 3529 2735 Evangelia

1956 2772 2025 2826 de
2058 2771 2255 2825 tributo
2291 2767 2648 2833 interrogatus
2688 2761 2941 2815 Dominus
2974 2759 3137 2813 dixit:
3174 2755 3389 2809 Reddite
3413 2752 3525 2807 Cte-

1954 2862 2096 2930 sarij,
2133 2876 2243 2930 qua'
2266 2856 2482 2911 Ca'saris
2511 2865 2659 2920 sunt;
2698 2862 2746 2907 et
2779 2852 2887 2907 Deo
2912 2868 3024 2920 qua:
3053 2849 3144 2903 Dei
3179 2856 3294 2901 sunt
3315 2845 3529 2915 (Matth.

1959 2968 2069 3007 χιιι
2088 2992 2105 3019 ,
2135 2950 2251 3023 21).
2278 2950 2558 3004 Trihutum
2588 2961 2800 3016 quoque
2825 2945 2893 2999 de
2922 2958 3018 3000 ore
3045 2943 3207 3013 piscis
3249 2954 3347 3008 pro
3376 2953 3436 2993 se
3476 2947 3529 2992 et

1955 3045 2115 3102 Petro
2144 3043 2258 3113 ipse
2290 3042 2541 3111 persolvit
2564 3038 2727 3112 (Ibid.
2754 3052 2884 3103 xvu,
2910 3035 3039 3104 26);
3070 3043 3127 3087 ιιι
3145 3030 3353 3087 cunctis
3376 3030 3527 3083 indu:

1956 3141 2190 3194 bitanter
2236 3145 2487 3206 appareat
2541 3133 2702 3204 gratis
2755 3134 2807 3186 iu
2860 3129 2977 3184 illos
3014 3124 3527 3194 impudentissimam

1880 3221 1925 3283 C
1957 3230 2384 3301 persecutionem
2421 3227 2644 3289 factam,
2679 3223 2765 3293 qui
2794 3237 2853 3277 se
2872 3218 3274 3276 conversatione
3306 3216 3534 3270 innoxia

1957 3333 2187 3380 tractare
2216 3322 2535 3376 maluerunt.
2568 3318 2674 3374 Sed
2707 3330 2809 3370 non
2850 3313 3088 3370 timendo
3111 3310 3233 3365 talia
3256 3348 3271 3375 ,
3324 3307 3533 3363 Domini

1954 3430 2013 3470 se
2042 3412 2311 3483 subiunxit
2340 3410 2643 3484 formidasse
2686 3407 2962 3472 mandata;
2992 3418 3112 3458 nam
3139 3418 3259 3457 cum
3288 3400 3362 3455 illi
3395 3410 3529 3454 tom-

1958 3506 2140 3576 porale
2166 3506 2498 3559 minarentur
2529 3501 2747 3557 exitium
2768 3541 2783 3565 ,
2813 3498 2915 3552 iste
2937 3504 3193 3557 teternum
3216 3490 3529 3563 paveSCebat

1957 3598 2233 3655 interitum
2260 3612 2273 3648 :
2307 3610 2374 3649 ne
2405 3595 2682 3654 absolutus
2712 3591 2943 3647 humana
2973 3586 3268 3650 sententia,
3293 3583 3530 3637 incurre-

1956 3700 2039 3746 ret
2069 3700 2266 3747 mterna
2286 3686 2509 3758 judicia.
2538 3685 2631 3740 illa
2659 3684 2800 3742 enim
2834 3679 2996 3737 verba
3030 3675 3382 3738 formidabat,
3413 3687 3531 3742 qua:

1957 3781 2217 3837 Dominus
2246 3756 2311 3833 inm
2348 3772 2637 3845 Evangelia
2681 3772 2857 3829 dixit:
2901 3769 3077 3825 Nolite
3117 3772 3289 3821 timere
3333 3780 3417 3817 eos
3443 3763 3533 3833 qui

1954 3887 2141 3940 corpus
2164 3868 2430 3934 occidunt,
2457 3867 2681 3919 animam
2702 3871 2874 3916 autem
2900 3877 2999 3915 non
3027 3867 3236 3931 possunt
3268 3855 3530 3913 occidere;

1952 3962 2041 4017 sed
2077 3958 2241 4029 potius
2270 3972 2385 4011 eunt
2415 3956 2579 4009 timete
2617 3954 2703 4022 qui
2756 3951 2904 4005 habet
2950 3956 3246 4016 potestatem
3276 3955 3324 3998 et
3351 3960 3535 4015 corpus

1952 4061 2001 4109 et
2026 4052 2250 4113 animant
2280 4047 2491 4118 perdere
2518 4045 2572 4098 in
2602 4043 2883 4112 gehennam
2921 4037 3134 4108 (Matth.
3156 4052 3186 4088 ι
3205 4075 3220 4101 ,
3248 4033 3361 4103 28).

2028 4142 2181 4198 Vers.
2213 4139 2332 4195 162.
2363 4135 2598 4201 Lwtabor
2624 4148 2719 4205 ego
2745 4146 2896 4203 super
2918 4128 3115 4198 eloquia
3136 4137 3223 4180 tua
3245 4141 3265 4182 :
3298 4126 3426 4179 sicut
3446 4126 3535 4192 qui

1952 4238 2141 4301 invenit
2164 4234 2327 4305 spolia
2350 4229 2541 4296 multa._
2561 4225 2903 4298 Comparatio
2929 4231 3011 4281 est
3041 4222 3173 4275 facta
3198 4218 3530 4280 bellantium,

1956 4330 2046 4400 qui
2077 4339 2130 4384 et
2160 4329 2370 4391 hostem
2410 4339 2468 4379 se
2494 4320 2686 4376 vicisse
2724 4317 2988 4389 gaudent,
3018 4322 3073 4368 et
3095 4310 3313 4369 exuvias
3338 4307 3535 4371 multas

1957 4421 2227 4479 invenisse
2251 4417 2603 4488 gratulantur.
2642 4414 2749 4469 Sed
2776 4409 3178 4468 consideremus
3207 4404 3297 4460 ille
3325 4402 3530 4461 animus

1956 4515 2079 4589 pius
2106 4528 2217 4584 qua
2238 4514 2448 4567 ratione
2479 4508 2611 4563 viris
2634 4522 2692 4561 se
2714 4515 3053 4574 comparasse
3079 4498 3323 4553 videatur
3344 4495 3533 4548 iimna-.

272 4616 453 4681 ritatis
481 4616 626 4673 fonte
654 4592 1025 4684 descenderit,
1057 4592 1476 4677 incominutabili
1508 4618 1703 4673 virtute
1729 4633 1857 4672 con-s
1886 4596 1937 4655 D-
1962 4609 2138 4674 nibus.
2184 4607 2445 4675 Martyres
2473 4601 2647 4665 enim,
2679 4597 2920 4668 quamvis
2948 4592 3132 4648 humili
3158 4598 3321 4684 (sorte
3352 4598 3528 4684 more-

274 4707 439 4770 sistit.
473 4707 602 4763 Nam
629 4710 766 4773 sicut
785 4708 982 4765 dictum
1009 4718 1124 4767 est:
1158 4707 1375 4773 Initium
1403 4710 1667 4780 sapientia:
1702 4712 1853 4769 timor

276 4801 493 4868 Domini
538 4801 727 4874 (Eccli.
752 4819 801 4873 ι,
832 4803 947 4875 16),
979 4804 1050 4859 ita
1090 4812 1145 4858 et
1168 4802 1255 4859 hic
1277 4803 1562 4859 locutionis
1589 4801 1722 4861 ordo
1745 4803 1853 4859 (UP.

272 4904 453 4956 matus
479 4906 602 4952 est:
637 4894 957 4968 Principium
985 4897 1246 4952 verborum
1289 4907 1495 4951 tuorum
1533 4898 1736 4951 veritas.
1786 4897 1853 4952 Et

273 4987 528 5057 quoniam
585 4989 831 5058 tetigerat
881 4987 1021 5058 quod
1071 4988 1122 5043 in
1178 4987 1438 5056 principio
1481 4997 1687 5057 gestum
1739 4995 1851 5054 cst,

275 5079 520 5147 sequitur
539 5088 592 5134 et
615 5079 746 5134 illud
768 5078 908 5151 quod
930 5088 1051 5148 post
1072 5079 1255 5141 mundi
1279 5080 1431 5132 istius
1465 5080 1621 5132 linem
1644 5086 1856 5132 constat

276 5184 403 5225 esse
449 5169 782 5235 faciendum,
813 5171 1027 5241 quando
1053 5170 1252 5238 judicia
1289 5170 1499 5223 Domini
1549 5170 1600 5223 iu
1649 5179 1855 5227 aeterno

275 5263 477 5317 Stcculo
504 5267 910 5331 permanebunt.
944 5263 1079 5318 Dicit
1106 5264 1245 5317 enim
1279 5262 1437 5331 justis
1473 5280 1485 5315 :
1525 5262 1737 5327 Venite,
1764 5263 1851 5316 bc-

276 5354 472 5408 uedicti
499 5353 675 5409 Patris
703 5357 833 5420 mei,
863 5355 1105 5424 percipite
1129 5336 1336 5422 regnum
1359 5354 1495 5421 quod
1525 5355 1660 5407 vobis
1693 5370 1852 5423 para-

275 5459 384 5503 tum
424 5458 498 5503 est
526 5444 586 5503 ab
615 5451 762 5503 initio
805 5450 1003 5503 mundi.
1054 5448 1233 5518 lmpiis
1263 5459 1436 5504 autem
1472 5449 1709 5509 dicturus
1741 5456 1850 5502 est:

276 5539 363 5595 Ite
385 5542 436 5594 in
464 5542 630 5611 ignem
650 5552 893 5595 wternum
912 5582 927 5605 ,
949 5536 1037 5610 qui
1067 5552 1275 5609 paratus
1295 5550 1366 5593 est
1396 5540 1597 5607 diabolo
1624 5550 1673 5593 et
1700 5556 1855 5608 auge-

274 5634 340 5688 lis
384 5637 498 5704 ejus
531 5631 745 5700 (Matth.
774 5649 896 5696 xxv,
929 5631 1039 5699 51).
1073 5634 1202 5698 Quae
1224 5632 1423 5702 judicia
1446 5631 1665 5700 justitia:
1692 5630 1855 5697 ipsius

272 5732 435 5780 erunt
461 5724 575 5778 sine
603 5724 935 5779 dubitatione
959 5734 1212 5794 perpetua
1234 5764 1249 5788 ,
1282 5723 1494 5792 quando
1534 5721 1853 5775 sententiam

278 5814 395 5885 eius
436 5830 537 5882 nec
563 5823 774 5878 tempus
803 5813 1016 5878 aliquod
1053 5814 1307 5876 mutabit,
1338 5826 1436 5871 nec
1468 5824 1555 5868 res
1594 5809 1700 5867 ulla
1732 5809 1855 5866 sub-

1958 4712 2163 4764 rentur,
2193 4674 2510 4753 inveniebant
2550 4693 2717 4764 spolia
2763 4686 2952 4751 multa,
2991 4682 3204 4754 quando
3231 4687 3287 4735 et
3315 4674 3538 4746 praemia,

1959 4796 2137 4851 divina
2161 4772 2520 4859 recipiebant,
2539 4795 2593 4841 et
2616 4785 2759 4854 ipsos
2781 4794 2992 4853 quoque
3020 4782 3388 4846 persecutores
3408 4781 3535 4823 suos

1960 4900 2249 4945 conversos
2295 4880 2507 4939 Domini
2550 4874 2896 4937 miseratione
2945 4868 3277 4941 gaudebant;
3328 4871 3383 4916 ut
3432 4859 3536 4931 ipsi

1960 4979 2127 5047 magis
2172 4976 2356 5030 tierent
2399 4971 2661 5041 spolium,
2692 4968 2781 5037 qui
2828 4964 2964 5017 vitas
3017 4960 3327 5014 ademerant
3376 4955 3529 5008 inno-

1959 5043 2218 5126 centium.
2252 5066 2318 5120 Et
2345 5064 2465 5119 ideo
2496 5061 2664 5116 lauari
2694 5073 2754 5113 se
2783 5054 2909 5110 dicit
2939 5055 2988 5106 in
3032 5048 3259 5116 cqultliS
3290 5043 3497 5099 Domini
3514 5084 3535 5115 ,ξ

1961 5164 2011 5218 id
2058 5170 2142 5216 est
2182 5161 2235 5213 iu
2286 5152 2739 5211 admonitionibus
2795 5146 2980 5209 iactis,
3047 5142 3184 5196 sicut
3231 5139 3401 5193 victor
3446 5135 3531 5204 qui

1961 5254 2256 5308 occisorum
2289 5248 2521 5318 prmdam
2554 5256 2742 5311 rapere
2772 5240 2931 5294 nimia
2961 5234 3255 5303 cupiditate
3299 5229 3515 5285 festinat

1961 5346 2059 5400 Ista
2085 5343 2225 5397 enim
2245 5337 2535 5393 similitudo
2557 5335 2624 5389 ad
2648 5330 2881 5385 laetitiam
2908 5323 3347 5395 triumphantium
3367 5329 3445 5374 tra
3460 5318 3530 5379 lti-

1963 5446 2065 5499 tur,
2100 5449 2206 5487 non
2243 5428 2481 5484 aviditati
2513 5426 2664 5482 effusi
2697 5421 2969 5491 sanguinis
3000 5423 3361 5487 comparatur.
3390 5411 3528 5467 Posi-

1963 5537 2070 5581 tum
2114 5532 2199 5581 est
2228 5524 2369 5578 enim
2405 5528 2504 5574 hoc
2534 5521 2836 5587 frequenter
2870 5512 2923 5567 in
2956 5510 3147 5573 litteris
3176 5506 3342 5564 sacris
3370 5506 3435 5557 ad
3476 5502 3519 5555 si

1960 5615 2329 5692 gnilicatioues
2376 5612 2580 5682 aliquas
2610 5607 3004 5680 cxprimendas.
3050 5599 3304 5673 Spoliavit
3345 5596 3429 5668 qui
3446 5610 3536 5663 ppe

1964 5689 2506 5786 Aigyptios'pOpulus
2536 5711 2909 5773 Hebraeorum,
2940 5720 3059 5760 cum
3089 5702 3158 5755 dc
3184 5699 3337 5764 longa
3371 5689 3515 5786 seni

1962 5783 2081 5867 tute
2111 5783 2361 5873 Domina
2388 5813 2675 5874 prmstautc
2724 5802 2974 5858 liberatus
3021 5807 3119 5852 cst.
3186 5789 3369 5856 Spolia
3420 5783 3515 5848 tali
