4090 6346
488 437 587 493 895

1701 430 1768 484 Μ.
1811 427 2086 484 AUiiELII
2127 424 2532 484 CASSIODORI

3643 379 3752 484 sos

488 560 687 623 David,
719 527 1022 628 superbiam
1069 556 1236 612 Goliae
1283 554 1647 622 malitiamque
1699 560 2059 622 prosternens.
2097 552 2144 608 Α
2174 546 2428 602 decenter
2455 543 2794 614 opponimus.
2819 543 3090 601 Cancrum
3117 541 3550 600 tribulationibus
3572 555 3627 600 et
3655 560 3759 616 po»

490 652 860 721 Triumphavit
892 651 1002 720 ipse
1033 648 1286 703 Dominus
1315 648 1381 702 dc
1413 645 1626 700 diabolo
1649 686 1664 711 ,
1705 645 1915 714 quando
1945 642 2065 696 alli-

489 752 609 811 gata
638 741 942 796 fortitudine
971 741 1139 809 ipsius
1165 754 1288 793 vasa
1311 737 1497 792 mortis
1521 734 1738 805 eripuit,
1758 751 1876 803 quin
1896 743 2067 788 trans-

492 833 611 886 tulit
635 831 700 884 ad
732 832 982 886 salutem.
1028 831 1147 900 ipse
1185 831 1417 900 denique
1473 827 1700 898 populus
1737 823 2070 880 Christianus

491 926 693 978 la'tatus
739 934 842 990 est,
876 934 1126 993 tanquam
1163 924 1250 992 qui
1295 922 1478 976 invenit
1518 921 1683 990 spolia
1710 917 1872 972 multa
1917 933 2071 986 super

491 1015 687 1082 eloquia
707 1013 917 1069 Domini
934 1055 949 1079 ,
980 1031 1098 1085 qum
1126 1012 1328 1069 Judteis
1351 1029 1454 1067 non
1482 1008 1825 1066 credentibus
1840 1007 1904 1060 ad
1925 1023 2069 1062 com-

495 1102 746 1173 pendium
780 1104 1011 1173 proprie
1039 1103 1227 1159 salutis
1255 1103 1467 1172 eripuit.

567 1195 720 1250 Vers.
751 1195 1235 1266 163.1niquitatem
1279 1196 1398 1249 odio
1436 1193 1620 1261 habui,
1669 1201 1716 1247 et
1753 1191 2073 1246 abominatus

492 1300 650 1338 sum:
694 1285 853 1354 legem
892 1293 1063 1338 autim
1109 1297 1246 1336 tuam
1292 1283 1468 1338 dilexi.
1524 1282 1699 1338 Mente
1734 1279 2067 1336 condendum

497 1384 582 1429 est
617 1375 758 1444 quod
813 1389 1052 1429 amorem
1093 1375 1354 1428 bonorum
1399 1373 1655 1428 malarum
1699 1387 1877 1426 rerum
1910 1370 2072 1440 426

493 1465 620 1520 odio
667 1465 1038 1534 comprobavit
1069 1483 1082 1519 :
1116 1465 1365 1529 quoniam
1396 1463 1604 1518 animus
1648 1473 1848 1526 nOSter,
1882 1459 1926 1514 si
1970 1459 2070 1512 ini-

495 1558 751 1627 quitatem
775 1558 1013 1628 reriperc
1042 1558 1269 1614 voluerit
1285 1599 1300 1623 ,
1325 1571 1664 1626 nequaquam
1688 1571 1747 1610 se
1769 1553 1870 1624 legi
1893 1551 2068 1608 donti-

494 1649 630 1704 nicae
665 1651 764 1704 sub
791 1650 1092 1718 integritate
1136 1650 1451 1719 conjungit,
1485 1650 1624 1702 sicut
1677 1647 1729 1700 in
1781 1644 2069 1712 Evangelia

492 1739 624 1794 dicit
647 1757 660 1793 :
694 1740 862 1796 Nemo
894 1751 1055 1812 potest
1077 1741 1276 1795 duobus
1307 1742 1527 1794 dominis
1551 1739 1735 1793 servire
1762 1737 1973 1808 (Matth.
1993 1751 2065 1804 v1,

491 1831 610 1902 2i).
637 1833 729 1886 ille
745 1842 923 1889 autem
953 1850 1114 1891 verus
1142 1849 1296 1890 amor
1315 1844 1426 1896 est.
1454 1834 1546 1904 qui
1563 1833 1799 1887 veritatis
1822 1831 2069 1886 allectum

2171 637 2350 692 ricnlis
2378 637 2430 689 in
2461 635 2564 690 hoc
2593 637 2793 689 mundo
2822 634 3062 704 subjacet
3081 675 3096 701 ,
3125 633 3218 703 qui
3247 646 3308 688 se
3339 633 3552 688 Domini
3578 630 3756 688 fatuu-

2170 726 2279 780 lum
2326 739 2447 779 esse
2485 725 2790 794 proﬁtetur.
2821 724 2954 779 Nam
2987 732 3040 778 et
3068 721 3326 792 apostolis
3353 721 3444 792 qui
3474 730 3630 777 erant
3669 722 3757 778 di-

2169 829 2326 871 Versa
2356 815 2734 885 persecutione
2757 811 3023 869 lacerandi
3044 852 3060 878 ,
3087 812 3212 866 dicit
3243 811 3498 866 Dominus
3523 826 3538 864 :
3566 810 3757 864 Pacem

2169 925 2334 963 meam
2362 909 2427 963 do
2449 907 2589 962 vobis
2610 948 2624 973 ,
2656 923 2831 974 pacem
2853 921 3019 959 meam
3040 904 3273 974 relinquo
3295 902 3434 957 vobis
3451 901 3630 973 (Joan.
3646 917 3758 966 XIV,

2169 999 2296 1072 27);
2327 1010 2383 1053 ut
2412 997 2777 1053 indubitanter
2803 1003 3060 1065 appareat
3107 994 3336 1049 famulos
3367 991 3574 1048 Domini
3608 1001 3754 1046 trau-

2169 1091 2332 1160 quilla
2353 1103 2568 1158 semper
2593 1094 2774 1142 mente
2793 1085 2894 1139 irui
2915 1125 2929 1150 ,
2962 1085 3208 1153 quamvis
3228 1081 3507 1138 videantur
3531 1080 3762 1145 diversis

2171 1195 2459 1250 corporum
2501 1175 2882 1234 afﬂictionibus
2910 1173 3199 1246 ingravari.
3234 1173 3489 1242 Sequitur
3521 1189 3536 1228 :
3563 1171 3630 1226 Et
3659 1188 3762 1226 non

2171 1282 2244 1328 est
2286 1272 2392 1326 illis
2411 1269 2745 1336 scandalum,
2776 1269 2995 1337 utique,
3022 1265 3274 1336 quoniam
3306 1263 3392 1334 qui
3421 1278 3550 1319 vere
3588 1263 3762 1336 diligit

2179 1363 2338 1433 legem
2368 1357 2610 1427 Domini,
2655 1373 2762 1414 non
2809 1357 2862 1412 in
2894 1372 2956 1413 ea
2993 1356 3192 1426 patitur
3219 1355 3547 1421 scandalum,
3591 1354 3643 1412 id
3676 1363 3758 1412 est

2171 1453 2370 1524 aliquid
2417 1452 2727 1516 sinistrum;
2777 1450 2917 1506 sicut
2955 1449 3146 1517 Judaei,
3173 1449 3243 1504 de
3281 1448 3474 1517 quibus
3499 1449 3750 1518 scriptum

2171 1553 2252 1599 est
2273 1561 2285 1596 :
2311 1541 2509 1597 Iudaeis
2523 1542 2728 1612 quidem
2752 1539 3074 1605 scandalum,
3094 1539 3338 1595 Gentibus
3361 1550 3528 1592 autem
3544 1538 3758 1594 stultitia

2172 1631 2227 1704 (1
2258 1631 2377 1688 Cor.
2411 1648 2458 1699 ι,
2489 1631 2604 1704 25).
2677 1630 2992 1686 Scandalum
3038 1638 3122 1684 est
3167 1630 3310 1684 enim
3352 1644 3504 1683 mens
3553 1627 3757 1702 olietisa

2171 1723 2312 1778 aliud
2361 1723 2600 1779 sentiens
2652 1736 2811 1792 quam
2844 1730 3120 1787 monetur,
3170 1719 3311 1789 quod
3351 1735 3381 1772 a
3407 1719 3757 1790 diligentibus

2173 1816 2344 1885 legem
2369 1815 2471 1888 [ed.
2491 1857 2508 1884 ,
2546 1814 2736 1885 Deum]
2764 1812 2973 1868 Domini
3006 1812 3261 1881 probatur
3287 1812 3541 1866 alienum.
3565 1809 3760 1868 Totum

494 1925 573 1977 sic
603 1924 772 1992 rigida
802 1925 1188 1983 deliberatione
1217 1926 1478 1992 custodit,
1513 1924 2067 1980 utomninoexsecre-
2098 1923 2144 1982 Β
2171 1909 2313 1961 enim
2364 1907 2418 1961 in
2465 1908 2580 1976 ipsa
2622 1906 2882 1964 debemus
2921 1904 3176 1978 diligere.
3219 1903 3474 1974 quidquid
3519 1905 3761 1959 noscitur

491 2020 581 2068 tur
603 2014 745 2084 quod
777 2017 825 2071 ei
859 2025 1034 2085 potest
1061 2031 1180 2072 esse
1207 2017 1556 2072 contrarium.
1591 2017 1924 2084 Quapropter
1963 2029 2068 2066 non

491 2105 761 2160 ltominem
791 2107 1064 2178 iniquum,
1107 2107 1201 2162 sed
1232 2107 1546 2174 iniquitatem
1589 2119 1648 2159 se
1688 2105 1816 2158 dicit
1859 2103 2067 2170 odisse,

490 2196 632 2265 qttod
662 2195 739 2251 las
769 2205 876 2264 est,
906 2205 1066 2268 atque
1093 2213 1210 2253 eam
1240 2198 1316 2255 sic
1343 2198 1704 2253 abominatum
1732 2197 1928 2262 fuisse,
1961 2207 2013 2250 ut
2038 2212 2069 2251 a

490 2300 552 2340 se
597 2286 756 2356 longe
786 2287 1035 2343 redderet
1070 2289 1335 2355 alienam;
1381 2297 1642 2359 quatenus
1673 2288 1831 2360 legem
1861 2285 2069 2341 Domini

496 2380 732 2444 perlecta
761 2377 1036 2436 voluntate
1088 2381 1346 2452 diligeret.
1389 2381 1542 2449 Quod
1587 2393 1956 2451 argumentum
2001 2395 2068 2434 ex

498 2471 769 2526 contraria
791 2488 969 2528 rerum
991 2472 1304 2530 diversitate
1324 2473 1613 2544 colligitur.
1635 2471 1744 2530 Lex
1762 2482 1942 2526 autem
1967 2472 2070 2526 Do-

491 2561 622 2614 mini
651 2570 733 2616 est
766 2562 934 2632 (sicut
961 2579 1105 2632 saepe
1124 2564 1326 2619 dictum
1355 2565 1472 2634 est)
1502 2579 1620 2634 quae
1645 2562 1744 2620 sub
1770 2561 2066 2632 aenigmati-

488 2648 587 2704 bus
626 2651 914 2720 agebatur,
946 2661 1004 2706 ut
1041 2667 1136 2708 sex
1185 2653 1339 2708 annis
1376 2669 1507 2722 puer
1533 2655 1758 2712 serviret
1781 2651 2076 2716 Hebraeus,

487 2756 658 2810 agnus
711 2743 1080 2800 immolaretur
1113 2747 1418 2812 anniculus,
1449 2756 1504 2801 et
1548 2745 1632 2799 his
1675 2745 1902 2810 similia,
1947 2758 2068 2816 quin

490 2830 556 2883 ad
583 2831 716 2886 Novi
740 2832 1069 2888 Testanienti
1100 2844 1322 2902 possunt
1341 2835 1745 2905 signiﬁcantium
1769 2834 2064 2905 pertinere;

492 2935 612 2990 qua:
643 2926 839 2977 merito
866 2937 926 2978 sc
955 2925 1193 2978 dilexisse
1213 2935 1624 2995 commemorat,
1657 2941 1724 2982 ne
1743 2925 1865 2996 quis
1883 2939 1946 2982 ea
1967 2924 2070 2982 sub

496 3018 740 3081 neglectu
769 3018 948 3087 aliquo
974 3019 1220 3074 crederet
1246 3017 1528 3072 audienda.

565 3107 718 3162 Vere.
750 3107 874 3162 164.
907 3109 1105 3175 Septies
1136 3110 1187 3163 in
1222 3109 1304 3164 die
1334 3109 1540 3164 laudent
1585 3107 1694 3162 dixi
1741 3106 1865 3172 tibi,
1915 3122 2065 3175 super

490 3198 683 3266 iudicia
703 3199 924 3270 justitire
967 3208 1088 3256 tuw.
1135 3199 1192 3254 Si
1238 3199 1305 3254 ad
1353 3200 1579 3254 litteram
1611 3199 1754 3254 hunc
1783 3212 2062 3252 numerum

2173 1998 2480 2064 continere;
2507 1997 2748 2066 alioquin
2779 2011 2884 2052 non
2912 2005 3058 2051 amat
3084 1995 3255 2065 legem
3275 2037 3294 2062 ,Α
3324 1995 3414 2064 qui
3446 1997 3575 2049 inea
3590 1994 3759 2054 oil'enr

2171 2089 2314 2143 ditur
2336 2102 2433 2158 pro
2455 2097 2604 2157 parte
2621 2087 2703 2142 vel
2732 2087 2973 2142 minima.
2997 2087 3104 2144 Sed
3133 2085 3390 2142 orandum
3419 2095 3533 2150 cst,
3567 2093 3627 2140 ut
3655 2071 3759 2139 Do-

2172 2178 2302 2232 mini
2331 2176 2694 2234 misericordia
2715 2177 2882 2247 possit
2909 2177 3162 2248 intelligi,
3190 2176 3330 2247 quod
3360 2190 3465 2229 non
3496 2173 3756 2244 permittit

2171 2278 2349 2326 nostra
2382 2269 2716 2326 imbecillitas
2738 2269 2954 2326 intueri.
2981 2266 3300 2326 Scandalum
3321 2268 3464 2322 enim
3483 2264 3594 2326 illic
3626 2265 3756 2334 pati,

2171 2363 2273 2418 hoc
2300 2369 2384 2418 est
2421 2362 2490 2418 ab
2516 2361 2701 2419 electis
2733 2363 2942 2418 Domini
2974 2364 3275 2432 segregari;
3327 2359 3464 2414 sicut
3505 2359 3759 2423 omnibus

2171 2455 2436 2526 contingit
2463 2455 2759 2522 haereticis,
2790 2457 2881 2526 qui
2929 2469 2990 2510 se
3014 2455 3080 2511 ab
3112 2454 3313 2509 unitate
3340 2463 3538 2509 sancta:
3569 2451 3756 2507 Eccle-

2169 2547 2264 2606 sia:
2293 2547 2423 2602 vitio
2450 2545 2727 2618 pravitatis
2758 2546 3057 2604 abscidunt.

2241 2638 2394 2692 Vers.
2422 2637 2544 2694 166.
2573 2635 2945 2709 Exspectabam
2976 2637 3202 2694 salutare
3229 2646 3393 2704 tuum,
3430 2633 3679 2700 Domine,
3707 2643 3766 2692 et.

2168 2731 2418 2783 mandata
2445 2738 2534 2784 tua
2563 2728 2743 2783 dilexi.
2773 2727 2972 2784 Versus
3000 2726 3100 2783 iste
3125 2727 3212 2782 tali
3237 2727 3424 2784 ordine
3444 2735 3499 2780 ct
3519 2726 3754 2794 antiquis

2174 2818 2422 2879 ﬁdelibus
2447 2821 2702 2875 convenit
2740 2826 2794 2875 et
2822 2817 3097 2873 modernis
3115 2859 3135 2884 ,
3161 2818 3205 2873 si
3240 2829 3522 2887 utrumque
3549 2816 3751 2870 adven-

2169 2919 2281 2964 tum
2310 2908 2520 2964 Domini
2554 2909 2782 2964 velimus
2813 2909 3078 2978 accipere.
3101 2907 3338 2963 Pertinet
3363 2909 3498 2962 enim
3521 2907 3588 2960 ad
3612 2908 3752 2971 anti-

2167 3015 2306 3070 quos
2336 2999 2556 3068 ﬁdeles,
2586 3000 2632 3055 si
2654 3000 2720 3056 ab
2751 3000 2855 3056 illis
2883 3010 3248 3070 exspectatum
3275 2999 3534 3068 intelligas
3561 3000 3740 3052 incar-

2168 3095 2402 3150 nationis
2429 3094 2742 3151 adventum.
2773 3094 3044 3149 Convenit
3068 3103 3245 3149 autem
3285 3093 3352 3148 ad
3384 3103 3624 3158 sanctos,
3655 3091 3751 3163 qui

2165 3187 2392 3242 credere
2421 3196 2701 3257 coeperunt
2735 3197 2852 3256 post
2887 3186 3244 3255 evangelicam
3271 3184 3566 3254 jussionem
3590 3224 3604 3249 ,
3627 3199 3762 3250 eum,

492 3287 716 3343 Vatinius
744 3288 1057 3354 advertere,
1087 3300 1291 3359 septem
1324 3290 1440 3344 iilas
1465 3289 1726 3359 signiﬁcat
1757 3288 1900 3343 vices
1940 3287 2062 3356 qui-
2090 3295 2136 3356 ς
2167 3280 2342 3333 adhuc
2392 3279 2551 3334 l’uturi
2600 3277 2784 3348 judicii
2851 3278 3226 3348 prmstulantttr
3263 3278 3569 3334 adventum.
3618 3276 3750 3344 Quia

492 3377 594 3431 bus
641 3393 700 3432 sc
743 3379 1124 3432 monachorum
1155 3379 1239 3447 pia
1268 3378 1482 3434 devotio
1518 3378 1857 3441 consolatur,
1902 3375 1954 3430 id
1984 3382 2068 3430 est

491 3467 800 3533 matutinis,
832 3467 982 3522 tei‘lin
1003 3509 1020 3534 ,
1047 3475 1198 3522 sexta
1218 3507 1232 3533 ,
1267 3481 1426 3534 nona,
1468 3465 1765 3522 lucernaria
1787 3506 1800 3530 ,
1831 3465 2065 3534 complc-

492 3557 670 3626 toriis,
708 3559 1009 3614 nocturnis;
1037 3559 1147 3614 Hoc
1177 3568 1231 3614 et
1253 3559 1422 3614 saneti
1445 3557 1717 3613 Ambrosii
1753 3555 1984 3628 hymnus
2011 3557 2063 3612 in

496 3659 663 3704 sexta:
694 3650 838 3704 boue
861 3650 1236 3706 decantatione
1264 3658 1508 3706 testatur.
1539 3650 1592 3706 Si
1623 3663 1752 3704 vero
1779 3647 2068 3719 spirituali-

491 3748 570 3796 ter
593 3740 834 3794 intendas
853 3779 870 3806 ,
897 3741 1353 3796 continuationem
1378 3741 1546 3811 magis
1570 3740 1766 3798 dictam
1795 3742 2067 3809 sapienter

492 3830 728 3884 advertis
747 3871 764 3896 ,
797 3838 854 3884 ut
881 3841 963 3886 est
1003 3831 1130 3886 illud
1155 3849 1168 3886 :
1201 3831 1511 3886 Benedicam
1541 3829 1818 3886 Dominum
1846 3832 1898 3884 in
1929 3832 2067 3886 omni

489 3933 744 3992 tempore:
769 3938 968 3994 semper
996 3921 1111 3976 laus
1146 3923 1253 3994 ejus
1274 3923 1329 3980 in
1351 3939 1436 3980 ore
1451 3939 1561 3981 meo
1585 3920 1758 3992 (Psal.
1776 3920 2062 3992 xxxmﬁ).

489 4013 577 4065 Sic
622 4022 703 4067 est
741 4012 902 4067 etiam
949 4012 1276 4082 bebdomas,
1323 4028 1444 4082 quae
1491 4013 1544 4068 in
1589 4012 1690 4070 hoc
1727 4021 1942 4083 semper
1968 4027 2067 4066 nu-

491 4120 642 4160 mero
671 4106 910 4160 revoluta
933 4147 948 4170 ,
976 4106 1344 4175 longissimum
1372 4105 1530 4162 nobis
1561 4114 1773 4175 tempus
1803 4103 2064 4169 extendit,

490 4198 616 4248 dum
649 4196 747 4249 hoc
783 4212 1010 4254 tuimero
1038 4200 1304 4254 clauditur
1337 4198 1590 4268 quidquid
1619 4199 1671 4252 in
1703 4196 1885 4252 mundi
1911 4195 2066 4252 istius

491 4299 648 4344 tctatc
679 4301 941 4344 versatur.
973 4290 1104 4345 Nam
1130 4301 1184 4346 et
1210 4291 1281 4347 ibi
1315 4306 1409 4360 pro
1448 4290 1658 4346 inﬁnito
1690 4290 1932 4359 ponitur,
1975 4291 2065 4344 ubi

489 4379 564 4434 ait
595 4395 609 4432 :
645 4378 845 4449 Septies
868 4381 1003 4434 cadit
1024 4383 1198 4451 justus
1218 4423 1234 4448 ,
1263 4393 1310 4436 et
1339 4383 1592 4454 resurgit(
1603 4382 1756 4440 Prov.
1781 4397 1924 4446 xxiv,
1950 4381 2064 4451 lli);

493 4489 525 4526 n
551 4489 598 4526 ut
623 4472 763 4527 enim
791 4473 934 4542 justo
965 4473 1219 4529 deﬁnitus
1249 4485 1331 4530 est
1377 4475 1601 4530 cadendi
1648 4489 1903 4530 numerus
1929 4491 1944 4531 :
1970 4473 2065 4530 sed

493 4564 594 4620 hoc
622 4574 706 4618 est
751 4565 1115 4620 necessarium
1158 4565 1583 4636 quotiescunque
1610 4547 1864 4622 ceciderit
1892 4575 1948 4621 ut
1981 4581 2068 4622 re-

2171 3385 2342 3440 neque
2373 3369 2447 3424 illi
2493 3371 2738 3424 mandata
2768 3369 2978 3424 Dotniui
3027 3369 3238 3439 diligere
3285 3377 3602 3436 potuerunt,
3648 3368 3753 3426 nisi

2168 3463 2568 3518 desiderassent
2617 3462 3000 3532 plenitudinem
3056 3461 3455 3528 mandatorum;
3514 3476 3616 3515 nec
3663 3460 3750 3514 isti

2177 3553 2426 3608 mandata
2456 3567 2638 3610 amare
2665 3562 2909 3625 possent,
2936 3553 3036 3608 nisi
3075 3553 3357 3607 adventum
3395 3552 3604 3606 Domini
3635 3551 3748 3606 Salo

2172 3647 2372 3698 vatoris
2397 3644 2589 3698 timore
2607 3645 2912 3699 castissimo
2934 3645 3275 3698 sustinerent.
3295 3641 3539 3698 Salutare
3556 3643 3766 3711 (μύρρα¹

2168 3737 2379 3792 Dmtini
2416 3747 2502 3792 est
2545 3735 2688 3793 salus
2719 3737 2983 3794 Gentibus
3035 3735 3318 3798 attributa,
3365 3749 3485 3803 qua:
3517 3751 3613 3802 per
3651 3751 3745 3787 an~

2167 3831 2344 3900 gelum
2369 3829 2622 3899 praedicta
2643 3839 2728 3887 est
2750 3830 2816 3885 ad
2838 3829 3034 3900 Joseph
3054 3872 3069 3898 ,
3101 3844 3260 3900 quam
3288 3829 3505 3892 Sitneon
3534 3828 3587 3882 in
3615 3842 3752 3897 pace

2169 3921 2520 3980 remittendus
2550 3925 2786 3994 agnovit.

2245 4014 2399 4070 Vers.
2433 4014 2555 4070 167.
2589 4013 2874 4070 Custodivit
2906 4015 3077 4069 anima
3103 4031 3214 4068 utea
3236 4014 3514 4088 testimonia
3539 4023 3662 4078 tua,
3695 4023 3744 4068 et

2169 4106 2346 4167 dilexit
2371 4123 2429 4164 ea
2452 4105 2786 4163 vehementer.
2815 4104 3129 4168 Custodivit,
3158 4105 3225 4159 ad
3254 4104 3584 4160 tolerantiam
3607 4119 3751 4158 mar-

2171 4198 2296 4265 tyrii
2323 4197 2580 4264 pertinet,
2613 4212 2680 4251 ne
2700 4197 2948 4251 amittere
2968 4188 3240 4252 videretur
3260 4197 3399 4266 quod
3422 4197 3538 4267 ejus
3565 4193 3750 4265 religio

2167 4291 2497 4346 continebat.
2533 4291 2724 4345 Dilexit
2773 4305 2932 4357 vero,
2985 4291 3051 4346 ad
3103 4290 3420 4346 charitatem
3471 4289 3752 4346 tormentis

2167 4381 2418 4436 omnibus
2446 4380 2751 4445 fortiorem,
2783 4397 2901 4450 qua:
2931 4381 3174 4436 ﬂammas
3202 4381 3398 4446 vincit,
3427 4380 3636 4452 gladios
3663 4395 3750 4436 su-

2173 4483 2350 4540 perat,
2375 4482 2429 4528 et
2455 4475 2660 4529 caalcsti
2691 4474 2888 4528 virtute
2914 4486 3109 4530 cuneta
3140 4475 3488 4530 transcendit.
3511 4474 3620 4530 Sed
3640 4476 3769 4544 ipsa.

2167 4564 2382 4620 dilectio
2433 4581 2536 4620 non
2580 4575 2848 4634 utcunque
2889 4565 3190 4638 peragenda
3219 4575 3338 4634 est,
3367 4565 3460 4621 sed
3488 4567 3752 4628 uehemen-

487 4665 688 4726 surgat.
715 4656 845 4711 Tale
869 4666 951 4712 est
989 4669 1043 4712 ct
1069 4658 1200 4712 illud
1225 4699 1240 4725 ,
1281 4660 1437 4712 redde
1465 4659 1639 4717 eicin's
1681 4662 1867 4715 nostris
1895 4670 2066 4734 ερρω-
2096 4668 2150 4729 Ῑ)
2175 4667 2269 4722 ter,
2295 4657 2435 4727 quod
2457 4657 2617 4712 totius
2643 4657 2805 4712 animi
2837 4658 3038 4719 nisibus
3061 4656 3385 4728 explicatur;
3412 4668 3469 4712 ut
3491 4673 3590 4713 nec
3617 4669 3747 4720 tem-

487 4749 628 4818 plum
655 4749 710 4802 in
739 4748 854 4802 sinu
876 4764 1048 4802 eorum
1074 4746 1248 4820 (Psal,
1274 4765 1475 4805 Lxxvnt
1495 4793 1510 4816 ,
1559 4749 1675 4820 i9);
1709 4751 1808 4806 hoc
1833 4761 1913 4806 est
1934 4753 2070 4806 mul~

489 4838 757 4909 tipliciter.
795 4838 862 4894 Et
889 4839 1028 4910 apud
1065 4839 1322 4911 Moysen:
1360 4841 1536 4894 Omnis
1565 4842 1651 4910 qui
1683 4841 1918 4896 occiderit
1940 4843 2068 4896 Cain

485 4931 776 5002 septuplum
820 4933 1064 5000 punietur
1095 4929 1262 5002 (Gen.
1291 4946 1362 4997 tv,
1414 4933 1546 5003 15),
1594 4933 1646 4986 id
1685 4942 1768 4988 est
1813 4934 2085 5010 multipli-q

486 5021 649 5087 citer;
679 5031 735 5078 et
764 5022 846 5078 his
871 5024 1089 5078 similia.
1116 5023 1310 5078 Verum
1341 5033 1397 5078 ut
1448 5025 1543 5076 has
1575 5024 1760 5080 laudes
1787 5024 2065 5080 continuas

486 5113 683 5168 debeas
735 5114 1058 5186 intelligere,
1108 5115 1295 5172 subter
1342 5117 1622 5186 adjunxit:
1655 5119 1826 5188 Super
1862 5118 2064 5186 judicia

481 5206 698 5273 justitite
735 5213 870 5263 tua}:
900 5209 1021 5276 quia
1054 5210 1224 5278 parcit
1257 5209 1508 5266 videlicet
1529 5209 1873 5280 supplicanti;
1907 5221 1959 5265 et
1987 5207 2063 5265 sic

490 5297 774 5353 humilibus
804 5297 921 5368 pius
969 5310 1085 5368 est,
1115 5312 1172 5357 ut
1220 5317 1327 5357 non
1377 5303 1549 5358 Solum
1595 5303 1786 5375 culpas
1809 5303 2061 5372 dimittat,

485 5393 580 5448 sed
612 5393 772 5450 etiam
815 5395 893 5452 eis
921 5405 1118 5451 a-terna
1151 5399 1366 5466 praemia
1397 5399 1670 5468 largiatur.

563 5481 716 5539 Vers.
735 5483 854 5540 165.
873 5483 988 5540 Paa:
1005 5486 1166 5541 multa
1181 5488 1508 5560 diligentibus
1537 5489 1694 5560 legem
1707 5498 1846 5542 tuam
1862 5505 1881 5542 :
1896 5496 1944 5542 et
1963 5504 2066 5542 non

487 5586 560 5630 est
588 5576 693 5632 illis
720 5577 1046 5632 scandalum.
1086 5578 1218 5633 Cum
1245 5580 1314 5634 sit
1342 5581 1478 5634 Deus
1507 5580 1891 5650 imperturbata
1921 5579 2066 5649 puri-

489 5675 600 5724 tate
622 5669 938 5738 tranquillus
955 5710 971 5737 ,
1004 5684 1226 5725 necesse
1241 5681 1324 5726 est
1347 5679 1402 5724 ut
1418 5671 1742 5742 diligentibus
1767 5673 1923 5743 legem
1949 5671 2066 5741 ejus

485 5761 628 5828 pacis
676 5761 868 5830 gaudia
926 5761 1306 5815 concedantur.
1361 5761 1464 5816 Sed
1521 5779 1623 5828 pax
1651 5763 1852 5830 multa,
1871 5761 2069 5818 mentis

495 5851 693 5912 ituritas
715 5865 767 5911 ct
799 5854 922 5922 lidci
944 5856 1096 5919 copia
1123 5856 1276 5909 debet
1311 5853 1561 5922 intelligi,
1593 5872 1707 5922 ψη·
1741 5866 1922 5912 contra
1947 5855 2067 5912 vitia

2173 4766 2305 4821 pore
2349 4765 2408 4806 se
2451 4752 2630 4822 aliquo
2669 4749 2954 4815 subducat,
2983 4766 3083 4818 nec
3113 4749 3277 4804 animi
3310 4758 3525 4819 torpore
3555 4751 3750 4806 lentes-

2168 4853 2276 4899 cat.
2305 4843 2393 4898 Sic
2417 4843 2558 4897 cnim
2587 4841 2652 4896 ad
2685 4841 2813 4896 illud
2845 4843 3125 4910 pervenit,
3156 4839 3296 4912 quod
3327 4840 3403 4894 ait
3432 4841 3768 4909 Apostolus;

2168 4932 2370 4986 Bonum
2401 4945 2649 4985 cer-iumen
2679 4934 2893 4998 certavi,
2943 4948 3148 4986 cursum
3196 4931 3573 4995 consummavi,
3602 4932 3751 4999 ﬁdem

2167 5026 2377 5080 servavi.
2415 5025 2487 5079 Dc
2519 5025 2714 5094 reliquo
2742 5025 2965 5096 reposita
3011 5033 3086 5079 est
3135 5025 3259 5081 milii
3286 5039 3477 5079 corona
3501 5025 3751 5094 justitite,

2164 5133 2316 5181 quam
2357 5116 2534 5170 reddet
2580 5116 2703 5171 mihi
2753 5113 3003 5171 Dominus
3033 5116 3085 5169 in
3109 5116 3203 5170 illa
3243 5115 3327 5170 die
3365 5117 3540 5185 justus
3582 5113 3758 5180 ludes;

2168 5208 2253 5281 (ll
2273 5210 2403 5264 Tim.
2426 5225 2498 5274 tv,
2517 5211 2571 5274 7,
2597 5208 2671 5278 8).

2242 5303 2394 5358 Vers.
2429 5302 2548 5358 168.
2577 5303 2788 5356 Servavi
2816 5305 3066 5358 mandata
3115 5311 3202 5356 tua
3240 5313 3286 5356 et
3318 5301 3610 5355 testimonia
3636 5301 3722 5360 tua
3748 5344 3764 5364 ,

2167 5397 2285 5466 quia
2309 5412 2479 5451 omnes
2508 5396 2602 5450 viae
2637 5410 2762 5448 mere
2785 5396 2837 5448 in
2867 5403 3136 5465 conspectu
3168 5404 3282 5461 tuo,
3318 5393 3554 5447 Domine.
3582 5393 3761 5460 Supe—

2167 5489 2401 5544 rioribus
2430 5487 2670 5545 versibus
2691 5487 3001 5558 singillatim
3029 5485 3209 5551 posuit
3237 5486 3485 5539 mandata
3508 5494 3564 5539 et
3595 5485 3760 5546 testi,-

2171 5579 2385 5633 tnonia:
2432 5577 2517 5634 hic
2548 5579 2776 5633 litteram
2809 5576 3136 5633 concludens
3157 5615 3173 5642 ,
3213 5586 3496 5644 utrumque
3530 5573 3771 5654 conicitis

2172 5671 2278 5736 xit,
2315 5678 2371 5724 ut
2409 5677 2635 5739 utraque
2674 5670 2832 5724 simul
2885 5668 3148 5725 custodita
3196 5681 3571 5737 cognosceres.
3619 5665 3770 5730 Dicit

2171 5777 2302 5836 ergo
2351 5778 2577 5816 servasse
2607 5777 2664 5816 sc
2695 5762 2905 5830 quidem
2938 5761 3178 5814 utandata
3211 5769 3259 5814 et
3307 5769 3378 5814 tes
3405 5760 3630 5821 inionio;
3658 5758 3776 5828 sed,

2175 5870 2270 5910 cur
2301 5871 2360 5911 ca
2392 5856 2623 5924 potuetit
2664 5853 2934 5916 custodire
2960 5893 2986 5921 ,η
3011 5854 3196 5914 ευυιειν,
3235 5852 3508 5921 adiunxit,
3550 5850 3778 5912 scilices
