4032 6340
206 276 324 343 ’89?

1106 285 1463 343 EXFOSITIO
1504 287 1565 341 IN
1611 285 2068 345 l'S.\LTERlUM.
2114 291 2306 349 PSAL.
2348 286 2582 352 CXVHI.

3409 298 3514 360 898

216 402 347 473 quia
382 416 555 455 omnes
597 401 704 455 vias
735 400 902 471 ipsius
934 400 1196 458 Dominus
1238 402 1489 473 dignatus
1520 412 1605 459 est
1646 403 1824 460 inten-
1854 410 1903 471 Α
1929 416 2036 463 stat
2062 418 2366 480 utrumque,
2397 414 2522 481 quia
2551 413 2699 467 novit
2735 427 2832 469 nos
2863 416 3139 487 multiplici
3183 418 3382 476 virute
3406 410 3515 477 salo

220 492 389 558 dere,
426 501 481 546 nt
514 505 618 546 non
642 490 756 545 suis
779 491 1011 557 viribus,
1042 492 1136 546 sed
1166 492 1361 548 divinae
1388 495 1640 561 potentia:
1660 508 1816 548 suum

224 597 390 653 posse
420 583 727 652 deputarel.
758 581 1007 637 Fuissent
1032 582 1175 638 enim
1207 599 1350 639 caeca
1380 594 1538 640 nocte
1558 584 1815 649 confusm,

225 676 334 732 nisi
361 691 454 732 eas
496 691 680 731 verum
729 676 908 731 lumen
931 675 1244 746 dignaretur
1270 676 1534 747 aspicere.
1568 677 1674 732 Sed
1708 679 1821 732 lucc

226 768 511 824 beatorum
541 768 764 822 omnino
794 782 896 822 vox
928 777 1046 834 est,
1079 780 1136 823 ut
1162 778 1286 825 ante
1302 770 1484 825 Solem
1507 781 1819 839 perpetuum

226 868 394 929 atque
417 860 601 913 lumen
623 869 885 912 aeternum
915 858 1028 912 vias
1054 873 1178 912 suas
1199 874 1320 914 esse
1344 859 1628 913 fateantur.
1656 862 1822 928 Ngat

223 948 374 1003 enim
400 963 642 1004 errorem
695 950 990 1017 praevalere
1019 950 1289 1017 potuisse,
1319 952 1408 1020 qui
1453 966 1514 1005 se
1556 952 1824 1020 rcSpiccre

227 1040 452 1095 luminis
480 1040 766 1110 profitetur
795 1039 1109 1095 Auctorem.
1136 1042 1515 1096 Abscondcbat
1538 1043 1678 1097 enim
1706 1051 1825 1110 post

224 1132 441 1199 cuipam
496 1130 664 1184 Adam
705 1130 847 1184 viam
902 1145 1088 1194 suam,
1136 1131 1497 1186 abscondebat
1548 1132 1692 1198 Eva,
1725 1132 1822 1186 ab-

226 1221 529 1276 scondch
574 1220 702 1275 Cain
734 1235 921 1275 necem
953 1220 1162 1287 fratris;
1195 1236 1295 1277 nec
1323 1222 1604 1293 quisquam
1633 1238 1822 1279 eorum

229 1321 440 1383 poterat
466 1313 680 1367 dicere:
711 1311 902 1365 Omnes
934 1316 1029 1366 vita
1050 1329 1171 1367 mea:
1190 1316 1246 1367 in
1272 1324 1543 1384 conspectu
1565 1324 1685 1382 tuo,
1718 1314 1824 1369 Do-

232 1408 401 1471 mine,
448 1405 538 1475 qui
564 1420 625 1460 se
655 1414 917 1460 noverant
945 1405 1188 1477 cognitos
1215 1408 1458 1465 interire.

300 1496 460 1568 427
521 1495 669 1551 Vers.
719 1494 839 1550 169.
897 1525 950 1534 —
989 1512 1121 1550 χχιι.
1167 1497 1303 1552 Tw.
1347 1499 1626 1569 Appropiet
1668 1497 1821 1571 [mss.

228 1591 324 1655 A.,
356 1584 845 1659 B.,appr0pinquet]
871 1588 1037 1640 oratio
1064 1604 1173 1642 mea
1198 1589 1252 1642 in
1278 1600 1552 1658 conspectu
1577 1601 1684 1657 tuo,
1720 1591 1826 1645 Do-

229 1681 401 1747 mine;
425 1681 705 1735 secundum
738 1680 997 1750 eloquium
1024 1689 1169 1735 tuum
1209 1681 1278 1735 da
1316 1682 1443 1735 mihi
1482 1682 1816 1738 intellectum.

1929 514 2079 567 vare,
2111 501 2252 557 sicut
2288 504 2553 573 scriptum
2581 512 2701 559 est:
2736 507 2861 572 Quis
2890 510 3106 579 speravit
3136 513 3186 564 in
3222 511 3438 570 Domino
3464 522 3516 571 et

1923 594 2165 664 confusus
2204 606 2277 650 est
2300 594 2491 667 (Eecli.
2517 613 2552 651 ll
2569 640 2584 663 ,
2618 598 2730 667 ll).

1998 683 2148 739 Vers.
2198 687 2320 741 ΠΙ.
2367 686 2687 743 Eructabunt
2713 689 2744 725 ’*
2774 690 2909 744 labia
2951 708 3061 746 mea
3088 694 3365 763 hymnum,
3399 713 3515 750 cum

1923 776 2156 830 docueris
2182 792 2260 831 me
2280 779 2676 849 justiﬁcationes
2719 791 2851 836 tuas.
2896 783 3127 840 Ructarc
3154 801 3182 840 a
3213 791 3511 858 rumpenda

1922 866 2124 922 dictum
2156 878 2260 933 est,
2293 871 2433 938 quod
2465 870 2695 939 digeStio
2725 874 2969 941 quaedam
3017 876 3281 931 stomachi
3331 882 3504 933 nostri

1924 960 2163 1013 claustra
2197 958 2532 1030 dirumpens,
2568 961 2619 1015 in
2660 976 2819 1017 auras
2850 965 3112 1019 :cthereas
3139 968 3251 1021 oris
3278 971 3508 1037 strepitu

1926 1048 2252 1118 proferatur.
2307 1051 2411 1106 Sed
2463 1062 2662 1121 quanto
2722 1053 2813 1109 ille
2866 1056 3249 1124 prophetarum
3294 1057 3506 1114 deliciis

1925 1140 2100 1197 fuerat
2127 1143 2311 1213 utique
2336 1143 2632 1214 saginatus,
2654 1146 2744 1215 qui
2770 1146 3013 1215 hymnum
3044 1147 3254 1203 Domini
3274 1149 3508 1217 jucunda

1928 1236 2291 1293 exsultatione
2335 1238 2607 1291 ructabat?
2654 1238 2972 1307 Evaporatio
3011 1240 3270 1310 siquidem
3304 1241 3406 1296 ista
3437 1243 3505 1297 de

1926 1328 2047 1384 imis
2077 1329 2344 1387 mentibus
2388 1328 2554 1382 venit.
2587 1329 2714 1382 Nam
2752 1344 2871 1383 cum
2920 1331 3063 1384 intus
3096 1331 3349 1386 Dominus
3381 1346 3510 1386 δεη-

1924 1436 2042 1478 sum
2088 1423 2301 1491 inopem
2348 1422 2698 1492 saginaverit,
2734 1422 2979 1490 provenit
3022 1432 3079 1477 ut
3125 1424 3341 1494 hymnus
3392 1429 3504 1495 ejus

1925 1516 2148 1571 salutari
2179 1516 2399 1585 crapula
2428 1515 2753 1579 proferatur.
2792 1515 2860 1569 Et
2892 1516 3182 1570 notandum
3227 1518 3365 1585 quod
3401 1516 3507 1572 frc-

1926 1615 2156 1677 quenter
2184 1606 2453 1676 eloquium
2487 1604 2778 1675 prophetia:
2823 1607 2923 1660 hoc
2950 1606 3117 1661 verbo
3147 1608 3510 1675 signiﬁcatur;

1930 1705 1989 1750 ut
2025 1704 2110 1750 est
2164 1694 2290 1751 illud
2343 1712 2357 1749 :
2414 1694 2674 1749 Eructavit
2728 1710 2817 1749 cor
2866 1711 3031 1749 meum
3076 1696 3278 1749 verbum
3330 1698 3513 1752 bonum

230 1770 313 1824 Ad
344 1768 651 1825 vicesimam
690 1767 983 1824 secundam
1030 1770 1288 1837 litteram.
1321 1772 1546 1827 Domino
1570 1772 1818 1843 iuvante.
1851 1776 1900 1837 Β
1928 1786 2097 1855 (Psal.
2128 1796 2271 1852 sLtv,
2300 1786 2394 1855 2);
2438 1794 2492 1842 et
2516 1786 2681 1852 illud,
2728 1785 2983 1841 Eructabo
3010 1788 3307 1841 abscondita
3338 1806 3368 1843 a
3395 1807 3515 1842 con.

230 1870 545 1941 perventpm
594 1869 699 1927 est,
733 1860 788 1915 in
819 1874 921 1929 qua
962 1870 1268 1924 sanctorum
1322 1861 1521 1917 chorus
1559 1874 1819 1933 quantum

202 1951 295 2005 ‘ad
336 1950 496 2006 linem
526 1949 712 2019 psalmi
745 1949 952 2004 vicinus
983 1959 1088 2015 est,
1138 1960 1286 2006 tanto
1319 1966 1380 2007 se
1425 1953 1640 2009 Christo
1668 1954 1816 2010 desi-

231 2042 383 2099 derat
411 2042 721 2112 prosimari.
766 2041 958 2096 Totum
985 2043 1130 2097 enim
1166 2044 1397 2111 pertinet
1423 2044 1491 2098 ad
1526 2044 1818 2101 adventum

230 2134 439 2190 Domini
469 2134 787 2199 Salvatoris,
820 2149 980 2204 quem
1033 2134 1269 2190 fidelium
1297 2136 1513 2190 devotio
1556 2136 1816 2193 ineffabili

230 2226 501 2283 desiderio
523 2227 843 2293 sustinebat,
873 2235 931 2281 ut
953 2241 1110 2282 ovem
1135 2228 1397 2295 perditam
1421 2241 1678 2284 revocare
1703 2229 1820 2298 pie-

230 2316 361 2373 tatis
387 2333 501 2373 sua:
526 2332 742 2373 munere
766 2317 1098 2386 dignaretur.
1144 2317 1274 2373 Nam
1316 2333 1437 2373 cum
1468 2325 1601 2388 petit
1631 2321 1823 2373 oratio-

229 2425 349 2465 nem
376 2423 529 2465 suam
558 2412 843 2481 conspectui
870 2410 1142 2465 dominico
1172 2410 1554 2480 prOpinquare,
1592 2411 1821 2465 multum

230 2496 389 2570 longe
419 2511 752 2570 peccatorum
780 2500 1119 2571 praesentiam
1149 2500 1219 2555 ab
1263 2501 1453 2556 eodem
1499 2516 1622 2557 esse
1669 2516 1825 2556 mon-

233 2596 462 2645 stravit:
494 2592 742 2661 quoniam
771 2592 846 2646 illi
879 2591 1020 2645 nulla
1072 2592 1205 2645 fiunt
1244 2591 1511 2660 proxima,
1561 2591 1663 2645 nisi
1708 2606 1826 2661 quas

232 2680 515 2750 purissima
563 2680 760 2736 fuerint
809 2683 1094 2736 sanctitate
1138 2689 1385 2751 purgata.
1431 2682 1717 2749 Sequitur,
1745 2698 1827 2735 se-

234 2770 458 2824 cundum
490 2771 752 2842 eloquium
780 2781 925 2825 tuum
954 2772 1022 2825 da
1048 2773 1171 2826 mihi
1199 2773 1529 2827 intellectum.
1563 2773 1701 2828 Petit
1728 2772 1829 2828 ita-

234 2876 341 2931 que
368 2868 424 2916 ut
453 2863 732 2918 secundum
761 2864 1020 2934 eloquium
1038 2864 1248 2919 Domini
1279 2865 1476 2933 sapiat,
1499 2879 1568 2918 ne
1599 2878 1694 2932 per
1723 2863 1822 2917 liu-

236 2966 447 3008 manam
494 2955 833 3024 prudentiam
878 2957 1115 3012 vanitate
1143 2956 1454 3026 submergat
1487 2973 1501 3009 :
1531 2956 1826 3012 studiosius

236 3059 298 3100 se
326 3059 556 3115 purgans
584 3060 613 3099 a
644 3047 810 3113 vitiis,
842 3057 1044 3117 quanto
1092 3049 1200 3117 jam
1247 3047 1521 3103 fruebatur
1552 3047 1825 3102 vicinitate

1925 1879 2190 1934 stitutione
2217 1878 2398 1931 mundi
2427 1876 2642 1946 (Matth.
2676 1892 2799 1941 xm,
2841 1877 2964 1947 33);
3004 1887 3060 1933 et
3087 1879 3236 1944 alibi,
3266 1876 3387 1933 Dies
3416 1882 3516 1934 diri

1924 1977 2117 2024 eructat
2171 1969 2372 2022 uerbum
2432 1967 2614 2030 (Psal.
2665 1982 2825 2032 svnt,
2879 1968 2966 2038 5).
3050 1967 3331 2022 Eructatur
3382 1984 3514 2040 ergo

1926 2061 2165 2131 hymnus,
2203 2060 2415 2130 quando
2456 2059 2658 2128 Spiritu
2710 2058 2916 2113 Domini
2978 2060 3181 2128 repleta
3235 2060 3366 2131 [ed.,
3424 2075 3510 2115 re-

1927 2153 2100 2224 pleti],
2144 2167 2248 2208 non
2296 2153 2363 2209 ad
2407 2152 2623 2207 humani
2652 2152 2813 2207 animi
2844 2154 3162 2209 sententiam
3209 2153 3384 2223 lingua
3434 2153 3516 2208 fa-

1928 2246 2160 2299 mulatur
2191 2245 2353 2314 (utin
2398 2244 2667 2299 communi
2718 2244 2989 2299 locutione
3036 2244 3150 2300 fieri
3198 2245 3385 2315 solet),
3414 2246 3512 2301 sed

1927 2334 1993 2388 ad
2016 2350 2306 2403 supernum
2341 2334 2668 2389 intellectum
2696 2334 2861 2388 divini
2890 2349 3084 2389 sensus
3114 2350 3294 2390 sermo
3322 2338 3505 2417 dispo-

1929 2429 2096 2480 nitur.
2128 2426 2400 2494 Sequitur,
2433 2442 2546 2480 cttm
2586 2426 2818 2480 docueris
2854 2443 2931 2479 me
2961 2428 3343 2496 iustiﬁcationes
3375 2437 3509 2483 tuas.

1930 2518 2074 2572 Ordo
2103 2518 2388 2574 verborum
2415 2518 2534 2572 talis
2555 2526 2639 2573 est
2663 2535 2676 2570 :
2706 2517 2837 2573 Cum
2865 2518 3113 2573 docueris
3136 2533 3221 2574 me
3246 2519 3479 2589 justifica

1929 2610 2104 2664 tiones
2130 2616 2267 2676 tuas,
2299 2609 2620 2665 eructahunt
2651 2610 2785 2664 labia
2820 2625 2937 2665 mea
2977 2610 3253 2682 hymnum.
3284 2611 3509 2666 Promit~

1930 2700 1995 2751 tit
2017 2701 2161 2753 enim
2187 2700 2412 2769 gratiam
2457 2698 2782 2767 devotionis,
2828 2714 2950 2755 cum
2984 2701 3192 2756 Domini
3219 2701 3359 2757 dona
3387 2717 3510 2758 sus—

1930 2791 2153 2858 ceperit.
2189 2788 2343 2858 Quod
2370 2789 2668 2860 argumenti
2696 2804 2866 2860 genus
2904 2788 3043 2846 inter
3070 2799 3312 2847 oratores
3340 2792 3509 2847 habes

1932 2890 2019 2935 tur
2049 2882 2327 2937 eximium.

2004 2972 2156 3030 Vers.
2186 2975 2307 3030 i72.
2349 2972 2708 3029 Pronuntiavit
2734 2973 2909 3046 lingua
2930 2992 3039 3029 mea
3059 2976 3313 3046 eloquium
3335 2985 3509 3031 tuum:

1928 3066 2049 3136 quia
2081 3066 2254 3120 omnia
2293 3067 2540 3120 mandata
2578 3074 2664 3120 tua
2707 3068 2939 3137 aequitas.
2971 3067 3156 3122 Sciens
3183 3075 3368 3122 sancta
3415 3080 3507 3123 co—

237 3139 472 3191 virtutis.
499 3138 609 3194 Non
639 3140 783 3194 enim
807 3139 1137 3195 intellectum
1162 3140 1490 3196 mundanum
1517 3140 1693 3210 petiit,
1726 3139 1823 3195 sed
1853 3149 1902 3215 α
1932 3158 2059 3214 [ml-5
2091 3158 2161 3214 de
2181 3159 2356 3214 οιίοεο
2376 3158 2544 3213 verba
2573 3158 2901 3214 reddendam
2927 3172 3049 3215 esse
3078 3160 3363 3221 ι-αιίοηθηι,
3394 3163 3508 3215 ego-

227 3229 551 3285 intellectum
572 3231 856 3286 secundum
878 3232 1135 3302 eloquium
1151 3232 1268 3299 Dei,
1281 3233 1371 3302 qui
1391 3232 1599 3302 proficit
1616 3246 1829 3299 semper

238 3320 307 3375 ad
322 3323 505 3389 vitam,
528 3322 682 3393 cujus
712 3331 797 3378 est
810 3338 935 3378 vera
965 3325 1202 3393 cognitio
1227 3335 1279 3378 et
1308 3333 1515 3380 aeterna
1541 3326 1827 3393 sapientia.

236 3411 338 3468 Est
358 3420 540 3468 autem
574 3422 628 3469 et
647 3414 950 3470 intellectus
974 3414 1131 3483 hujus
1159 3416 1365 3479 sa'culi,
1391 3427 1449 3470 ut
1472 3418 1827 3486 quorumdam

242 3503 394 3559 labor
434 3503 801 3561 infructuosus
843 3506 1123 3575 inanisque
1164 3506 1487 3575 disputatio;
1522 3516 1830 3564 scrutantur

234 3596 385 3651 enim
415 3610 604 3652 cursus
631 3607 919 3663 astrorum,
973 3597 1110 3651 vitas
1142 3596 1422 3653 hominum
1474 3600 1528 3653 in
1562 3608 1827 3668 potestate

240 3690 481 3746 siderum
506 3692 852 3747 collocantes.
877 3690 1029 3759 Quod
1047 3692 1089 3746 si
1117 3691 1326 3747 admitti
1349 3692 1501 3748 liceat
1518 3694 1825 3762 autdoceri,

240 3783 311 3838 ad
342 3782 612 3839 Creatoris
645 3785 937 3855 potentiam
980 3799 1084 3837 non
1118 3783 1220 3838 erit
1248 3799 1528 3848 recursus,
1572 3785 1638 3839 ad
1669 3799 1828 3854 quem

236 3878 421 3933 omnis
446 3893 637 3934 sensus
666 3878 977 3947 confugiens
1010 3876 1252 3931 noscitur
1276 3891 1399 3932 esse
1421 3867 1732 3946 perfectusf

314 3969 471 4026 Vers.
504 3971 625 4024 ΠΟ.
669 3969 831 4024 Intret
859 3970 1140 4039 postulatio
1183 3985 1293 4022 mea
1319 3970 1374 4022 in
1398 3979 1671 4038 conspectu
1714 3979 1823 4039 tuo,

238 4061 498 4127 Domine;
524 4063 803 4117 secundum
831 4062 1087 4132 eloquium
1118 4070 1263 4114 tuum
1305 4060 1446 4129 eripe
1487 4076 1584 4114 me.
1620 4057 1826 4115 Gratias

237 4153 336 4209 tim
365 4153 606 4209 ascendit
651 4161 836 4207 sancta
882 4152 1095 4222 petitio.
1136 4149 1269 4205 Nam
1298 4152 1389 4220 qui
1418 4158 1543 4205 ante
1594 4150 1822 4217 dixerat,

237 4246 541 4316 Appropiet,
576 4259 716 4300 nunc
758 4244 912 4311 dicit,
964 4242 1151 4298 Intret.
1181 4242 1338 4298 Prius
1371 4241 1516 4297 enim
1563 4239 1739 4296 fuerat
1766 4249 1827 4295 ut

235 4337 710 4405 appropinquaret,
756 4334 951 4390 deinde
999 4341 1057 4388 ut
1101 4333 1166 4387 ad
1213 4340 1563 4402 conspectum
1613 4332 1825 4387 Domini

236 4429 441 4485 intrare
466 4430 755 4498 potuisset;
787 4436 846 4482 ut
876 4427 1011 4482 nihil
1047 4427 1378 4496 applicemus
1423 4425 1671 4480 humana:
1717 4428 1825 4480 vir-

1930 3249 2055 3321 quia
2086 3250 2295 3306 Domini
2327 3264 2386 3305 se
2414 3250 2547 3306 dicit
2568 3251 2922 3320 pronuntiare
2943 3251 3339 3321 qurerentibus;
3365 3252 3508 3307 unde

1929 3349 1985 3396 et
2022 3343 2214 3396 animat
2258 3341 2404 3396 salus
2430 3342 2741 3411 acquiritur,
2787 3350 2841 3396 et
2879 3341 3233 3396 offensionum
3264 3344 3505 3411 pericula

1931 3447 2035 3487 non
2070 3434 2352 3488 habentur.
2384 3431 2555 3487 Nimis
2574 3433 2714 3487 enim
2740 3433 3005 3502 culpabile
3033 3440 3135 3497 est,
3172 3443 3230 3487 ut
3256 3446 3375 3487 cum
3404 3451 3503 3490 nov

1930 3524 2013 3580 bis
2040 3525 2329 3594 Scriptum
2371 3525 2570 3578 divinae
2613 3523 2777 3577 tantis
2814 3523 2989 3592 plenae
3030 3525 3339 3579 muneribus
3367 3525 3499 3580 offe-

1929 3624 2144 3681 rantur,
2194 3623 2251 3669 et
2299 3621 2444 3668 tanta
2492 3614 2747 3668 miracula
2800 3612 3012 3667 Domini
3059 3613 3253 3684 ubique
3291 3616 3505 3685 praeful-

1928 3715 2109 3775 geant,
2144 3719 2259 3770 nos,
2294 3706 2485 3760 relicto
2507 3704 2655 3759 vitali
2681 3716 2948 3771 sermone,
2981 3704 3047 3758 ad
3076 3704 3282 3774 ineptas
3324 3708 3508 3765 mundi

1931 3794 2136 3850 fabulas
2166 3793 2579 3859 transferamur;
2629 3800 2685 3847 et
2711 3795 2789 3847 sic
2816 3794 2884 3848 de
2912 3794 3091 3850 noxiis
3140 3797 3299 3849 rebus
3340 3797 3509 3850 simus

1929 3886 2170 3950 solliciti,
2203 3886 2353 3955 quasi
2388 3900 2482 3954 per
2524 3884 2667 3953 ipsas
2706 3885 2860 3938 nobis
2887 3884 3083 3951 aliquid
3113 3884 3236 3938 boni
3265 3886 3511 3940 videatur

1930 3978 2154 4048 acquiri.
2188 3976 2321 4031 llinc
2345 3983 2429 4031 est
2473 3975 2615 4044 quod
2657 3972 2930 4043 Scriptura
2974 3976 3227 4039 minatur,
3285 3975 3509 4032 dicens:

1935 4067 2009 4123 De
2038 4068 2199 4122 otioso
2230 4065 2373 4120 verba
2414 4079 2511 4120 nos
2534 4064 2820 4118 reddituros
2862 4079 2968 4118 esse
3009 4066 3259 4118 rationem
3289 4064 3507 4135 (Matth.

1929 4174 2034 4224 xu,
2078 4157 2189 4228 36).
2218 4155 2553 4226 Quapropter
2593 4169 2743 4209 mens
2785 4162 2967 4209 sancta
3023 4155 3229 4209 Domini
3277 4172 3515 4226 pronum

1930 4250 2097 4317 tiabat
2135 4249 2355 4317 eloquia,
2405 4246 2545 4301 unde
2584 4246 2806 4316 gloriam
2844 4246 3013 4317 magis
3043 4247 3363 4317 arquireret‘,
3410 4264 3514 4306 non

1929 4347 2112 4395 reatus
2134 4338 2476 4409 ignominiam
2504 4337 2785 4406 reperiret.
2828 4335 3080 4406 Sequitur
3107 4353 3174 4406 qn
3195 4354 3271 4393 ire
3300 4354 3515 4409 semper

1932 4432 2255 4502 pronuntiari
2305 4432 2536 4487 debeant
2583 4430 2785 4500 eloquia
2838 4430 3079 4493 Domini;
3131 4431 3354 4494 scilicet,
3398 4434 3519 4499 quia

236 4520 361 4587 tuti,
390 4521 486 4574 sed
516 4518 694 4574 omnia
724 4534 822 4589 per
851 4519 1019 4586 ipsius
1053 4518 1279 4589 gratiam
1307 4531 1694 4588 cognoscamus
1726 4518 1823 4571 im-

1930 4527 2100 4580 omnia
2169 4525 2413 4578 mandata
2468 4523 2635 4593 ipsius
2705 4523 2961 4593 wquilatis
3027 4525 3232 4576 honore
3300 4521 3518 4590 praiful-

235 4611 393 4681 pleri.
438 4611 544 4668 Sed
590 4626 687 4681 per
717 4610 855 4666 hanc
905 4610 1249 4681 praasentiam
1300 4616 1499 4679 quanta
1552 4609 1624 4664 sit
1656 4610 1825 4664 virtus

234 4708 338 4777 pia:
364 4707 622 4761 orationis
661 4704 964 4761 ostenditur
994 4722 1005 4756 :
1039 4706 1162 4774 quia
1197 4718 1294 4758 nos
1326 4717 1421 4772 per
1465 4702 1635 4772 ipsam
1683 4718 1823 4772 pra:-

232 4810 535 4866 sentamur,
566 4800 782 4871 quando
832 4799 919 4853 illa
969 4798 1348 4868 conspectibus
1396 4798 1605 4853 Domini
1638 4797 1824 4852 oll'crri

233 4904 398 4959 posse
424 4890 793 4960 cognoscitur;
825 4889 965 4945 sicut
985 4896 1039 4945 et
1067 4888 1173 4943 alio
1204 4888 1326 4943 loco
1348 4888 1550 4943 dictum
1576 4898 1661 4943 est
1686 4906 1697 4941 :
1729 4888 1823 4941 Di-

232 4984 435 5054 rigatur
460 4984 624 5037 oratio
674 5000 787 5038 mea
831 4986 963 5037 sicut
1013 4983 1276 5037 incensum
1310 4985 1377 5036 in
1424 4991 1692 5049 conspectu
1736 4990 1825 5034 tuo

231 5073 407 5147 (Psal.
434 5090 563 5142 cve,
589 5072 670 5144 2).
717 5075 784 5130 Et
827 5090 947 5130 cum
988 5074 1238 5143 superius
1278 5074 1497 5136 dixerit,
1546 5072 1825 5126 secundant

229 5165 494 5234 eloquium
534 5174 679 5220 tuum
724 5165 792 5220 da
831 5167 958 5220 mihi
984 5165 1332 5229 intellectum,
1366 5162 1452 5219 hic
1482 5164 1697 5227 dicitur,
1742 5179 1824 5218 se-

229 5255 461 5309 cundum
504 5256 764 5327 eloquium
806 5266 950 5312 tuum
991 5256 1133 5326 eripe
1169 5270 1283 5318 me;
1311 5263 1370 5310 ut
1399 5263 1453 5309 et
1493 5254 1565 5309 ibi
1591 5269 1825 5325 superna

228 5347 414 5404 videat
440 5364 558 5417 qua:
580 5349 871 5412 desiderat,
895 5357 951 5404 et
990 5348 1077 5403 hic
1099 5362 1127 5400 a
1177 5356 1408 5402 terrena:
1437 5348 1826 5417 concupiscen-

229 5441 321 5494 tia:
348 5437 471 5494 labe
491 5448 765 5510 purgetur.
813 5438 1088 5509 Eloquium
1117 5437 1385 5507 siquidem
1430 5436 1641 5492 Domini
1684 5453 1825 5507 pra:-

304 5575 335 5608 *
370 5572 467 5627 llic
494 5582 550 5628 et
578 5571 704 5627 alibi
734 5572 935 5642 possim
966 5571 1095 5625 illud
1122 5573 1343 5642 verbum
1370 5569 1509 5635 apud
1532 5567 1829 5623 Cassiodo-‘

227 5658 353 5698 rum
392 5652 702 5699 constanter
728 5640 805 5697 sic
848 5644 1107 5709 scriptum
1143 5640 1475 5704 invenimus,
1508 5650 1774 5693 eructuare
1804 5655 1825 5694 :

230 5730 333 5769 nos
356 5730 503 5775 vero,
540 5713 684 5775 insta
718 5714 1122 5769 usitatissimum
1149 5712 1289 5777 apud
1318 5716 1571 5767 auctores
1602 5711 1824 5774 loquen-

1931 4625 2080 4688 gent.
2115 4615 2181 4670 Et
2228 4614 2361 4670 illud
2400 4614 2678 4686 aptissime
2722 4615 2974 4668 continua
3004 4627 3133 4667 voce
3170 4613 3517 4681 pronuntians

1930 4708 2056 4762 dum
2078 4713 2184 4773 est,
2212 4706 2353 4776 quod
2402 4714 2458 4760 et
2504 4706 2815 4774 loquentem
2870 4705 3034 4773 juvat,
3088 4710 3144 4756 ct
3192 4702 3518 4761 audientium

1930 4814 2124 4857 sensus
2153 4800 2405 4854 aedificat.

2002 4880 2159 4946 Vers.
2192 4891 2314 4945 175.
2356 4886 2480 4942 Fiat
2507 4904 2689 4943 manus
2736 4896 2825 4943 tua
2871 4898 2926 4942 ut
2956 4889 3154 4943 salvum
3204 4896 3284 4940 tne
3329 4887 3507 4955 facias,

1930 4984 2052 5054 quia
2072 4983 2316 5036 mandata
2356 4989 2443 5034 tua
2472 4979 2621 5051 elegi.
2652 4977 2787 5035 Cum
2816 4980 2965 5045 dicit,
3024 4976 3144 5033 Fiat
3184 4995 3365 5031 manus
3397 4988 3513 5041 tua,

1931 5076 2178 5145 designat
2204 5074 2488 5128 Dominum
2517 5072 2877 5137 Salvatorem,
2910 5071 2998 5141 qui
3048 5074 3215 5140 factus
3240 5078 3314 5124 est
3353 5085 3416 5123 ea:
3437 5086 3540 5133 sea

1940 5168 2078 5221 mine
2108 5165 2274 5220 Dauid
2298 5165 2580 5221 secundum
2605 5179 2810 5217 carnem
2848 5163 3025 5233 (flant.
3057 5177 3109 5229 ι,
3141 5163 3218 5231 3),
3248 5177 3342 5231 per
3361 5174 3519 5231 quem

1936 5258 2072 5314 facta
2101 5267 2228 5314 sunt
2253 5266 2310 5313 et
2366 5263 2627 5326 reguntur
2666 5253 2933 5324 universa.
2992 5251 3203 5306 Manum
3243 5255 3385 5308 enim
3434 5253 3520 5305 bic‘

1937 5350 2223 5404 dexteram
2258 5348 2520 5402 debemus
2558 5346 2826 5415 accipere,
2867 5344 2989 5416 quia
3021 5344 3247 5399 diversis
3286 5343 3520 5398 nominia

1930 5440 2031 5496 bus
2053 5442 2167 5511 ipse
2191 5439 2448 5494 Dominus
2469 5436 2823 5506 significatur,
2866 5436 3007 5492 sicut
3033 5436 3198 5492 Isaias
3227 5435 3359 5489 dicit
3388 5452 3402 5490 :
3454 5434 3521 5486 l-It

1929 5575 1982 5630 di
2011 5576 2226 5630 modum
2254 5582 2306 5629 et
2336 5574 2503 5643 ipsam
2537 5572 2779 5642 Vulgata:
2819 5570 3073 5628 editionis
3099 5571 3410 5635 lectionem,
3435 5580 3522 5622 reo

1934 5648 2245 5703 scriosimus
2269 5646 2466 5713 ubique
2517 5655 2767 5698 rructare.
2801 5643 2952 5698 Ent'r.
