4032 6340
616 340 720 407 899

1839 345 1906 400 Μ.
1954 343 2236 402 Αυιιειιι
2271 340 2671 406 CASSIODODI

2169 343 2236 401 .n
2271 340 2671 406 cassrooont
3689 350 3761 424 ait

614 461 875 518 brachium
906 459 1053 514 Domi
1076 462 1109 513 ai
1142 461 1221 514 cui
1251 460 1526 513 revelatum
1575 468 1646 513 cst
1698 444 1850 531 (Ιοίιὶ.
1912 475 2031 524 un,
2090 461 2145 529 l)
2174 461 2197 514 ἲ
2227 474 2273 531 Α
2301 470 2398 517 nec
2439 462 2638 516 desin't
2668 473 3013 530 congregare.
3062 459 3175 516 Una
3205 462 3312 517 ovis
3337 474 3412 521 est
3450 482 3766 535 cunctorume

616 552 685 607 Et
711 552 835 607 alibi
869 568 882 602 :
913 549 1132 604 Dextera
1187 548 1393 603 Domini
1420 552 1537 620 fecit
1574 552 1827 616 virtutem,
1860 552 2068 605 dextera
2092 553 2195 607 Do-

615 644 742 697 mini
772 642 1015 696 exaltavit
1046 657 1123 694 me
1150 639 1331 710 (Psal.
1357 657 1528 704 cxvu,
1576 642 1687 711 iii).
1720 642 2057 712 Quapropter
2086 644 2199 697 sive

617 747 853 794 manum,
897 730 1015 785 sive
1040 729 1335 797 brachium,
1372 731 1484 784 sive
1517 732 1789 786 dexteram
1823 733 1995 797 ditias,
2037 733 2202 803 signi-

618 830 806 884 ficatur
837 827 1088 881 Dominus
1118 826 1383 881 Christus.
1418 826 1603 881 Modus
1630 836 1806 880 autem
1846 827 1946 882 iste
1978 829 2202 883 locutio-

616 920 698 972 nis
729 916 1034 987 frequenter
1061 917 1330 972 invenitur
1376 917 1429 971 iu
1460 919 1699 987 psalmis,
1728 935 1884 985 quem
1919 922 2194 988 proprium

621 1012 915 1078 Scriptura:
944 1010 1140 1064 divina:
1170 1023 1275 1062 non
1301 1009 1569 1064 immerito
1593 1009 1905 1073 dixerimus,
1936 1020 1991 1064 ut
2023 1021 2106 1066 est
2134 1012 2200 1065 il-

620 1103 708 1157 lud
744 1121 756 1154 :
794 1100 951 1154 Fiant
978 1117 1125 1155 aures
1161 1105 1260 1155 tuae
1298 1102 1611 1156 intendentes
1654 1103 1707 1155 in
1750 1104 2030 1155 orationem
2072 1103 2205 1155 servi

619 1196 691 1247 tui
724 1194 893 1263 (Psai.
936 1208 1117 1262 casis,
1159 1193 1241 1262 Ξ).
1272 1192 1373 1261 Qui
1425 1193 1615 1248 modus
1662 1194 1856 1248 dicitur
1898 1195 2197 1263 optativus.

624 1286 865 1340 Postulat
885 1299 1013 1355 ergo
1037 1286 1219 1341 venire
1245 1286 1524 1342 Do'ninum
1552 1286 1906 1351 Salvatorem,
1928 1301 2024 1354 per
2039 1300 2198 1355 quem

622 1393 742 1432 cum
769 1377 989 1446 reliquis
1016 1391 1075 1432 sc
1104 1387 1325 1432 noverat
1343 1392 1462 1432 esse
1482 1376 1813 1431 salvandum.
1836 1376 1990 1443 Quod
2018 1387 2201 1433 autem

627 1468 798 1522 dicit:
835 1468 982 1539 Elegt'
1010 1468 1255 1520 mandata
1280 1478 1391 1535 tua,
1431 1468 1610 1521 omnia
1639 1482 1700 1522 se
1743 1468 1978 1536 pericula
2025 1483 2210 1524 amore

630 1559 837 1613 Domini
871 1561 1235 1628 postposuisse
1285 1566 1527 1613 testatur.
1576 1558 1763 1612 Nullus
1814 1558 1957 1612 enim
2007 1559 2209 1629 aliquid

624 1652 769 1721 eligit
796 1652 942 1713 boni,
975 1652 1074 1703 nisi
1106 1650 1187 1703 his
1208 1651 1476 1704 contraria
1501 1651 1899 1720 contempsisse
1930 1652 2210 1708 doceatur.

702 1742 857 1796 Vers.
887 1741 1008 1796 Hi.
1050 1739 1327 1809 Concupivi
1343 1742 1570 1795 salutare
1594 1754 1756 1809 tuum,
1787 1742 2022 1808 Domine,
2052 1752 2099 1798 et
2126 1745 2210 1798 te:

2307 554 2503 607 dolium
2565 563 2753 606 sancta
2807 554 3187 622 congregatio;
3254 560 3483 623 quoniam
3530 578 3637 618 unus
3677 586 3766 635 ςιει

2301 655 2357 698 et
2404 659 2541 697 unus
2598 653 2681 696 est
2725 651 2931 712 pastor.
2988 645 3055 699 Ει
3087 645 3287 714 respice
3321 663 3465 717 quam
3507 650 3685 711 infirma:
3718 663 3768 718 ιιρί

2305 734 2603 803 comparati
2655 743 2780 786 sunt
2812 734 3051 787 homines
3076 775 3091 798 ,
3144 736 3349 803 quando
3386 751 3416 792 a
3457 738 3625 799 Christi
3652 752 3769 816 gratia

2302 828 2658 889 deseruntur,
2713 825 2799 879 ovi
2847 826 3097 880 videlicet
3149 828 3377 893 erranti,
3437 838 3542 899 quae
3588 838 3770 903 periculis

2307 926 2481 986 patet,
2537 933 2656 986 qua:
2716 917 3109 984 direptionibus
3166 919 3397 985 luporum
3452 926 3650 990 exposita
3699 940 3769 997 est,

2304 1025 2461 1079 quam
2495 1024 2595 1062 non
2647 1008 2765 1079 fuga
2812 1009 3023 1077 eripiat,
3073 1025 3172 1063 nec
3219 1015 3446 1080 corporis
3492 1016 3689 1075 valetudo
3710 1024 3771 1079 de-

2309 1099 2532 1155 fendat:
2570 1099 2661 1153 scd
2708 1098 2962 1169 quidquid
3013 1099 3217 1154 libitum
3260 1112 3341 1156 est
3381 1103 3613 1162 insidianti
3653 1115 3770 1177 perfe-

2308 1196 2412 1255 rat,
2441 1206 2562 1245 cum
2611 1207 2730 1247 eam
2773 1192 2852 1247 vis
2876 1194 3118 1261 corporis
3150 1194 3290 1247 nulia
3332 1194 3573 1253 defendat.
3610 1202 3658 1256 Et
3679 1204 3769 1260 bene

2308 1280 2505 1337 dictum
2534 1294 2618 1338 est
2642 1301 2656 1338 :
2700 1282 2829 1349 Quae
2852 1286 3092 1354 perierat,
3140 1294 3194 1339 ut
3222 1302 3522 1355 agnosceres
3550 1291 3769 1350 misericor-

2310 1376 2395 1429 dia
2424 1376 2634 1431 Domini
2665 1376 2829 1432 fuisse
2869 1384 3156 1446 repertam,
3189 1378 3276 1446 qui
3313 1380 3523 1433 errantia
3567 1384 3767 1455 recolligit,

2311 1476 2366 1522 et
2394 1466 2599 1537 perdita
2626 1468 2861 1523 bonitate
2889 1482 3001 1522 suae
3030 1468 3242 1538 pietatis
3268 1469 3499 1537 acquirit.
3520 1470 3605 1526 Sed
3623 1474 3685 1526 illa
3704 1491 3769 1529 na-

2317 1567 2438 1613 tura
2470 1558 2608 1614 facta
2638 1559 2920 1614 imbecillis
2949 1568 3003 1614 et
3030 1560 3277 1613 omnibus
3299 1569 3562 1615 monstrata
3593 1562 3772 1631 fragilior,

2314 1646 2681 1705 incarnatione
2726 1646 2938 1703 Domini
2968 1648 3146 1704 omnia
3180 1649 3323 1716 vicit,
3357 1650 3520 1704 ontnia
3560 1654 3769 1720 superarit,

2315 1750 2371 1798 et
2396 1740 2645 1797 Omnibus
2673 1741 2882 1797 reddita
2909 1749 2994 1796 est
3020 1741 3303 1806 excelsior,
3330 1756 3442 1811 quas
3473 1741 3640 1811 pridem
3662 1744 3772 1798 vide-

628 1844 713 1887 tua
739 1835 999 1888 meditatio
1029 1850 1139 1888 mea
1157 1843 1249 1888 est.
1271 1832 1521 1889 Pervenit
1548 1835 1613 1888 ad
1636 1835 1905 1890 Christum
1925 1835 2213 1889 Dominum
2248 1860 2294 1920 Β
2322 1832 2473 1887 batur
2500 1832 2790 1898 humilior,
2834 1832 2970 1887 sicut
3014 1831 3147 1887 dicit
3194 1832 3468 1901 Apostolus
3496 1850 3508 1886 :
3550 1833 3634 1889 Cui.
3659 1844 3779 1888 autem

629 1938 936 1984 sanctorum
967 1928 1296 1983 manifestior
1332 1939 1383 1982 et
1423 1928 1668 1989 absoluta
1709 1929 2037 1998 deprecatio.
2077 1929 2219 1997 Ape-

629 2020 737 2076 ruit
762 2017 1013 2074 adunatio
1041 2020 1341 2087 beatorum,
1386 2018 1528 2089 quod
1582 2020 1732 2087 prius
1782 2033 1878 2089 per
1932 2019 2217 2089 aenigmata

632 2121 816 2182 petere
843 2112 1146 2168 videbatur.
1190 2111 1366 2180 ipsum
1411 2112 1556 2166 enim
1602 2111 1787 2167 videre
1831 2111 2214 2182 concupiverat,

639 2218 801 2274 quem
825 2202 893 2258 de
917 2213 1071 2258 utero
1099 2203 1345 2271 virginali
1370 2202 1475 2257 illis
1489 2201 1663 2256 adhuc
1684 2201 2010 2271 temporibus
2031 2201 2220 2257 crede-

636 2295 726 2349 bat
752 2309 874 2350 esse
916 2303 1218 2349 venturum.
1272 2296 1335 2348 Et
1381 2302 1439 2349 ut
1478 2293 1579 2349 sibi
1625 2294 1764 2349 hanc
1811 2293 2090 2349 scientiam
2145 2294 2216 2350 de

636 2384 928 2455 Scripturis
976 2385 1175 2440 divinis
1213 2386 1525 2455 provenisse
1570 2393 1916 2453 monstraret,
1952 2385 2217 2454 sequitur,

643 2477 712 2531 Et
743 2479 828 2533 fex
858 2488 947 2531 tua
984 2479 1243 2533 meditatio
1273 2494 1385 2532 mea
1415 2486 1507 2533 est.
1535 2475 1591 2532 ln
1616 2475 1887 2547 prophetis
1917 2476 2058 2533 enim
2091 2491 2217 2530 con-

641 2570 905 2638 cupiverat
933 2568 1098 2641 ωε
1123 2569 1394 2624 Christum
1424 2568 1728 2634 Dominum,
1766 2582 1797 2621 a
1818 2567 2013 2638 quibus
2043 2565 2215 2622 nasci-

638 2672 814 2717 turum
842 2678 962 2717 enm
990 2669 1310 2732 cognoverat
1329 2674 1449 2715 esse
1475 2660 1878 2730 prephetatum;
1907 2664 1964 2715 et
1992 2672 2221 2714 necesse

634 2762 752 2809 erat
785 2769 972 2808 amore
1015 2767 1207 2822 magno
1234 2754 1433 2822 expeti,
1476 2766 1635 2822 quem
1661 2759 1785 2808 ante
1814 2759 1892 2808 tot
1933 2752 2125 2807 smcu'la
2156 2751 2221 2804 ad

633 2846 855 2901 salutem
882 2846 1100 2900 humani
1128 2846 1339 2915 generis
1369 2844 1633 2900 didicerat
1660 2844 1976 2899 indicatum.

708 2935 862 2992 Vers.
897 2937 1015 2991 175.
1066 2936 1210 2991 Vivet
1234 2937 1406 2991 anima
1422 2950 1535 2991 mea
1569 2946 1616 2992 et
1646 2935 1880 2992 laudabit
1907 2948 1975 2999 te,
2006 2945 2051 2990 et
2076 2935 2225 3006 judi-

637 3027 715 3081 cia
744 3037 832 3080 tua
860 3028 1175 3096 adjuvabunt
1198 3034 1294 3082 me.
1330 3027 1407 3080 Ad
1434 3028 1605 3094 ipsum
1634 3026 1867 3095 loquitur
1899 3040 2061 3094 quem
2086 3024 2227 3078 desi-

642 3119 927 3174 deraverat
951 3119 1164 3182 intueri,
1208 3119 1529 3189 promittens
1552 3119 1776 3171 animum
1803 3131 1954 3171 suam
1986 3117 2039 3172 in
2070 3124 2225 3171 aster-

2320 1926 2615 1998 angelorum
2643 1924 2775 1979 dixit
2797 1924 3111 1994 aliquando:
3135 1920 3267 1980 Sede
3290 1942 3320 1977 a
3346 1924 3518 1980 deuris
3540 1925 3656 1989 lueis,
3671 1927 3778 1979 donec

2323 2033 2511 2087 ponam
2536 2016 2770 2071 inimicos
2792 2024 2907 2070 tuos
2934 2016 3215 2070 scabellnnt
3250 2015 3431 2086 pedum
3451 2025 3622 2071 ιιιοηιιι
3654 2015 3777 2086 (Hebr.

2320 2120 2338 2163 ι
2366 2152 2380 2175 ,
2410 2108 2536 2177 i3)?
2561 2107 2834 2177 Sequitur,
2865 2108 3067 2178 require
3090 2123 3288 2161 servum
3329 2116 3479 2161 tuum.
3507 2105 3778 2162 Christodciz

2327 2207 2414 2252 tur
2444 2199 2664 2267 require,
2687 2199 2938 2268 quoniam
2982 2205 3035 2252 te
3065 2205 3172 2252 nou
3205 2205 3375 2266 potest
3414 2196 3688 2252 imbecillitas
3717 2197 3777 2251 htt-

2321 2302 2477 2344 mana
2505 2290 2828 2359 perquirere.
2867 2288 3118 2344 Additum
3151 2297 3232 2343 e-t
3263 2287 3396 2357 quod
3415 2301 3540 2357 stepe
3561 2288 3718 2357 quidem
3732 2287 3779 2340 di.

2320 2391 2465 2437 ctum
2486 2391 2587 2446 est,
2606 2380 2698 2435 sed
2714 2380 2904 2434 merito
2932 2389 3124 2434 cuncta
3149 2378 3435 2432 concludit:
3454 2380 3656 2446 quoniam
3668 2377 3783 2446 jttSlttt

2322 2475 2424 2528 istc
2446 2472 2755 2541 requiritur,
2782 2472 2871 2541 qui
2896 2466 3144 2523 ntaudata
3167 2472 3282 2539 ejus
3305 2486 3399 2523 non
3420 2469 3631 2539 probatur
3646 2468 3783 2520 obium

2855 2558 3136 2616 Conclusio
3175 2558 3372 2630 psalmi.

2397 2652 2816 2723 Ample’ctendus
2840 2652 3077 2707 suaviter
3105 2650 3323 2704 omnino
3368 2648 3594 2719 psalmus,
3621 2644 3688 2715 qui
3722 2644 3784 2697 tali

2330 2745 2674 2801 confessione
2702 2745 2879 2799 ﬁnitus
2905 2752 3009 2810 est,
3060 2745 3369 2814 prolixitate
3397 2756 3601 2813 magnus,
3623 2738 3783 2791 nimim:

2336 2837 2483 2890 tione
2537 2834 2918 2904 profunditatis
2964 2832 3250 2898 Oceanus,
3300 2833 3622 2889 excellentium
3661 2831 3787 2883 reruni

2327 2928 2640 2982 amoenitate
2664 2925 2960 2995 paradisus,
2992 2940 3156 2997 quem
3187 2926 3435 2981 virtutum
3474 2922 3644 2978 ﬂoribus
3666 2932 3788 2973 urua-

2337 3031 2469 3086 tum,
2503 3023 2597 3089 per
2640 3019 2983 3091 alphabetum
3037 3019 3386 3077 Hebradrutn
3430 3020 3670 3075 sanctorum
3706 3020 3791 3063 om:

2337 3114 2483 3169 nium
2516 3112 2974 3169 immarcescibilis
3013 3120 3218 3170 corona
3262 3114 3496 3169 cantavit.
3519 3110 3572 3166 Et
3599 3117 3643 3161 ut
3661 3102 3792 3159 similis

640 3225 770 3267 num
829 3212 1011 3276 virere,
1065 3226 1224 3282 quam
1283 3211 1589 3266 Salutariter
1645 3215 1868 3265 norerat
1909 3209 2222 3265 credidisse.
2259 3215 2305 3294 Li
2337 3198 2546 3264 tudines
2581 3206 2787 3275 aliquas
2829 3206 2898 3261 de
2930 3208 3093 3294 rebus
3149 3206 3466 3261 naturalibus
3504 3201 3791 3294 exquiram:

639 3301 891 3355 Laudabit
910 3307 979 3367 te,
1003 3302 1213 3355 cantico
1237 3300 1441 3355 scilicet
1462 3314 1624 3364 novo,
1650 3298 1793 3369 quod
1816 3299 1977 3354 hoino
2008 3300 2099 3354 ille
2127 3300 2225 3355 de-

640 3394 731 3449 bet
760 3394 1063 3448 salutariter
1087 3394 1391 3448 innovatus.
1418 3391 1628 3447 Iudicia
1658 3408 1788 3449 vero
1816 3393 1901 3448 illa
1926 3392 2078 3457 dicit,
2110 3405 2231 3463 qua:

642 3499 703 3539 se
728 3484 782 3538 in
815 3484 1028 3539 famulis
1054 3484 1166 3538 suis
1195 3484 1453 3538 Dominus
1502 3484 1743 3553 promisit
1770 3499 1890 3539 esse
1933 3485 2225 3552 facturum,

646 3573 701 3633 id
741 3584 847 3641 est,
881 3574 1083 3643 Venite,
1115 3576 1365 3631 benedicti
1385 3574 1557 3631 Patris
1599 3577 1719 3643 mei,
1748 3578 1986 3645 pe'rcipite
2019 3581 2231 3647 regnum

640 3666 777 3735 quod
798 3666 933 3719 vobis
954 3674 1189 3735 paratum
1212 3675 1286 3723 est
1315 3666 1378 3719 ab
1399 3666 1595 3737 origine
1628 3668 1807 3720 ntundi
1842 3655 2063 3738 (Matth.-
2104 3681 2229 3732 xxv,

643 3753 759 3824 3i).
785 3754 935 3811 Tunc
956 3757 1098 3811 enim
1130 3756 1366 3825 perfecte
1394 3771 1454 3812 se
1475 3757 1649 3812 credit
1674 3757 1987 3826 iuvandum,-
2018 3751 2232 3827 quando

645 3850 752 3903 erit
775 3849 1038 3918 iustorum
1069 3861 1323 3906 numerus
1346 3849 1414 3905 ad
1441 3850 1717 3906 de‘xteram
1746 3849 2108 3906 collocandus;

716 3942 874 3998 Vers.
906 3943 1028 4000 l76.
1073 3942 1255 3998 Erravi
1281 3945 1413 3999 sicut
1449 3934 1555 3999 ovis
1587 3959 1703 4014 qum
1731 3945 1990 4013 perierat:
2032 3941 2234 4013 require

644 4044 837 4089 servum
867 4038 1034 4103 tuum,
1063 4036 1186 4107 quia
1224 4037 1468 4089 mandata'
1494 4044 1586 4089 tua
1615 4051 1719 4089 non
1749 4049 1864 4089 sum
1888 4034 2095 4089 oblitus.
2142 4032 2231 4089 Li-

644 4137 731 4182 cet
755 4126 1001 4182 diversas
1032 4132 1287 4196 personas
1316 4128 1551 4195 psalmus
1582 4127 1687 4181 iste
1707 4125 1983 4180 contineat
2008 4126 2232 4195 loquen-

643 4222 753 4281 tes,
806 4215 964 4270 modo
1018 4215 1356 4271 fidelissimos
1399 4215 1608 4271 Veteris
1660 4215 2015 4281 Testamenti,
2068 4214 2230 4271 modo

648 4321 805 4362 nova:
836 4306 1256 4377 regenerationis
1305 4308 1525 4376 electos,
1576 4307 1712 4361 alios
1755 4306 2010 4376 martyria
2063 4306 2232 4361 sustio

644 4406 859 4464 nentes,
908 4397 1046 4453 alios
1101 4399 1155 4451 in
1206 4398 1323 4467 lege
1358 4398 1565 4453 Domini
1615 4397 1829 4454 assidua
1881 4397 2231 4455 meditatione

653 4496 996 4556 constantes;
1018 4489 1345 4545 declaratum
1376 4499 1460 4546 est
1487 4499 1664 4546 tamen
1694 4490 1747 4545 in
1779 4490 2034 4545 membris
2073 4488 2232 4544 Chri-

2334 3300 2472 3354 sicut
2499 3302 2657 3368 grues
2701 3297 2895 3353 litteris
2933 3292 3143 3353 Graecis
3171 3298 3377 3353 volatus
3413 3308 3528 3352 suos
3548 3292 3790 3360 depingunt:

2334 3400 2389 3445 et
2419 3393 2565 3444 tanta
2597 3389 2755 3459 hujus
2804 3389 2884 3444 rei
2929 3389 3018 3443 Vis
3045 3397 3154 3457 est,
3187 3397 3249 3444 ut
3277 3387 3505 3459 quamvis
3544 3397 3645 3437 aves
3677 3380 3794 3446 tried

2339 3480 2603 3549 ne~ciant,
2632 3490 2807 3534 tamen
2830 3491 2925 3535 eos
2950 3480 3184 3535 naturali
3211 3480 3523 3536 institutione
3543 3478 3793 3542 componam.

2340 3575 2579 3631 Vidimus
2605 3574 2764 3645 igitur
2791 3575 2907 3643 ejus
2950 3574 3252 3630 sententias
3275 3573 3419 3644 quasi
3444 3570 3599 3628 stellas
3629 3559 3795 3622 clarissi-

2334 3675 2449 3721 mas
2478 3667 2530 3721 in
2552 3666 2691 3721 casio
2730 3665 2989 3720 altissimo
3013 3664 3337 3731 collocatas;
3362 3664 3568 3719 vidimus
3602 3649 3795 3725 amplissi-

2334 3762 2479 3810 mum
2507 3766 2653 3811 mare
2673 3755 2780 3811 illis
2820 3754 3054 3824 piscibus
3085 3755 3325 3826 plenum,
3367 3768 3492 3825 quos
3526 3746 3796 3820 apostolorum

2336 3834 2464 3903 retia
2516 3843 2740 3902 Domino
2791 3848 3139 3918 praecipiente
3193 3850 3480 3903 traxerunt.
3549 3837 3799 3896 lntcndamds

2333 3940 2515 4003 etiam.
2540 3936 2680 4009 quod
2706 3939 2840 3995 ordo
2873 3940 2988 4009 ipse
3010 3938 3340 4009 psalmorum
3377 3941 3475 3993 non
3497 3931 3668 3988 minima
3692 3922 3798 3977 solii!

2333 4022 2496 4087 futuri
2554 4032 2746 4087 saeculi
2811 4040 3149 4088 sacramenta
3217 4031 3463 4087 declarat.
3535 4019 3801 4080 Convenirlll

2333 4126 2478 4181 enim
2500 4134 2560 4179 ut
2584 4125 2878 4181 Ecclesiam
2911 4123 2980 4180 de
3009 4133 3123 4179 toto
3149 4122 3282 4181 orbe
3306 4123 3580 4179 collectam,
3603 4124 3645 4169 et
3676 4112 3716 4164 in
3735 4107 3801 4160 De

2332 4219 2462 4273 mini
2494 4216 2739 4272 laudibus
2760 4226 3171 4283 commoratam,
3201 4216 3449 4289 graduum
3475 4209 3647 4268 cantica
3673 4200 3801 4270 salut-

2332 4312 2557 4377 rentur;
2609 4317 2871 4381 quatenus
2910 4309 2998 4365 illa
3038 4309 3333 4365 similitudo
3384 4306 3679 4363 indicaretur.
3724 4305 3801 4361 qut

2335 4412 2421 4459 cst
2458 4404 2511 4458 in
2545 4401 2727 4457 szec‘uli
2765 4401 2873 4457 fine
2904 4399 3165 4455 facienda.
3199 4398 3332 4454 Nam
3371 4402 3620 4467 postquam
3641 4382 3803 4444 omnium

2335 4499 2617 4554 beatorum
2666 4506 2923 4551 numerus
2959 4495 3185 4552 Domino
3231 4496 3387 4552 fuerit
3431 4493 3675 4561 praestante
3695 4477 3799 4533 colitL

646 4584 716 4640 sti
746 4582 1039 4639 Ecclesiam
1068 4582 1387 4638 catholicam
1429 4584 1596 4654 loqui,
1626 4582 1839 4653 quando
1867 4583 1990 4638 talis
2012 4584 2230 4639 sentcn-
2260 4607 2310 4669 ῃ
2333 4599 2474 4655 ctus,
2499 4603 2724 4645 necesse
2749 4598 2833 4644 est
2860 4594 2918 4644 ιιι
2952 4589 3019 4643 ad
3067 4589 3216 4644 illam
3268 4584 3552 4644 Jerusalem
3602 4574 3804 4669 superus!i

646 4676 721 4732 tia
763 4674 817 4731 in
851 4676 958 4732 fine
985 4675 1178 4745 psalmi
1209 4675 1419 4741 dicitur,
1451 4682 1569 4746 quae
1598 4688 1813 4746 sponsa:
1854 4676 2064 4731 Domini
2095 4692 2227 4732 cons

641 4766 826 4823 venire
848 4774 1196 4821 monstratur.
1226 4765 1317 4821 Ait
1347 4767 1490 4821 enim
1528 4767 1689 4821 homo
1720 4766 1810 4823 ille
1836 4769 2105 4837 generalis
2134 4768 2222 4837 qui

642 4857 696 4911 in
721 4857 889 4912 Adam
907 4867 1187 4913 erraverat
1214 4857 1333 4925 lege
1359 4857 1588 4927 peccati,
1617 4866 1673 4913 et
1699 4858 1766 4913 ad
1795 4859 1976 4913 caulas
2002 4858 2217 4914 Domini

641 4948 754 5003 suis
780 4948 982 5004 viribus
1013 4948 1190 5004 redire
1232 4963 1339 5003 non
1370 4956 1604 5017 poterat,
1650 4950 1901 5019 quoniam
1939 4966 2134 5007 munus
2166 4952 2230 5006 il-

644 5034 737 5094 lud
759 5039 1038 5108 sapientiae
1056 5038 1366 5111 perdiderat
1384 5038 1529 5108 quod
1560 5038 1807 5106 habebat,
1844 5030 2049 5105 Erravi,
2080 5041 2230 5112 quasi

641 5142 675 5187 a
703 5129 788 5185 via
816 5138 904 5185 tua
934 5129 1182 5197 discessi,
1204 5139 1260 5188 et
1289 5131 1540 5187 vitiorum
1572 5130 1748 5187 invias
1775 5131 2099 5187 solitudines
2127 5148 2231 5188 ea»

641 5232 738 5277 cus
766 5220 995 5286 intravi;
1023 5230 1085 5278 ut
1106 5222 1267 5279 facile
1307 5220 1597 5291 direptiOni
1624 5230 1824 5291 pateat,
1858 5222 1948 5292 qui
1992 5220 2231 5277 Pastoris

640 5308 726 5365 sui
746 5310 1042 5366 custodiam
1069 5326 1175 5367 non
1205 5311 1455 5369 habebat.-
1481 5313 1548 5368 Et
1571 5313 1849 5384 subiunxit
1876 5314 2024 5369 illam
2062 5329 2228 5370 evan-

640 5399 864 5473 gelicam
920 5402 1378 5470 comparationem
1429 5400 1648 5475 (Matth.
1705 5419 1865 5471 svnt,
1929 5403 2046 5473 £2),
2092 5404 2226 5458 sicut

642 5496 749 5550 ovis
792 5500 906 5567 qud:
930 5498 1169 5566 perierat,
1219 5506 1437 5571 propter
1463 5517 1621 5573 quam
1662 5511 1847 5573 pastor
1893 5502 2010 5566 eius
2059 5516 2229 5556 nona-

640 5589 782 5660 ginta
815 5596 1004 5644 novem
1033 5587 1234 5645 dimisit
1263 5590 1315 5647 in
1366 5594 1654 5659 montibus,
1705 5601 1761 5649 et
1805 5607 1923 5649 eam
1974 5606 2227 5662 qurerens

640 5681 876 5737 iudaicis
906 5691 990 5737 est
1020 5683 1286 5752 appetitus
1321 5684 1529 5739 insidiis
1558 5701 1573 5740 :
1616 5700 1773 5755 quam
1804 5696 1980 5739 tamen
2014 5684 2105 5738 ille
2134 5699 2227 5749 per

645 5778 860 5827 orarem
911 5789 1067 5829 suun
1120 5776 1475 5842 multiplicans
1517 5792 1620 5830 non
1678 5777 1875 5830 omittit
1936 5790 2180 5840 qumrerc
2211 5816 2225 5837 ,

2334 4681 2521 4735 beatus
2541 4681 2767 4749 populus
2795 4680 3040 4736 elevatus
3064 4680 3343 4737 ascendat.
3376 4679 3438 4734 Et
3456 4677 3568 4732 ideo
3583 4663 3803 4727 memini“!

2338 4771 2597 4826 debemus
2616 4786 2803 4827 eorum
2833 4771 3273 4842 alpltahetodum,
3298 4771 3386 4843 qui
3407 4764 3657 4838 completis
3677 4756 3805 4813 liuet“

2335 4862 2680 4930 adnotantur,-
2714 4864 2931 4919 tertium
2963 4877 3091 4918 esse
3119 4863 3259 4920 hunc
3284 4862 3551 4933 psalmum,
3586 4853 3630 4910 id
3646 4857 3802 4907 estm-

2339 4956 2589 5012 te'simum
2618 4957 2908 5023 decimum,
2939 4956 3294 5012 centesimum
3314 4948 3803 5033 undecimumett‘tf'

2335 5057 2568 5115 sentem,
2601 5049 2691 5118 qui
2724 5049 2869 5103 trino
2895 5048 3103 5104 honore
3130 5047 3343 5119 signati,
3373 5043 3602 5117 perfectas
3615 5032 3710 5090 ﬁdei
3727 5026 3805 5119 Τξί·

2336 5140 2560 5195 nitatem
2586 5114 2740 5195 nobis
2768 5138 3009 5194 indicare
3040 5114 3350 5194 noscuntur.
3374 5114 3447 5190 ⁷ιζι
3470 5129 3641 5187 merito
3666 5119 3722 5214 ad
3752 5114 3804 5214 ll"

2336 5238 2509 5286 turam
2555 5229 2851 5287 Jerusalem
2880 5230 3119 5285 calculus
3147 5230 3249 5284 iste
3287 5220 3574 5295 deputatur,
3601 5213 3675 5286 qui
3697 5213 3806 5264 tot"!3

2343 5321 2667 5393 integritatis
2688 5322 2883 5377 robore
2902 5321 3281 5377 communitur.
3312 5316 3537 5385 Quatuor
3553 5319 3660 5363 vero
3682 5296 3803 5365 illi“.

2340 5413 2585 5479 bewth
2634 5409 2687 5468 id
2724 5424 2831 5480 θείς
2858 5413 3143 5469 vicesimus
3183 5419 3416 5479 quartus,
3456 5397 3808 5493 tricesimuster:

2332 5508 2459 5574 tius,
2495 5506 2797 5562 tricesimus
2817 5510 3026 5567 sextus.
3050 5509 3106 5561 et
3133 5502 3445 5560 centesimus
3462 5480 3811 5567 quadragesimi

2332 5602 2578 5669 quartus,
2610 5599 2700 5668 qui
2743 5596 2956 5652 formati
2987 5604 3115 5651 sunt
3155 5592 3344 5649 litteris
3384 5582 3644 5644 imminutis

2333 5657 2459 5741 dum
2493 5657 2720 5754 quatuor
2747 5687 2999 5741 cardines
3034 5681 3237 5747 mundi,
3268 5694 3369 5733 non
3404 5657 3795 5754 incongruel'ic‘cl'f

2336 5777 2466 5830 simu
2502 5742 2841 5833 catholicam.
2873 5791 2991 5833 uua‘
3021 5774 3191 5828 adhuc
3227 5742 3288 5823 in
3315 5768 3416 5824 isto‘
3455 5756 3628 5818 maneo
3650 5742 3797 5809 tot"!
