4090 6346
306 318 402 379 90!

1241 313 1592 371 EXPOSITIO
1633 312 1696 366 IN
1741 309 2194 366 PSALTERIUBI.
2238 309 2426 366 PSAL.
2470 315 2657 374 CXIX.

3478 325 3583 383 902

306 418 547 491 indicare
594 442 915 501 noscuntur;
963 432 1177 503 quando
1207 432 1384 487 adhuc
1423 430 1735 503 imperfecta
1782 438 1887 498 est,
1919 451 1969 514 Α
1999 429 2145 485 illam
2160 430 2328 486 Jacob
2351 446 2448 501 pro
2465 440 2618 502 parte
2638 432 2815 502 aliqua
2844 430 2927 487 his
2951 433 3204 504 gradibus
3224 435 3448 493 fortasse
3473 454 3582 496 non

304 532 476 587 donec
513 530 1013 599 praedestinatorum
1061 542 1341 583 numerum
1385 534 1758 596 competenter
1800 538 1884 580 ac-

303 622 500 691 quirat.
533 621 623 676 Sic
670 630 984 691 magnarum
1031 633 1214 675 rerum
1265 616 1519 689 mysteria
1551 616 1886 687 psalmorum

305 712 1067 768 lstorumuosciturindicare
1115 711 1387 765 collecrio.
1442 709 1537 765 Esi
1589 709 1752 777 etiam
1805 707 1891 762 hic

304 802 545 872 psalmus
570 814 625 859 et
655 804 928 859 institutor
958 802 1191 858 ﬁdelium
1220 803 1439 873 quimus
1461 802 1626 873 (sicut
1653 802 1704 855 in
1736 812 1892 855 ante-

304 894 536 950 rioribus
583 895 803 964 psalmis
834 893 946 964 jam
992 894 1195 949 dictum
1223 894 1353 963 est),
1386 893 1474 947 ubi
1519 893 1776 963 quidquid
1824 894 1890 947 ad

303 986 729 1043 ecclesiasticam
777 987 1117 1058 disciplinam
1175 988 1433 1057 pertinet,
1481 985 1677 1041 cohors
1733 985 1891 1040 beata

304 1082 566 1147 cantavit,
598 1078 688 1148 qui
718 1079 911 1134 merito
933 1079 1027 1135 tali
1053 1092 1277 1133 numero
1304 1076 1546 1131 noscitur
1574 1077 1886 1131 collocatus.

303 1169 436 1226 Nam
466 1183 522 1229 et
547 1174 661 1244 ipsa
691 1189 815 1230 arca
843 1173 980 1243 Noe,
1007 1189 1127 1245 quae
1166 1173 1472 1243 specialiter
1501 1181 1684 1241 typum
1714 1180 1893 1241 gesta-

305 1263 381 1316 vit
410 1262 686 1331 Ecclesia,
710 1272 921 1319 centum
948 1264 1311 1334 annlslegitur
1328 1263 1602 1317 fabricata.
1637 1263 1743 1316 Iota
1764 1274 1890 1316 tero

302 1363 361 1410 et
401 1356 473 1409 Ita
523 1356 685 1426 (sicut
734 1356 873 1427 apud
919 1356 1136 1411 Grazcos
1183 1355 1461 1424 scribitur)
1488 1355 1661 1409 octavi
1692 1354 1889 1409 decimi

304 1444 494 1499 calculi
519 1446 727 1502 obtinet
753 1447 1128 1517 quantitatem.
1160 1445 1251 1502 Sic
1282 1446 1383 1502 iste
1425 1461 1680 1501 numerus
1706 1457 1758 1500 et
1793 1459 1890 1500 co-

305 1551 456 1593 ronae
478 1539 759 1607 prmmium
779 1580 793 1605 ,
825 1548 876 1595 et
902 1537 1071 1594 sancti
1101 1538 1335 1593 nominis
1363 1538 1526 1592 decus
1554 1538 1605 1592 in
1633 1553 1692 1593 se
1712 1537 1890 1592 conti-

307 1645 437 1687 nere
467 1639 818 1693 monstratur.

482 1720 646 1792 529
682 1719 1046 1777 axeosmo
1074 1719 1141 1776 IN
1166 1720 1496 1778 PSALMUM
1524 1720 1714 1777 CXIX.

798 1812 1070 1870 Canticum
1115 1814 1393 1885 graduum.

376 1907 514 1963 Novi
544 1907 758 1979 quidem
792 1908 929 1963 tituli
950 1916 1004 1964 et
1034 1907 1311 1963 mirabiles
1341 1906 1570 1963 inchoan
1601 1919 1688 1972 ur,
1716 1904 1809 1962 sed
1839 1906 1892 1960 in

308 2000 500 2068 psalmi
531 1999 830 2070 superioris
858 1998 1239 2069 explanatione
1266 1998 1463 2069 reperti
1492 2006 1649 2063 sunt;
1685 2008 1742 2052 ut
1767 1996 1895 2051 bea—

309 2088 593 2144 titudinem
626 2088 864 2144 ﬁdelium
895 2088 1239 2160 populorum,
1270 2103 1430 2158 quam
1462 2087 1556 2143 ille
1594 2087 1743 2143 unita
1775 2102 1891 2143 me-

309 2180 536 2235 ritorum
562 2180 821 2236 varietate
848 2180 1109 2246 cantavit,
1141 2179 1228 2234 isti
1260 2179 1313 2233 in
1344 2185 1739 2234 sacramentum
1764 2178 1894 2233 Novi

306 2279 360 2326 et
389 2270 601 2325 Veteris
630 2270 960 2326 Testamenti
989 2269 1252 2325 ordinatis
1291 2268 1597 2339 quindecim
1638 2268 1893 2338 gradibus

305 2362 659 2431 explicarent.
703 2361 1055 2431 Septenarius
1099 2362 1244 2417 enim
1273 2374 1529 2415 numerus
1558 2360 1722 2430 (sicut
1748 2374 1892 2428 saepe

306 2455 508 2511 dictum
542 2455 647 2525 est)
672 2456 940 2527 signiﬁcat
963 2453 1352 2511 hebdomadam
1371 2460 1587 2522 propter
1612 2450 1891 2506 sabbatum

307 2546 522 2605 Veteris
550 2548 884 2605 Testameoti
912 2567 924 2601 :
952 2545 1259 2602 octonarius
1285 2543 1617 2600 dominicum
1647 2542 1814 2603 diem.
1840 2541 1894 2596 in

307 2653 417 2710 quo
432 2639 717 2695 Dominum
759 2639 1127 2694 resurrexisse
1156 2636 1499 2691 manifesmm
1528 2642 1631 2700 est,
1656 2633 1798 2702 quod
1826 2631 1893 2687 ad

307 2730 516 2787 Novum
542 2731 775 2800 pertinet
801 2729 1228 2786 Testamentum.
1252 2726 1353 2796 Qui
1377 2727 1532 2782 simul
1552 2727 1724 2797 juncti
1747 2727 1895 2797 quin-

308 2831 420 2878 tum
469 2822 734 2878 decimum
782 2832 1068 2877 numerum
1120 2821 1393 2891 complere
1445 2826 1762 2881 noscuntur,
1808 2818 1895 2873 in-

307 2918 502 2971 choata
550 2916 734 2972 saeculi
788 2913 1189 2972 renuntiatione
1232 2932 1244 2966 :
1290 2912 1542 2982 quoniam
1597 2910 1895 2966 mundanas

309 3008 752 3064 convcrsationes
780 3014 1033 3077 tanquam
1064 3006 1331 3060 malorum
1357 3017 1575 3058 suorum
1607 3014 1895 3073 gravamen

308 3100 604 3154 exhorruit.
660 3096 799 3155 Hinc
859 3096 1184 3169 quibusdam
1254 3095 1571 3151 meritorum
1641 3092 1895 3165 gradibus

310 3191 631 3255 ascendens,
656 3190 722 3244 ad
753 3188 1048 3260 perfectam
1069 3200 1230 3261 atque
1258 3198 1512 3245 mternam
1544 3186 1752 3243 Domini
1778 3201 1893 3256 per-
1925 3177 1972 3241 C

314 3282 461 3337 venit
489 3280 830 3351 charitatem,
871 3295 990 3350 qua:
1022 3280 1073 3333 in
1117 3294 1327 3334 summo
1370 3279 1629 3333 virtutum
1679 3275 1899 3347 fastigio

310 3371 552 3429 noscitur
572 3371 835 3427 collocata
862 3388 877 3437 ;
910 3369 1052 3442 quod
1080 3385 1180 3425 suo
1226 3371 1344 3425 loco
1376 3370 1679 3426 evidentius
1726 3368 1899 3439 expli-

309 3478 517 3521 camus.
570 3463 705 3520 illud
761 3472 939 3519 tamen
983 3464 1195 3519 aestimo
1242 3461 1719 3528 commonendum,
1752 3458 1897 3531 quod

309 3554 516 3629 (divina
545 3554 714 3627 gratia
750 3552 1108 3625 concedente)
1134 3553 1283 3609 varia
1315 3552 1708 3624 signiﬁcatione
1737 3549 1899 3607 meri-

311 3656 489 3703 torum
522 3647 656 3703 etin
699 3646 817 3701 istis
844 3645 1067 3717 psalmis
1111 3645 1419 3717 quindecim
1460 3645 1659 3715 gradus
1689 3658 1899 3714 ponun-

310 3748 419 3808 tur,
454 3739 591 3793 sicut
624 3738 679 3793 in
708 3738 804 3792 illo
829 3737 1026 3802 templo
1055 3736 1529 3807 Jerosolymitano,
1560 3733 1707 3806 quod
1734 3750 1765 3789 a
1793 3734 1896 3790 Sa-

311 3830 526 3887 lomone
558 3840 739 3886 notum
768 3829 1036 3887 calluisse
1059 3829 1355 3900 perfectum
1383 3846 1399 3895 ;
1430 3836 1489 3883 ut
1512 3841 1749 3899 pratsens
1762 3826 1898 3882 ordo

311 3926 661 3991 psalmorum,
712 3932 768 3979 ct
823 3922 878 3977 in
928 3923 1016 3977 illa
1064 3922 1471 3978 constructione
1500 3921 1895 3991 praﬁguratus,

313 4014 554 4069 videatur
592 4028 713 4069 esse
746 4014 1060 4083 praedictus.
1092 4012 1330 4068 Terrena
1358 4009 1625 4081 siquidem
1674 4010 1763 4064 illa
1820 4009 1898 4063 fa-

313 4105 455 4160 brica
486 4104 724 4161 caelestis
770 4103 957 4174 templi
988 4103 1390 4159 similitudinem
1428 4108 1642 4173 gestare
1673 4100 1897 4156 videba-

315 4205 421 4252 tur.
445 4196 785 4267 Quapropter
804 4211 925 4252 cum
947 4197 1145 4268 gradus
1167 4195 1415 4251 audimus
1437 4194 1490 4250 in
1515 4194 1756 4265 psalmis,
1790 4207 1898 4249 non

318 4299 590 4345 terrenum
618 4300 711 4346 aut
735 4292 1011 4361 corporeis
1062 4290 1337 4361 gressibus
1368 4289 1713 4346 subeundum
1746 4288 1903 4345 nobis

313 4381 515 4454 aliquid
563 4384 921 4453 suspicemur,
972 4384 1066 4440 sed
1102 4384 1299 4438 mentis
1344 4383 1677 4454 accipiamus
1702 4398 1901 4439 ascen-

2000 523 2273 579 immerito
2301 523 2529 579 dicimus
2556 525 3009 593 comparandam;
3035 526 3128 580 illa
3159 527 3298 581 enim
3314 537 3369 581 et
3391 540 3587 586 ascen-

1997 614 2191 670 dentes
2224 616 2409 670 habuit
2439 624 2495 669 et
2529 615 2918 672 descendentes
2952 635 2963 669 :
2998 618 3050 671 in
3080 618 3197 674 istis
3225 634 3351 674 vero
3395 615 3580 690 gradi-

1996 706 2098 762 b‘us
2129 709 2405 762 beatorum
2438 709 2583 763 solus
2619 724 2875 763 ascensus
2904 717 3006 763 est.
3042 709 3085 763 A
3114 711 3389 765 nonnullis
3418 713 3581 769 etiam

1994 811 2051 859 et
2103 803 2407 873 quindecim
2454 804 2577 856 auni
2627 806 2716 873 qui
2768 804 2878 871 regi
2926 804 3168 858 Ezechiae
3223 814 3348 859 sunt
3390 807 3583 873 additi,

1997 894 2122 949 huic
2150 893 2489 948 similitudini
2522 893 2768 947 videntdr
2796 894 2982 962 aptati,
3013 903 3067 946 ut
3114 893 3199 948 hic
3245 908 3501 949 numerus
3529 905 3585 951 et

1999 984 2074 1040 ibi
2108 984 2366 1055 perfecta:
2392 985 2514 1039 vita:
2533 998 2748 1037 cursum
2785 983 3050 1038 indicasse
3088 992 3439 1039 monstretur.

2566 1074 2767 1130 Divisio
2806 1078 3009 1144 psalmi.

2065 1168 2171 1224 Per
2200 1176 2368 1224 totum
2398 1166 2661 1236 psalmum
2712 1168 2968 1236 propheta
2999 1167 3256 1235 loquitur.
3307 1166 3362 1221 in
3402 1166 3577 1237 prima

1998 1268 2152 1329 parte
2172 1259 2374 1313 clamat
2397 1258 2464 1314 ad
2495 1258 2800 1326 Dominum,
2824 1265 2881 1312 ut
2911 1258 3171 1312 libcrvtur
3200 1272 3227 1310 a
3276 1257 3433 1313 labiis
3482 1258 3585 1315 ini-

1996 1352 2117 1424 quis
2136 1358 2193 1407 et
2220 1365 2249 1404 a
2280 1350 2455 1420 lingua
2486 1348 2695 1405 dolosa,
2730 1348 2997 1414 Secunda,
3051 1348 3398 1404 vehementer
3448 1348 3585 1403 afﬁi-

1994 1448 2158 1517 gitur,
2184 1445 2326 1516 quod
2372 1446 2423 1500 in
2457 1444 2558 1499 hac
2606 1444 2712 1499 vita
2768 1444 2972 1500 diutius
3019 1459 3360 1501 commorans
3405 1447 3584 1502 aliena

1998 1536 2123 1589 vitia
2147 1534 2486 1602 sustinendo,
2518 1533 2782 1588 malorum
2816 1535 3170 1604 permixtione
3197 1547 3583 1608 praegravatur.

2534 1623 2806 1695 Expositio
2838 1624 3050 1695 psalmi.

2074 1718 2229 1775 Vers.
2272 1719 2325 1772 1.
2380 1715 2460 1770 Ad
2505 1714 2779 1768 Dominum
2804 1731 2919 1767 cum
2946 1714 3218 1769 lribularer
3242 1717 3480 1785 clamavi,
3537 1727 3585 1773 et

1924 1792 1973 1862 Β
1999 1815 2256 1871 exaudivit
2274 1827 2372 1866 me.
2400 1808 2619 1866 inchoat
2639 1809 2840 1878 primus
2862 1809 3116 1865 virtutum
3137 1811 3367 1882 gradus;
3397 1812 3451 1867 in
3480 1828 3586 1883 quo

2002 1907 2265 1975 pr0pheta
2296 1912 2511 1959 terrena
2544 1902 2667 1956 vitia
2699 1899 3101 1969 derelinquens,
3134 1902 3475 1959 confessione
3504 1905 3586 1959 la-

1999 1996 2284 2070 crymabili
2314 1996 2449 2066 petit
2477 2009 2537 2049 se
2566 1994 2635 2049 de
2668 1994 2851 2049 mundi
2879 1994 3035 2049 istius
3068 1996 3417 2053 tribulatione
3453 1998 3585 2055 libe-

1999 2089 2128 2143 rari.
2185 2087 2397 2143 Initium
2440 2086 2584 2142 enim
2638 2092 2926 2155 provectus
2984 2096 3068 2140 est
3111 2085 3313 2142 delicta
3353 2089 3586 2145 carnalia

1998 2182 2322 2251 relinquere,
2355 2186 2409 2233 et
2435 2177 2513 2232 sic
2545 2177 2770 2232 Domino
2794 2176 3104 2246 supplicare.
3141 2172 3271 2232 Nam
3302 2181 3391 2249 qui
3423 2197 3584 2236 unum

2000 2272 2223 2344 gradum
2267 2269 2601 2334 conscendit,
2654 2277 2851 2324 terram
2894 2271 3078 2338 utique
3122 2270 3394 2339 relinquit,
3434 2279 3487 2325 et
3534 2268 3587 2327 in

1995 2365 2226 2435 quodam
2277 2363 2452 2416 adhuc
2503 2360 2691 2414 humili
2740 2362 2859 2414 loco
2915 2360 3195 2428 recipitur,
3234 2361 3319 2415 cui
3359 2361 3587 2418 elevatio

1997 2458 2173 2529 prima
2203 2463 2504 2526 pra‘statur.
2527 2451 2631 2509 Sed
2660 2452 2768 2523 jam
2815 2452 3172 2522 proculdubio
3211 2451 3427 2508 habebit
3468 2469 3585 2510 me-

1996 2552 2161 2605 ritum
2195 2549 2359 2614 beati,
2388 2547 2478 2617 qui
2510 2546 2593 2601 vel
2627 2547 2678 2601 in
2713 2547 2818 2601 isto
2844 2545 3011 2616 gradu
3051 2545 3287 2614 potuerit
3331 2546 3583 2613 inveniri,

1996 2643 2137 2698 sicut
2166 2638 2399 2711 legitur:
2435 2639 2584 2695 Beati
2622 2649 2843 2711 quorum
2887 2640 3115 2693 remissae
3144 2650 3260 2694 sunt
3296 2641 3588 2709 iniquitates

1999 2732 2175 2805 (Psal.
2205 2748 2351 2797 XXXI.
2377 2734 2454 2802 ί).
2482 2733 2819 2804 QuaprOpter
2843 2732 3153 2789 exauditum
3182 2747 3240 2788 se
3268 2733 3419 2797 dicit,
3450 2747 3583 2802 quo—

2000 2829 2142 2885 illam
2175 2828 2226 2882 in
2254 2826 2598 2881 tribulatione
2626 2825 2971 2881 clamaverat.
3003 2822 3262 2880 Dominus
3300 2825 3443 2879 enim
3489 2839 3586 2899 ne:

2000 2921 2102 2978 scit
2130 2920 2365 2981 differre.
2422 2933 2581 2989 quem
2619 2928 2945 2988 compuncto
2985 2916 3149 2972 corde
3200 2916 3302 2971 sibi
3352 2917 3588 2972 senserit

2001 3010 2331 3083 supplicare,
2359 3010 2495 3066 sicut
2524 3011 2576 3066 in
2608 3010 2740 3065 Isaia
2770 3011 2962 3080 legitur
2993 3029 3007 3065 :
3046 3009 3225 3062 Adhuc
3245 3010 3507 3063 inrocante
3544 3016 3590 3063 te

2000 3105 2171 3159 dicam
2202 3119 2220 3158 :
2249 3103 2378 3158 Ecce
2401 3106 2603 3157 adsum.
2638 3098 2704 3157 Et
2751 3101 2954 3172 inspice
2983 3114 3141 3171 quam
3189 3102 3258 3155 sit
3294 3098 3589 3169 pulcherri-

2003 3209 2124 3251 mus
2144 3194 2279 3250 ordo
2317 3193 2603 3249 dictorum.
2651 3192 2886 3247 Primum
2939 3195 3109 3261 posita
3160 3200 3243 3248 est
3296 3191 3588 3257 tribulatio,

2002 3282 2200 3343 deinde
2227 3286 2568 3349 exclamatio,
2616 3284 2777 3340 tertio
2826 3281 3121 3351 exauditio,
3152 3292 3207 3339 ut
3251 3293 3347 3354 per
3372 3284 3589 3337 ordines

2003 3388 2183 3434 certos
2212 3375 2277 3430 ad
2307 3375 2591 3430 Dominum
2622 3381 2835 3430 constet
2864 3382 2984 3427 vota
3008 3374 3290 3443 pervenire
3327 3371 3588 3427 ﬁdelium.

2070 3463 2223 3524 Vera.
2253 3465 2310 3520 9.
2342 3463 2578 3524 Dominc.
2608 3465 2767 3519 libera
2793 3464 3019 3518 animam
3048 3480 3080 3517 a
3123 3465 3271 3518 labiis
3315 3464 3504 3533 iniquis
3543 3472 3589 3517 ct

2000 3573 2032 3613 a
2065 3558 2241 3630 lingua
2272 3557 2471 3612 dolosa;
2529 3557 2740 3611 Positus
2774 3556 2825 3609 in
2870 3555 2958 3610 illa
2990 3554 3235 3609 convalle
3272 3553 3587 3624 plorationis

2004 3648 2147 3719 (qua
2176 3658 2353 3705 tamen
2382 3647 2493 3717 jam
2544 3646 2742 3717 gradus
2791 3644 3025 3700 ﬁdelium
3081 3656 3203 3700 esse
3244 3645 3588 3714 cegnoseitur

2001 3740 2332 3808 animarum)
2368 3739 2577 3794 liberari
2602 3752 2662 3793 se
2695 3737 2828 3807 petit
2859 3737 2926 3793 ab
2959 3736 3400 3806 imputationibus
3435 3751 3588 3805 aspe-

2001 3832 2079 3887 ris
2105 3840 2160 3886 et
2183 3830 2566 3887 blandimentis
2594 3828 2785 3905 callida
2815 3827 3065 3881 suasione
3084 3826 3422 3893 compositis.
3456 3824 3587 3881 Nam

2001 3925 2092 3996 qui
2125 3924 2381 3979 mundum
2434 3922 2660 3991 coeperit
2708 3920 2958 3974 vitiorum
2988 3916 3389 3972 abominationc
3427 3917 3589 3972 dese-

2002 4028 2148 4082 rere,
2174 4014 2347 4085 prima
2368 4012 2547 4069 fronte
2575 4010 2945 4067 conversionis
2971 4010 3144 4078 iniqua
3178 4008 3317 4061 labia
3360 4010 3585 4078 patitur.

2001 4110 2128 4165 dum
2158 4108 2277 4178 ejus
2304 4105 2637 4177 propositum
2670 4103 2951 4160 sceleratis
2980 4102 3413 4158 oblectationibus
3458 4103 3579 4158 irri-

2001 4202 2181 4258 detur.
2210 4200 2413 4255 Dicitur
2449 4197 2592 4255 enim
2616 4197 2667 4254 ei
2695 4198 2765 4251 ab
2794 4196 2990 4265 iniquis
3028 4214 3041 4248 :
3074 4195 3212 4262 Quid
3260 4204 3310 4250 te
3348 4197 3577 4264 crucias,

2001 4300 2059 4348 ut
2085 4289 2272 4348 saeculi
2322 4290 2558 4345 honores
2605 4288 2796 4359 fugias,
2837 4297 2891 4342 et
2936 4288 3163 4341 humana
3219 4287 3579 4342 blandimenta

2001 4384 2364 4454 derelinquas,
2399 4389 2456 4437 ut
2483 4388 2541 4437 et
2568 4380 2727 4436 istum
2753 4379 3008 4434 mundum
3040 4378 3259 4449 perdas,
3293 4393 3392 4434 nec
3421 4378 3490 4434 ibi
3520 4379 3585 4433 ad

314 4488 456 4529 sum.
494 4474 622 4532 Ideo
652 4477 794 4533 enim
826 4476 1166 4546 praemissum
1196 4485 1302 4541 est,
1345 4474 1634 4543 Canticum,
1684 4484 1745 4530 ut
1799 4478 1899 4530 boc
1927 4499 1976 4561 υ
2002 4478 2143 4548 quod
2173 4476 2449 4533 desideras
2476 4474 2762 4547 aliquando
2792 4473 3108 4544 pervenias?
3146 4471 3251 4528 Sed
3302 4473 3415 4527 haec
3464 4481 3587 4525 sunt

314 4570 495 4638 potius
515 4569 582 4639 ad
604 4569 799 4624 anima:
821 4578 1134 4637 provectum
1158 4568 1429 4637 applicare
1456 4566 1768 4622 debeamus.
1792 4566 1898 4622 Sed

314 4662 507 4731 gradus
533 4663 632 4717 iste
672 4660 990 4717 humilitatis
1021 4670 1104 4716 est
1130 4669 1411 4725 ascensus,
1449 4657 1721 4715 confessio
1770 4673 1898 4725 pecs

313 4763 580 4821 catorum,
614 4754 755 4810 sicut
800 4756 852 4809 in
888 4754 1217 4824 octogesimo
1258 4753 1418 4809 tertio
1455 4751 1662 4823 psalmo
1696 4750 1896 4807 dictum

319 4858 439 4903 est:
474 4849 725 4902 Ascensus
759 4849 810 4902 in
844 4849 996 4901 corde
1018 4852 1129 4919 ejus
1153 4846 1405 4913 disposuit
1447 4845 1501 4899 in
1550 4844 1777 4899 convalle
1823 4843 1902 4897 la-

311 4954 607 5009 crymarum
635 4939 807 5012 (Psal.
851 4952 1074 5004 Luam,
1107 4939 1159 5005 6,
1185 4937 1263 5008 7).
1313 4936 1405 4994 Sic
1431 4936 1573 4991 enim
1615 4936 1748 4990 istos
1773 4949 1895 5005 gra-

310 5030 412 5085 dus
462 5032 758 5087 ascendere
810 5031 1163 5097 merebimur,
1223 5028 1268 5083 si
1311 5042 1409 5097 pro
1448 5026 1660 5082 delictis
1698 5026 1896 5080 nostris

308 5127 586 5195 prostrati,
617 5124 846 5179 Domino
860 5123 1062 5194 jugiter
1082 5122 1475 5192 supplicamus.
1499 5118 1785 5176 Sciendum
1813 5126 1896 5172 est

313 5226 493 5273 autem
521 5215 663 5289 quod
689 5218 884 5287 gradus
906 5216 995 5271 isti
1023 5229 1305 5271 ascensum
1332 5222 1562 5279 tantum,
1596 5227 1702 5268 non
1729 5212 1893 5268 etiam

312 5315 569 5376 putentur
598 5308 800 5365 habere
821 5309 1168 5365 descensum.
1209 5308 1341 5362 Nam
1367 5306 1511 5379 Quod
1562 5321 1663 5362 nos
1692 5310 1896 5360 cantica

307 5400 569 5473 graduum
604 5413 858 5457 vocamus
877 5441 894 5467 ,
926 5401 1068 5471 apud
1097 5400 1313 5457 Grmcos
1338 5399 1442 5475 ᾠδὴ
1469 5408 1569 5457 τῶν
1588 5399 1893 5472 ἀναϐαθμῶν

307 5492 542 5562 positum
591 5507 715 5549 esse
757 5493 1142 5564 cognoscitur,
1176 5492 1488 5562 signiﬁcans
1530 5490 1729 5561 gradus
1761 5492 1892 5547 istos

306 5594 514 5642 tantum
555 5587 621 5642 ad
651 5601 880 5660 superna
923 5587 1229 5644 tendentes.
1269 5586 1607 5655 Quapropter
1628 5584 1736 5653 jam
1771 5585 1896 5639 Itea.

308 5685 486 5733 torum
535 5694 657 5735 esse
709 5680 1139 5747 crcdendisunt,
1192 5678 1282 5747 qui
1334 5685 1624 5749 pra-stante
1668 5676 1894 5729 Domino

306 5770 457 5829 nulla
497 5781 722 5841 possunt
765 5773 1087 5841 deceptione
1131 5770 1425 5841 submergi.
1500 5767 1654 5823 Unde
1690 5767 1897 5821 scalam

2004 4572 2056 4625 in
2089 4570 2244 4624 labiis
2272 4567 2564 4623 constituta
2595 4566 2872 4622 fallacihns
2907 4584 2918 4620 :
2952 4565 3077 4634 quia
3125 4564 3274 4618 nulla
3333 4561 3588 4617 videlicet

2002 4661 2178 4717 cordis
2235 4658 2628 4715 deliberatione
2674 4658 2883 4713 ﬁrmata
2931 4665 3080 4712 sunt.
3140 4655 3428 4726 Postquam
3485 4655 3583 4710 ista

2005 4753 2183 4805 minus
2215 4751 2505 4817 valuerint,
2528 4758 2654 4805 tunc
2682 4763 2932 4804 suasorcs
2962 4747 3027 4802 ad
3060 4747 3243 4801 dolosa
3281 4760 3339 4801 se
3383 4746 3585 4800 blandi-

2003 4853 2182 4899 menta
2213 4843 2851 4909 convcrtunt,dicentcs:
2882 4840 2999 4895 Noli
3026 4851 3076 4897 te
3098 4838 3370 4905 claudere,
3403 4838 3507 4893 noli
3536 4850 3586 4894 te

1998 4935 2205 5005 jejunio
2234 4935 2475 5005 fatigare,
2510 4942 2681 4990 restat
2716 4942 2931 5003 tempus
2960 4946 3081 4987 cum
3127 4932 3226 4986 ista
3272 4930 3469 4996 facias;
3495 4932 3584 5001 qui

2000 5029 2128 5083 dum
2160 5043 2221 5083 se
2248 5035 2439 5097 ptttant
2472 5026 2618 5099 loqui
2652 5040 2749 5098 pro
2778 5038 3024 5095 corpore,
3057 5034 3245 5079 causas
3272 5024 3464 5077 anima:
3490 5038 3587 5076 no-~

2000 5133 2221 5178 scuntur
2250 5119 2572 5174 omnimodis
2603 5119 2902 5189 ingravare.
2953 5114 3072 5187 Ipsa
3103 5121 3231 5169 sunt
3255 5128 3383 5185 ergo
3409 5114 3584 5184 iniqua

2003 5214 2140 5267 labia
2169 5221 2223 5268 et
2252 5211 2429 5282 lingua
2456 5196 2659 5276 dolosa,
2686 5225 2806 5278 qua:
2836 5208 3003 5278 printa
3039 5206 3211 5261 froote
3240 5206 3328 5261 ille
3362 5206 3583 5275 patitur,

2000 5307 2091 5378 qui
2119 5306 2186 5362 ad
2214 5304 2421 5360 Domini
2449 5306 2599 5374 jttssa
2648 5300 2983 5356 transfertur.
3014 5299 3121 5356 Sed
3155 5300 3401 5368 quamvis
3449 5297 3587 5352 levia

2000 5406 2151 5469 putet
2174 5413 2295 5453 esse
2320 5412 2441 5468 qua:
2466 5395 2607 5451 dicta
2637 5397 2779 5459 sunt,
2807 5394 2930 5449 inde
2955 5391 3245 5447 humanum
3268 5402 3434 5459 genus
3456 5400 3579 5443 cor-

1996 5491 2125 5553 ruit,
2156 5487 2279 5542 iade
2308 5486 2673 5542 conditionem
2698 5484 2884 5540 mortis
2908 5484 3134 5553 accepit.
3167 5481 3210 5536 N
3229 5499 3297 5535 nn
3330 5496 3452 5535 cum
3470 5491 3584 5534 ser-

1999 5595 2131 5649 pens
2159 5580 2391 5635 venisset
2446 5577 2512 5633 ad
2545 5579 2727 5641 Evam,
2770 5575 2940 5645 primo
2990 5574 3069 5629 illi
3113 5573 3251 5629 dixit
3304 5586 3398 5641 per
3445 5568 3583 5623 labia

1998 5675 2208 5744 iniqua:
2244 5673 2414 5740 Quare
2439 5673 2674 5742 prazcepit
2691 5670 2827 5726 vobis
2852 5670 3120 5733 Dominus,
3144 5676 3196 5722 ut
3242 5682 3343 5721 non
3373 5662 3584 5716 mandu-

2000 5767 2119 5821 telis
2141 5766 2313 5821 debet?
2335 5765 2478 5836 ligno
2505 5764 2732 5832 paradisi
2754 5762 2957 5834 (Cenes.
2993 5772 3074 5826 tt,
3121 5757 3214 5829 '5')?
3246 5758 3307 5813 Et
3338 5768 3459 5811 cum
3493 5752 3586 5808 illa
