4032 6340
115 6189 348 6273 La;

605 531 833 588 linquam
863 529 1128 585 dolosam:
1155 529 1484 598 Mnutlucatc,
1513 545 1560 586 et
1578 534 1717 586 erilis
1739 533 1866 585 sicut
1888 531 1984 583 dii.
2017 529 2178 585 Vides

605 636 734 690 ergo
755 623 942 676 merito
967 624 1187 677 Summis
1210 623 1417 678 viribus
1439 625 1757 692 expetitum,
1778 633 1836 678 ut
1858 623 1925 677 ab
1950 622 2031 675 his
2057 637 2182 675 sua-

607 705 847 765 si0nibus
871 712 1127 780 propheta
1159 713 1498 782 liberaretur,
1526 715 1665 769 unde
1693 715 1981 768 humanum
2008 726 2180 782 genus

608 809 828 856 noverat
850 802 1009 857 fuisse
1035 802 1340 873 deceptum.

680 891 829 946 Vers.
864 893 920 947 5.
972 893 1106 958 Quid
1137 895 1282 948 detur
1324 896 1434 962 tibi,
1466 904 1556 950 aut
1583 881 1709 966 quid
1751 904 2040 966 apponatur
2093 895 2184 949 tibi

607 981 677 1032 ad
707 971 934 1052 linguam
955 983 1222 1038 dolosam?
1243 984 1361 1038 Post
1388 984 1824 1039 exclamationem
1851 985 2180 1054 prmmiSsam

609 1081 663 1126 et
693 1083 894 1127 metum
938 1073 1326 1129 imminentium
1376 1075 1758 1144 periculorum,
1803 1073 2058 1144 prOpheta
2093 1088 2182 1129 re-

611 1166 834 1220 vertitur
857 1167 921 1221 ad
950 1167 1420 1238 interrogationem
1462 1179 1636 1235 suam,
1671 1170 1816 1239 quod
1869 1169 2046 1222 lacere
2097 1167 2180 1222 ui-

611 1257 776 1310 mium
804 1259 1100 1328 cogitantes
1142 1249 1338 1316 solent.
1369 1261 1609 1327 Ilatsitat,
1635 1260 1823 1327 qua-rit
1846 1263 2032 1313 contra
2072 1252 2181 1313 tam

613 1347 816 1404 facinus
843 1351 1304 1416 immanissimum,
1327 1354 1468 1422 quod
1495 1353 1600 1406 sibi
1621 1351 1916 1406 remedium
1939 1350 2184 1406 crederet

610 1453 730 1494 esse
763 1441 1145 1510 praestandum,
1175 1432 1341 1513 530
1387 1452 1446 1496 ut
1473 1427 1720 1510 opposito
1749 1439 1980 1510 quodam
2011 1439 2184 1493 muni-

611 1529 772 1597 mine,
805 1531 1113 1586 transmissa
1151 1536 1254 1586 tela
1286 1540 1427 1586 tutus
1455 1532 1726 1586 evaderet.
1789 1531 1857 1585 Et
1902 1545 2020 1584 cum
2050 1529 2183 1584 duas

594 312 704 381 .003
1818 315 1885 369 tt.
1927 311 2202 370 AllltELll
2243 302 2634 374 CASSIODORl
3339 287 3350 296 ⁵
3679 327 3754 404 au

592 435 988 508 "respondisset,
1033 453 1060 493 a
1109 439 1332 495 Domino
1363 439 1523 495 fuisse
1553 438 1902 510 prohibitum,
1951 437 2028 492 ait
2072 451 2172 516 per
2199 431 2251 499 Α
2275 437 2547 506 querelam
2575 438 2816 492 diversos
2837 446 3050 494 sanctos
3076 437 3321 498 habuisse
3357 457 3451 500 non
3475 447 3655 511 dubium
3676 471 3753 527 est,

2279 526 2420 581 sicut
2447 527 2797 582 Ecclesiastes
2825 528 2978 582 dicit:
3015 529 3082 582 Et
3114 532 3313 586 laudaui
3339 551 3494 590 omnes
3521 546 3593 608 qui
3617 526 3754 603 mortui

2277 627 2396 671 sunt
2421 634 2575 686 super
2590 634 2762 672 omnes
2795 619 2884 688 qui
2912 620 3084 674 uiuunt
3113 637 3268 692 usque
3304 641 3428 679 nunc
3454 626 3599 700 (Eccl.
3623 632 3749 709 lvii).

2282 711 2574 780 Apostolus
2601 727 2811 782 quoque
2840 712 3030 768 Paulus
3049 714 3338 770 exclamat:
3380 718 3525 790 Cupio
3538 725 3702 782 dissolui
3721 743 3755 784 et

2247 792 2252 796 ”
2281 820 2388 858 esse
2409 820 2524 858 cum
2545 795 2744 858 Christo
2775 803 2997 875 (Philip.
3028 821 3068 871 ι,
3091 805 3208 876 2'5).
3239 807 3418 863 Merito
3457 827 3570 882 ergo
3603 827 3646 872 et
3670 836 3754 889 pro-

2283 896 2441 966 pheta
2465 897 2514 950 in
2549 897 2647 951 hac
2677 905 2827 965 parte
2846 898 3176 967 congemuit,
3207 899 3296 968 qui
3339 902 3583 959 simillimo
3605 908 3753 968 honuni

2281 999 2466 1040 amore
2503 987 2764 1056 ﬂagravit.
2795 984 3060 1040 Incolatus
3100 997 3278 1041 autem
3307 991 3547 1058 signiﬁcat
3581 1004 3752 1064 peregri.

2284 1079 2577 1134 nationem.
2607 1077 2812 1134 lncolas
2834 1077 2976 1133 enim
2999 1078 3228 1133 dicimtts
3249 1082 3335 1150 qui
3357 1082 3418 1136 ad
3443 1093 3618 1154 tempus
3635 1101 3753 1146 terras

2283 1169 2486 1226 alienas
2513 1171 2719 1236 colunt,
2752 1169 2846 1224 sed
2874 1185 2904 1224 ιι
2932 1172 3104 1240 patria
3131 1186 3225 1224 sua
3252 1171 3402 1242 longe
3429 1177 3620 1244 sejuncti
3650 1197 3750 1240 sunt.

2284 1261 2436 1328 Quod
2463 1260 2532 1316 de
2573 1261 2676 1314 illis
2730 1261 2920 1316 merito
2967 1261 3196 1326 dicitur,
3240 1277 3455 1331 quarunt
3498 1279 3752 1330 conversatio

2285 1359 2497 1420 semper
2521 1351 2572 1404 in
2600 1349 2749 1405 caelis
2775 1361 2880 1418 est,
2907 1351 3000 1405 sed
3027 1351 3204 1408 adhuc
3228 1353 3311 1408 hic
3337 1368 3542 1424 corpore
3572 1359 3752 1419 detineo-

2288 1451 2395 1498 tur.
2427 1444 2578 1512 Quod
2603 1455 2782 1499 autem
2811 1445 2968 1512 dixit,
2997 1447 3341 1518 prolongatus
3360 1457 3449 1518 est,
3477 1452 3672 1510 adactum
3695 1461 3750 1512 nl-

2285 1535 2449 1589 miuut
2478 1535 2835 1590 desiderantis
2863 1538 3156 1606 expressit.
3203 1536 3441 1608 Cupienti
3467 1543 3676 1612 siquidem
3697 1548 3752 1602 le-

611 1635 699 1676 res
723 1636 884 1689 supra
917 1623 1172 1690 posuerit,
1200 1637 1232 1675 a
1261 1623 1406 1676 labiis
1431 1623 1615 1690 iniquis
1643 1631 1689 1676 el
1718 1638 1750 1675 (ι
1771 1622 1948 1691 lingua
1979 1621 2180 1686 dolosa,
2280 1626 2438 1681 licem
2489 1626 2710 1696 patriam
2763 1626 2978 1693 videre,
3029 1633 3272 1698 quamvis
3318 1630 3400 1686 hic
3435 1631 3575 1690 breve
3605 1647 3752 1708 tempus

608 1713 701 1765 hic
755 1719 957 1766 Lautum
1012 1712 1288 1766 dicit:Ad
1341 1713 1566 1783 linguam
1605 1712 1868 1778 dolosmn,
1917 1726 2037 1780 quae
2093 1724 2180 1766 res
2212 1778 2247 1792 Δ
2281 1716 2537 1786 probetur
2565 1730 2707 1781 esse,
2755 1717 3100 1789 longinquum
3149 1729 3252 1774 est.
3310 1720 3552 1792 Sequitur,
3597 1726 3752 1782 habitaci

613 1807 895 1872 utrumque
947 1803 1339 1872 complectitur.
1405 1778 1603 1873 Lingua
1651 1803 1794 1858 enim
1862 1778 2068 1866 dolosa,
2125 1799 2181 1856 et
2211 1778 2254 1846 Β
2280 1778 2397 1860 cum
2425 1778 2768 1863 habitantibus
2795 1778 2980 1864 cedas.
3014 1809 3182 1864 Cedar
3215 1778 3483 1868 llcbrtc'um
3517 1778 3752 1873 nomen

611 1887 785 1960 iniqua
821 1893 956 1947 labia
982 1909 1192 1964 semper
1219 1895 1464 1948 assumit.
1499 1887 1606 1950 Sed
1655 1895 1722 1948 ne
1755 1893 1986 1947 tardaret
2033 1893 2182 1946 auxi-

609 1978 764 2050 lium,
799 1983 1058 2040 medicina
1101 1988 1340 2056 sequitur
1364 1987 1649 2056 postulata.
1692 1986 1822 2052 Quae
1853 1984 2016 2054 ligura
2043 1985 2179 2064 diei-

605 2075 698 2130 tur
725 2075 975 2140 ero'tes’s,
1016 2077 1066 2131 id
1093 2086 1174 2133 est
1201 2078 1547 2146 interrogatio
1567 2119 1582 2139 ,
1623 2075 1838 2146 quando
1867 2076 1932 2129 ad
1970 2073 2180 2129 excrci-

617 2168 874 2221 tationem
905 2172 1056 2222 suam
1111 2167 1304 2238 aliquis
1348 2165 1595 2237 ptopnnit
1633 2161 1734 2221 sibi
1773 2181 1892 2235 qua:
1936 2165 2051 2235 ipse
2098 2178 2185 2220 rc-

610 2258 856 2326 spondeL

679 2353 835 2422 νοτε.
863 2367 918 2425 ι.
943 2367 1158 2440 Sagitta:
1187 2372 1399 2437 potentis
1426 2366 1556 2440 (ms.
1583 2366 1650 2423 ϐε
1671 2374 1726 2423 et
1767 2367 1853 2422 ed.
1870 2405 1888 2434 ,
1929 2351 2180 2437 potentes}

605 2470 797 2527 acutae,
822 2477 938 2514 cum
967 2462 1272 2516 carbonibus
1293 2462 1636 2516 desolatoriis.
1683 2461 1820 2516 Ecce
1848 2459 1975 2514 illud
2003 2472 2182 2515 reme-

609 2545 756 2608 dium
785 2554 926 2623 quod
961 2557 1150 2610 anxius
1194 2554 1483 2624 quaerebat,
1539 2555 1776 2620 invenit;
1808 2569 1935 2611 ecce
1983 2553 2184 2610 beneﬂ-

607 2645 754 2702 ‘cium
783 2655 1096 2717 competens
1123 2649 1262 2718 quod
1311 2657 1366 2703 et
1413 2647 1551 2704 labia
1583 2647 1761 2718 iniqua
1816 2647 2078 2713 destruat,
2125 2655 2185 2703 et

611 2729 846 2808 linguam
875 2737 1116 2794 dolosam
1145 2739 1354 2795 Domini
1387 2741 1583 2795 virtute
1613 2739 1920 2794 confundat.
1964 2738 2185 2810 Sagitta:

607 2828 830 2897 potentis
873 2839 1055 2896 acutae,
1087 2829 1248 2885 verba
1285 2829 1416 2901 legis
1455 2830 1648 2885 divinae.
1691 2839 1834 2896 sunt,
1859 2829 2052 2900 quibus
2093 2837 2186 2909 aut

613 2919 1012 2987 bmreticorum,
1041 2930 1135 2977 aut
1153 2914 1377 2978 subdole
1405 2923 1790 2978 blandientium
1821 2921 2005 2988 corda,
2040 2920 2184 2976 velut

612 3011 926 3080 quibusdam
947 3013 1138 3080 iaculis
1165 3013 1559 3069 transferantur
1579 3054 1596 3080 ,
1623 3015 1760 3068 sicut
1775 3013 2030 3083 scriptum
2060 3022 2143 3068 est
2160 3030 2178 3066 ς

2279 1898 2419 1966 quod
2451 1910 2629 1953 nostra
2674 1899 2851 1970 lingua
2901 1899 3291 1970 interpretatur
3329 1905 3558 1962 tenebrae.
3607 1909 3688 1962 lloc
3705 1913 3749 1963 ad

2279 1991 2462 2045 steeuli
2493 1991 2651 2058 lngus
2669 1993 2904 2061 pertinet
2939 2005 3234 2062 amatores,
3266 1998 3350 2066 qui
3379 2000 3632 2058 tenebrosis
3661 2005 3750 2073 acti-

2283 2081 2380 2136 bus
2407 2082 2652 2148 involuti,
2683 2083 2772 2137 illa
2802 2086 2969 2156 magis
2990 2086 3222 2156 diligunt
3253 2089 3385 2144 unde
3403 2091 3558 2159 perire
3582 2107 3748 2147 noscun-

2284 2181 2390 2228 tur.
2423 2173 2532 2230 Sed
2561 2185 2619 2228 ut
2637 2177 2786 2231 verbi
2827 2177 2982 2247 hujus
3002 2180 3242 2235 breviter
3259 2196 3522 2237 noscamus
3541 2183 3746 2253 originem,

2282 2268 2450 2324 Cedar
2478 2270 2669 2327 lsmael
2693 2271 2833 2327 illius
2864 2273 2982 2341 fuit,
3011 2276 3102 2345 qui
3134 2278 3278 2345 genti
3309 2292 3412 2332 sua:
3446 2294 3609 2334 nomen
3632 2281 3746 2342 dedit,

2281 2358 2435 2429 cujus
2480 2360 2612 2416 lines
2635 2375 2802 2432 usque
2829 2362 2896 2416 ad
2941 2364 3126 2420 Medos
3167 2365 3451 2436 Persasque
3486 2369 3639 2436 prolati
3661 2369 3748 2438 [ed.,

2281 2453 2556 2525 protelati]
2579 2464 2704 2510 sunt
2733 2474 2748 2510 :
2781 2457 2831 2510 hi
2864 2473 3004 2514 nunc
3045 2459 3328 2516 Sarraceui
3353 2463 3750 2532 appellantur.Quo

2281 2548 2548 2603 vocabulo
2596 2556 2966 2620 competenter
3008 2552 3279 2622 significat
3323 2563 3620 2623 peccatores,
3658 2555 3750 2608 inter

2284 2652 2419 2709 quos
2461 2654 2520 2696 se
2547 2640 2722 2696 adhuc
2768 2641 3009 2699 habitare
3038 2645 3290 2714 suspirat.
3336 2645 3540 2701 Necesse
3567 2656 3632 2700 est
3653 2647 3750 2699 enim

2285 2741 2344 2788 ut
2372 2733 2543 2788 bonus
2583 2735 2796 2789 animus
2842 2727 3138 2805 afﬂigatur,
3192 2737 3399 2806 quoties
3437 2736 3648 2790 alarum
3669 2751 3750 2803 pce

2285 2824 2542 2880 mixtione
2570 2825 2928 2881 concluditur.
2958 2826 3074 2882 Hoc
3102 2838 3280 2884 autem
3313 2828 3438 2904 bene
3465 2827 3588 2890 dicit,
3618 2827 3682 2896 qui
3713 2826 3750 2879 iu

2287 2915 2464 2984 primo
2485 2917 2651 2986 gradu
2681 2919 3004 2974 constitutus
3034 2927 3234 2976 tetram
3261 2921 3566 2989 contempsit,
3585 2924 3747 2986 eamque

2285 3006 2430 3064 felici
2460 3009 2753 3086 variatione
2777 3008 3038 3066 deseruit.

613 3089 829 3173 Sagitta:
854 3100 1190 3172 paruulorum
1233 3107 1383 3174 facta:
1418 3115 1536 3160 sunt
1585 3106 1750 3175 plaga:
1779 3115 1959 3160 eorum
2005 3089 2178 3168 (Psal.
2207 3110 2255 3173 ο
2361 3089 2513 3156 Vers.
2554 3103 2606 3156 δι
2639 3100 2862 3156 Multum
2905 3102 3078 3157 incola
3122 3103 3222 3172 fuit
3246 3104 3410 3158 auitam
3445 3116 3556 3165 mea,
3593 3112 3679 3152 cum
3699 3094 3752 3145 itit

612 3195 768 3260 nm,
795 3185 875 3263 8).
908 3193 1156 3258 Patentis,
1189 3196 1310 3265 quia
1342 3196 1470 3251 nulli
1503 3197 1583 3252 fas
1622 3206 1705 3252 est
1733 3197 1998 3252 obsistere
2023 3213 2182 3268 quem

615 3285 784 3340 virtus
815 3287 1042 3342 volu’erit
1069 3287 1248 3342 divina
1289 3289 1516 3344 salvare.
1550 3289 1747 3357 Acuta»,
1779 3299 1994 3361 propter
2017 3293 2186 3348 celer-

611 3373 809 3428 rimum
832 3375 1163 3442 operationis
1187 3377 1434 3433 eﬂ‘cctum
1465 3380 1751 3448 :quoniam
1782 3381 1927 3437 nulla
1960 3366 2186 3439 iarditas

614 3452 995 3533 objicitur,ubi
1021 3465 1108 3518 illa
1131 3466 1391 3522 medicina
1417 3479 1714 3537 praestatur.
1745 3469 2184 3529 Carbouesautem

617 3547 956 3609 desolatorios
1011 3558 1248 3612 nonnulli
1297 3571 1607 3628 peccatores
1665 3563 1970 3620 teterrimos
2023 3575 2188 3637 atque

616 3645 770 3728 tnalis
790 3646 997 3703 actibus
1009 3649 1300 3728 exstinctos
1317 3651 1609 3724 intelligere
1630 3655 1938 3722 voluerunt,
1957 3671 2186 3728 quorum

615 3721 849 3791 iorsnido
875 3746 932 3792 et
955 3725 1260 3794 recordatio
1292 3751 1472 3798 nostra
1491 3721 1625 3799 vvitia
1681 3745 1927 3804 desolare
1957 3721 2188 3804 noscun-

616 3833 735 3892 tur;
763 3827 890 3882 dum
917 3831 1205 3886 metuimus
1229 3834 1352 3886 talia
1385 3838 1771 3912 committere“
1795 3853 1914 3908 qua:
1942 3839 2060 3894 illos
2089 3855 2184 3895 eo-

617 3909 897 3989 g‘novimus
925 3923 1232 3991 pertulisse.
1269 3915 1451 3982 Potest
1491 3937 1671 3984 autem
1699 3909 1912 3986 etvillud
1937 3930 2182 4002 intelligi,

616 4022 672 4065 ut
720 4013 964 4068 carbones
987 4016 1341 4086 desolatorios,
1369 4020 1638 4076 orationes
1665 4023 1990 4092 accipiamus
2009 4023 2186 4079 chari-

616 4103 739 4158 tatis
769 4103 891 4174 igne
912 4120 1225 4177 succensas,
1257 4125 1376 4179 quin
1408 4125 1504 4167 nos
1541 4113 1684 4169 vitiis
1715 4117 1790 4168 ita
1817 4115 2077 4170 mandant
2105 4127 2188 4170 at-

615 4208 720 4262 que
750 4197 1052 4265 purifi‘cant,
1088 4209 1146 4254 ut
1179 4203 1318 4270 quod
1347 4205 1398 4257 in
1449 4204 1602 4261 nobis
1644 4193 1891 4264 diabolus
1935 4217 2186 4263 constru-

620 4295 796 4351 ιρι-ιιι,
848 4287 1146 4343 desolatum
1192 4300 1352 4361 atque
1391 4309 1638 4350 eversum
1687 4297 1868 4354 divino
1925 4298 2188 4354 beneﬁcio

616 4375 898 4430 sentiatur.
946 4376 1068 4432 Sive
1098 4384 1264 4450 magis
1300 4382 1426 4437 illud
1451 4394 1536 4440 est
1565 4386 1706 4457 quod
1760 4387 1925 4443 Isaias
1963 4390 2074 4443 ait:
2121 4388 2186 4441 Et

613 4463 798 4519 volavit
829 4467 898 4520 ad
927 4484 1004 4522 me
1036 4485 1164 4523 unus
1194 4470 1258 4526 de
1281 4474 1567 4542 seraphim,
1599 4487 1648 4530 et
1684 4477 1738 4530 in
1766 4493 1923 4532 manu
1971 4479 2183 4533 habebat

613 4559 881 4613 carbonem
921 4560 1081 4630 ignis,
1107 4580 1255 4631 quem
1303 4569 1496 4637 forcipe
1537 4581 1798 4640 acceperat
1841 4573 1904 4624 de
1932 4571 2108 4638 altari,
2137 4581 2186 4627 et

613 4647 772 4715 tetigit
796 4663 852 4702 os
878 4665 1064 4715 meum,
1095 4661 1142 4705 et
1161 4653 1332 4708 dixit:
1366 4655 1496 4710 Ecce
1524 4659 1685 4730 tetigit
1708 4650 1802 4714 hoc
1822 4659 1961 4713 labia
1985 4672 2102 4723 tua.
2135 4670 2185 4715 et

613 4741 678 4792 ait
695 4755 714 4793 :
735 4737 866 4794 Ecce
885 4743 1070 4797 abstuli
1099 4746 1384 4816 iniquitates
1399 4760 1531 4814 tuas,
1551 4760 1596 4805 et
1623 4755 1830 4820 peccata
1855 4759 1943 4806 tua
1967 4755 2189 4808 circum-

611 4836 822 4902 purgaui
869 4829 1022 4905 (lsai.
1052 4853 1122 4902 \'I,
1145 4831 1194 4903 6,
1225 4839 1300 4908 7).
1347 4840 1496 4907 Quod
1527 4857 1666 4898 nunc
1695 4841 1956 4900 beneﬁcio
1984 4859 2096 4899 sant
2116 4853 2186 4899 tre

613 4927 785 4980 crucis
809 4919 1058 4994 efficitur,
1090 4932 1301 4996 quando
1321 4933 1458 4987 labia
1500 4944 1680 4988 nostra
1708 4933 1912 4991 Domini
1931 4936 2184 4993 recorda-

613 5015 758 5070 tione
780 5019 1072 5088 siguamus.
1091 5019 1195 5075 Nec
1220 5023 1486 5078 immerito
1523 5015 1746 5080 forsitan
1774 5027 1981 5096 signum
2011 5029 2188 5083 crucis

614 5101 994 5164 desolatorium
1021 5105 1249 5167 dicimtis
1277 5126 1400 5170 esse
1457 5116 1766 5181 carbonem,
1801 5118 2014 5188 quando
2041 5118 2190 5189 fugat

615 5198 828 5269 peccata
860 5203 1214 5266 credentium,
1234 5219 1354 5259 cum
1386 5215 1560 5262 tamen
1587 5199 1805 5278 perlldis
1829 5205 2072 5262 videatur
2085 5221 2185 5262 ex-

613 5289 892 5344 stinetum.

688 5368 843 5439 Vera.
879 5381 932 5435 5.
959 5379 1076 5437 Heu
1103 5385 1213 5438 me!
1240 5387 1377 5456 quod
1397 5384 1647 5444 iucolatus
1673 5401 1814 5444 meus
1852 5388 2184 5460 prolongata:

613 5477 718 5526 est:
742 5470 969 5527 habitavi
988 5491 1101 5528 cum
1125 5472 1461 5533 habitantibus
1493 5479 1677 5535 Cedat.
1715 5479 1869 5536 Venit
1893 5479 1958 5534 ad
1994 5493 2184 5534 secun-

613 5555 735 5619 dam
763 5575 989 5635 partem,
1045 5568 1131 5622 ubi
1183 5570 1438 5626 da-uttans
1497 5573 1676 5628 razculi
1733 5571 1884 5634 vitia,
1928 5573 2088 5625 vitam
2126 5583 2185 5624 se

613 5658 840 5726 penitet
865 5659 1063 5715 habere
1084 5661 1442 5731 longinquam.
1476 5663 1584 5718 Ileu
1621 5680 1722 5727 me,
1743 5677 1923 5717 sermo
1950 5661 2182 5715 dolentis

616 5760 724 5818 est,
750 5754 888 5822 quod
927 5753 1082 5824 hujus
1138 5755 1317 5809 mundi
1374 5755 1674 5822 prolixitate
1704 5756 1974 5823 fatigetur.
2004 5754 2179 5820 Quam

2285 3191 2374 3262 qui
2395 3190 2613 3246 oderunt
2632 3208 2827 3263 pacem.
2849 3186 3063 3264 Repetit
3083 3207 3204 3248 cum
3231 3193 3409 3248 dolore
3427 3206 3560 3262 quem
3576 3189 3752 3257 superius

2289 3284 2498 3341 dixerat
2542 3283 2864 3351 ineolatum;
2891 3296 2947 3340 ut
2973 3301 3082 3342 non
3123 3287 3295 3342 solum
3323 3287 3512 3356 longus,
3545 3283 3620 3338 sed
3640 3281 3753 3336 etiam

2288 3375 2464 3446 gravis
2493 3388 2612 3430 esse
2643 3377 2938 3432 videretur.
2976 3375 3042 3430 Et
3086 3391 3154 3432 ne
3185 3376 3336 3432 istam
3371 3372 3754 3444 peregrinationem

2289 3464 2533 3534 corporis
2581 3473 2783 3520 tantum
2839 3466 3006 3521 fuisse
3050 3463 3596 3536 judicares,sdjunsit,
3626 3460 3754 3513 Attius

2290 3571 2402 3609 mea
2427 3570 2446 3609 :
2474 3556 2598 3623 quia
2639 3563 2942 3610 sanctorum
2985 3570 3140 3610 mens
3185 3555 3271 3610 hie
3299 3554 3482 3625 patitur
3523 3548 3753 3606 incolatutn.
3805 3577 3815 3588 ο

2287 3647 2379 3704 ubi
2407 3649 2509 3704 sub
2549 3647 2687 3703 nulla
2716 3647 3072 3704 delectatione
3101 3648 3342 3706 habitare
3366 3644 3662 3717 cognoscitur.
3685 3639 3754 3695 Se-

2287 3741 2468 3812 quitur
2511 3755 2671 3796 causa
2708 3740 2995 3810 durissima
3031 3756 3130 3798 cur
3171 3743 3272 3798 iste
3324 3741 3556 3796 incolatus
3591 3732 3754 3788 acerbus

2287 3833 2550 3888 existeret
2576 3872 2594 3900 ,
2626 3841 2684 3886 ut
2729 3832 2842 3902 ipse
2869 3833 3076 3902 patiens
3113 3843 3167 3890 et
3202 3832 3450 3902 benignus
3472 3843 3571 3884 cum
3596 3821 3752 3878 rixanti-

2288 3919 2390 3978 bus
2415 3931 2470 3978 et
2502 3922 2752 3978 haeretica
2799 3925 3062 3993 pravitate
3109 3924 3347 3983 distortis
3399 3923 3444 3975 iu
3493 3921 3574 3973 hoc
3609 3909 3752 3968 mundo

2289 4013 2530 4071 habitare
2555 4009 2847 4077 videretur.
2868 4015 2959 4071 llle
2979 4017 3124 4071 enim
3153 4017 3258 4070 odit
3284 4030 3447 4084 pacem
3466 4011 3540 4081 qui
3564 4009 3756 4062 nonam!

2287 4104 2580 4175 Christum,
2631 4107 2755 4176 quia
2805 4107 2920 4176 ipse
2964 4122 3066 4177 pax
3119 4115 3300 4161 nostra
3337 4118 3448 4159 esse
3490 4093 3756 4190 dignostitur,

2288 4199 2430 4256 sicut
2458 4199 2587 4256 dicit
2612 4199 2900 4270 Apostolus
2938 4217 2953 4254 :
2987 4197 3107 4268 Ipse
3142 4209 3215 4252 est
3235 4198 3362 4252 enim
3399 4208 3492 4265 pars
3524 4195 3757 4281 nostra,

2287 4289 2407 4357 fecit
2430 4299 2644 4360 utraque
2661 4308 2818 4345 unum
2841 4290 3058 4362 (Ep/tes.
3081 4305 3139 4355 tt,
3163 4289 3272 4358 Η).
3307 4281 3367 4342 Et
3389 4283 3526 4356 quale
3543 4287 3608 4334 est
3624 4273 3758 4329 audire

2292 4381 2440 4434 illum
2471 4382 2853 4451 blasphemari,
2883 4382 2968 4438 cui
2997 4381 3180 4438 humili
3210 4392 3414 4449 semper
3439 4373 3652 4429 debemus
3674 4378 3756 4418 OI'J'

2291 4475 2436 4525 tione
2464 4473 2766 4540 prosterni?
2951 4549 2957 4554 _
3610 4539 3628 4554 ,

2317 4630 2320 4632 γ
2363 4561 2516 4617 Vera.
2549 4563 2600 4614 7.
2629 4561 2782 4616 Eram
2811 4549 3087 4629 paciﬁcus;
3117 4577 3232 4616 cum
3267 4555 3490 4628 loquebar
3514 4545 3756 4641 illis:

2290 4656 2514 4724 gnabaut
2541 4671 2619 4710 me
2639 4657 2821 4725 gratis.
2854 4655 2956 4721 Qui
2989 4656 3234 4723 superius
3272 4654 3488 4707 dixerat:
3526 4639 3668 4697 Incola
3692 4635 3756 4698 ll“

2290 4749 2464 4802 animo
2493 4761 2625 4812 mea,
2650 4751 2764 4802 cum
2795 4749 2873 4802 his
2901 4749 2988 4818 qui
3013 4748 3229 4802 oderunt
3265 4756 3458 4818 pacem:
3476 4753 3534 4794 ne
3555 4736 3755 4807 putaretur

2293 4841 2460 4895 iratus
2527 4851 2618 4894 aut
2685 4825 2952 4908 aliquibus
3012 4835 3448 4921 contentionibus
3480 4825 3754 4921 turbulentus.

2295 4931 2518 4994 addidit,
2546 4948 2684 4986 cram
2713 4933 2982 5002 pacificus,
3009 4947 3130 4986 cum
3178 4929 3318 4999 paris
3362 4910 3754 5008 εοζιίιιριίιιίηιῑςίεο

2291 5038 2411 5080 cum
2434 5023 2755 5078 adversariis
2785 5024 2919 5088 suis,
2952 5037 3073 5077 cum
3119 5021 3240 5076 odio
3277 5031 3334 5072 se
3362 5007 3661 5102 habentibus,

2291 5115 2442 5184 piens
2468 5114 2596 5168 illud
2627 5115 2768 5184 quod
2797 5086 2997 5168 dictum
3034 5118 3114 5169 est
3157 5126 3248 5180 pct'
3275 5099 3555 5177 Apostolutn
3583 5086 3754 5155 :Siﬁm‘

2289 5183 2480 5276 potest,
2503 5206 2642 5276 quod
2665 5220 2726 5287 ea;
2743 5197 2880 5259 vobis
2907 5214 2981 5258 est
2999 5244 3015 5271 ,
3043 5221 3158 5257 cum
3186 5200 3404 5256 omnibus
3438 5183 3754 5287 hoflillli’"_':

2290 5313 2396 5350 cem
2417 5296 2656 5352 habentes
2675 5280 2856 5366 (Rom.
2889 5307 2990 5361 xtl,
3016 5296 3128 5366 18).
3155 5292 3344 5350 Deinde
3364 5291 3468 5357 iise
3496 5279 3751 5366 Domum

2268 5373 2576 5456 oEvangelio
2603 5361 2715 5442 ait:
2751 5378 2960 5457 Diligite
2987 5361 3215 5440 inimicos
3243 5389 3446 5439 uestros,
3472 5361 3752 5457 bene/atii“?

2287 5477 2377 5548 qui
2403 5451 2619 5532 oderunt
2648 5493 2737 5533 vos
2777 5451 2990 5548 (Matth-
3021 5493 3072 5544 ν,
3107 5473 3217 5544 “i-
3247 5469 3371 5540 Qum
3413 5471 3591 5521 summa
3614 5451 3752 5555 η’ίἯη

2289 5578 2370 5625 cst
2391 5571 2573 5638 utique
2602 5547 2914 5638 Christiani,
2942 5571 3081 5626 inter
3110 5559 3394 5624 turbulenta
3435 5547 3663 5626 praesentis

2287 5662 2391 5715 culi
2423 5675 2640 5730 semper
2690 5662 3005 5732 placabilem
3055 5658 3293 5732 reperiri.
3351 5647 3667 5706 Verumtamen
3705 5633 3752 5732 Ito

2289 5751 2402 5820 ipsa
2424 5769 2526 5821 pix
2550 5729 2712 5808 noxia
2747 5753 3017 5810 videretur
3063 5729 3368 5810 errantibus,
3412 5742 3522 5795 dum
3551 5743 3635 5785 non
3665 5729 3750 5790 ναν
