4032 6340
271 361 377 423 905
1185 367 1547 430 nxrosmo
1584 369 1652 428 IN
1692 356 2149 428 Psamnmuu.
2195 368 2389 426 PSAL.
2431 368 2593 427 c-xx.
3438 358 3541 423 vos

270 481 581 538 biberentur
618 496 650 538 a
677 478 854 552 malis,
898 483 1172 556 subiunxit
1220 503 1234 543 :
1280 486 1408 543 Cum
1437 468 1681 558 loquebar
1711 485 1814 540 illis
1834 524 1849 552 ,
1879 485 1934 546 Α
1971 493 2284 539 tractemus.
2316 485 2571 553 Quamvis
2601 493 2742 540 esset
2770 482 2823 537 in
2854 481 3090 538 secundo
3119 481 3285 552 gradu
3309 481 3419 552 jam
3451 497 3548 553 po.

269 573 638 645 impugnabant
678 591 757 631 me
783 579 966 647 gratis.
1017 577 1341 648 Laquébatur
1391 579 1534 636 enim
1581 579 1848 650 paciﬁcus,
1960 575 2118 643 situs,
2150 578 2407 633 festinans
2457 586 2636 632 tamen
2695 575 2882 631 altiora
2937 576 3332 641 conscendere,
3367 579 3544 631 oculos

270 682 378 724 non
407 682 756 740 persequens,
786 685 891 726 non
933 671 1213 742 injurians,
1247 673 1344 730 sed
1374 672 1649 728 honorans
1674 670 1856 726 verbis
1960 680 2088 722 suos
2109 667 2368 738 propheta
2399 683 2458 723 se
2483 668 2675 722 levasse
2702 667 2830 722 dicit
2875 666 2942 719 ad
2980 677 3209 735 mentes,
3256 677 3314 720 ut
3363 677 3547 722 osten-

273 763 456 832 utique
482 762 848 820 blandissimis
873 774 926 820 et
956 765 1274 821 suavissimo
1304 765 1501 836 poculo
1533 779 1855 836 comparan—
1962 762 2113 818 deret
2140 772 2287 820 tanto
2319 764 2437 834 plus
2484 762 2781 818 desiderari
2811 761 3030 832 praemia
3073 762 3307 827 Domini,
3340 771 3540 831 quanta

271 852 372 907 dis.
409 852 515 909 Sed
538 852 616 909 illi
645 853 739 925 qui
767 863 922 911 erant
947 855 1216 912 obstinata
1248 866 1428 912 mente
1453 857 1648 924 durati,
1679 857 1857 924 impu-
1963 855 2254 924 probantur
2285 855 2530 926 largitate
2567 853 2812 920 concedi,
2846 853 2981 909 sicut
3026 855 3078 909 in
3124 853 3420 909 centesimo
3449 853 3546 908 de-

271 945 495 1017 gnabant
519 948 679 1018 gratis
704 949 856 1018 quasi
889 949 1186 1017 inimicum,
1232 949 1384 1020 quasi
1433 951 1669 1015 hostem,
1700 947 1857 1019 quasi
1963 950 2102 1006 cimo
2133 961 2321 1006 octavo
2347 949 2554 1022 psalmo
2585 951 2723 1004 inter
2766 948 2868 1002 alia
2911 947 3113 1003 dictum
3140 957 3250 1002 est:
3283 946 3545 1017 Concupi-

274 1039 415 1096 male
446 1042 784 1098 suadentem.
817 1043 1134 1116 Impugnarc
1171 1044 1314 1101 enim
1338 1059 1369 1099 a
1411 1059 1588 1116 pugna
1629 1052 1862 1100 tractum
1964 1047 2031 1098 vit
2058 1045 2233 1098 anima
2271 1061 2383 1099 mea
2421 1043 2713 1099 desiderare
2750 1023 3146 1112 justiﬁcationes
3182 1049 3292 1092 tuas
3324 1040 3376 1093 in
3407 1040 3551 1093 omni

274 1136 540 1205 est,quod
567 1137 784 1194 furiosis
806 1154 992 1195 revera
1023 1139 1275 1195 convenit
1300 1147 1356 1195 et
1375 1139 1643 1208 superbis.
1675 1137 1862 1206 lmpu-
1973 1146 2195 1209 tempore
2242 1137 2413 1208 (Psal.
2462 1151 2650 1202 cxvru,
2681 1133 2797 1204 20).
2845 1133 2910 1187 Et
2942 1133 2994 1186 in
3025 1132 3355 1200 octogesimo
3387 1132 3547 1187 tertio

274 1229 526 1299 gnabatur
548 1232 729 1302 gratis,
763 1231 889 1286 dum
912 1232 1286 1288 contentiones
1316 1231 1629 1287 falsissimas
1653 1229 1862 1286 inﬁam-
1966 1228 2171 1297 psalmo
2199 1227 2427 1297 positum
2457 1235 2541 1282 est
2572 1243 2584 1280 :
2611 1225 2938 1295 Concupiscit
2969 1231 3014 1276 et
3038 1222 3210 1290 deﬁcit
3231 1224 3406 1275 anima
3434 1240 3550 1276 utea

273 1331 416 1376 mata
440 1321 722 1394 iniquitate
752 1333 1044 1394 pateretur.
1073 1323 1245 1379 Gratis
1261 1325 1404 1380 enim
1433 1323 1681 1390 dicimus,
1715 1321 1859 1393 quod
1966 1320 2018 1373 in
2039 1321 2174 1373 atria
2202 1319 2409 1374 Domini
2432 1317 2604 1388 (Psal.
2663 1331 2883 1383 Lxxxm,
2931 1313 3009 1385 5).
3065 1313 3196 1367 Nam
3245 1329 3365 1367 cum
3397 1313 3550 1381 dicit,

275 1415 436 1470 nullis
463 1416 637 1487 culpis
669 1418 1098 1486 praecedentibus
1140 1418 1492 1486 sustinemus,
1530 1417 1626 1472 sed
1667 1415 1780 1472 sola
1809 1415 1862 1470 in
1966 1412 2498 1481 Lcravi,ostenditse
2520 1411 2585 1466 ad
2599 1409 3108 1480 contemplationem
3130 1408 3362 1477 aliquam
3385 1408 3554 1462 fuisse

275 1509 432 1565 nobis
451 1509 682 1566 nefanda
712 1511 986 1568 voluntate
1016 1521 1312 1583 grassatur.
1342 1512 1448 1582 Ipsi
1484 1519 1610 1566 sunt
1644 1509 1789 1565 enim
1832 1523 1864 1564 a
1966 1520 2300 1582 provectum.
2331 1510 2525 1565 Levare
2555 1510 2697 1566 enim
2730 1518 2813 1564 est
2840 1507 3038 1578 aliquid
3062 1507 3128 1561 ad
3156 1506 3345 1560 altiora
3375 1513 3553 1558 trans~

278 1602 468 1670 quibus
515 1617 576 1659 se
631 1605 784 1675 petiit
819 1605 1019 1661 debere
1068 1605 1308 1673 liberari,
1363 1605 1432 1663 de
1460 1606 1656 1677 quibus
1682 1605 1794 1660 ait:
1821 1603 1866 1658 Α
1968 1607 2129 1665 ferre.
2167 1608 2356 1662 Oculos
2386 1622 2545 1671 meos,
2573 1605 2757 1674 utique
2785 1603 2966 1658 cordis
2985 1608 3296 1670 aspectum;
3330 1599 3398 1653 de
3426 1596 3550 1667 qui—

278 1692 427 1748 iabiis
451 1694 639 1765 iniquis
683 1706 728 1751 et
748 1712 778 1752 a
800 1696 979 1767 lingua
1009 1697 1210 1752 dolosa.
1806 1757 1808 1760 ,
1967 1699 2066 1754 bus
2094 1698 2352 1768 scriptum
2383 1705 2507 1753 est:
2535 1695 2722 1751 Revela
2763 1695 2938 1748 oculos
2963 1707 3124 1758 meos,
3147 1700 3192 1746 et
3218 1689 3552 1744 considerabo

811 1809 1082 1868 Conclusio
1121 1812 1327 1881 ρεαιηιί,
1894 1873 1941 1881 _
1968 1789 2231 1844 mirabilia
2259 1790 2321 1844 de
2345 1790 2454 1862 lege
2477 1797 2565 1842 tua
2587 1785 2764 1856 (Psal.
2790 1801 2973 1853 cxvm,
2997 1784 3120 1854 f8);
3153 1790 3206 1838 et
3233 1781 3385 1849 illud,
3410 1777 3561 1835 Prte-

1894 1873 1946 1935 Β
1972 1889 2173 1950 ceptum
2193 1878 2398 1933 Domini
2420 1878 2680 1944 lucidum,
2708 1874 3011 1929 illuminans
3042 1872 3219 1928 oculos
3253 1871 3367 1943 (Ps.
3401 1884 3558 1937 xvm,

1971 1972 2050 2044 9).
2086 1971 2218 2026 Nam
2254 1973 2300 2027 si
2340 1970 2472 2027 istos
2521 1968 2766 2025 carnales
2795 1967 3062 2034 advertas,
3113 1964 3240 2035 quid
3291 1963 3560 2034 potuisset

1970 2063 2097 2130 inde
2125 2063 2407 2133 proﬁcere,
2444 2062 2491 2117 si
2544 2068 2737 2115 montes
2780 2057 3019 2114 consitos
3074 2057 3229 2111 silvis
3278 2063 3370 2108 aut
3410 2052 3559 2107 saxis

1972 2153 2343 2223 squalentibus
2373 2153 2627 2223 elegisset
2677 2148 2999 2206 intendere?
3027 2147 3133 2204 Sed
3172 2147 3273 2201 hoc
3303 2149 3347 2201 si
3399 2145 3562 2214 spiri-

1973 2249 2191 2304 tnaliter
2217 2247 2482 2319 inquiras,
2530 2245 2749 2302 omnino
2802 2243 3099 2315 proﬁcuum
3130 2249 3240 2307 est;
3285 2250 3344 2295 ut
3384 2239 3563 2293 oculos

1975 2342 2153 2400 cordis
2185 2341 2293 2408 sui,
2322 2341 2437 2396 sive
2466 2339 2534 2395 ad
2583 2346 2800 2394 sanctos
2829 2337 2992 2404 viros,
3026 2336 3138 2390 sive
3168 2333 3234 2387 ad
3267 2333 3433 2388 libros
3479 2331 3563 2386 di~

1978 2437 2159 2502 vinos,
2193 2435 2307 2489 sive
2338 2431 2406 2487 ad
2433 2431 2692 2488 sublimes
2730 2429 2948 2499 angelos
2993 2426 3244 2483 credatur
3291 2425 3557 2492 clevasse,

1974 2523 2065 2590 qui
2105 2520 2470 2593 magnitudine
2515 2527 2570 2576 et
2600 2519 2848 2574 ﬁrmitate
2895 2532 2993 2572 sua
3022 2531 3151 2571 vere
3176 2523 3372 2568 montes
3411 2520 3559 2579 sunt,

354 2612 506 2669 Sicut
531 2613 664 2669 nihil
694 2623 775 2670 est
802 2615 926 2672 novi
957 2617 1100 2687 Quod
1128 2617 1194 2673 de
1224 2618 1342 2674 istis
1375 2618 1541 2674 titulis
1571 2618 1713 2690 loqui
1746 2631 1873 2689 pos-
1975 2617 2117 2674 unde
2145 2615 2308 2672 etiam
2338 2621 2652 2684 competens
2671 2595 3037 2668 sustinebatur
3059 2608 3336 2664 auxilium.
3359 2604 3465 2661 Sed
3494 2617 3564 2657 ne

284 2704 471 2773 simus,
504 2704 575 2759 ita
623 2713 871 2776 superest
928 2718 986 2763 ut
1030 2708 1097 2763 de
1139 2709 1366 2779 psalmis
1400 2709 1660 2781 gradatim
1683 2724 1872 2765 ascen-
1977 2709 2201 2766 forsitan
2232 2723 2381 2779 spem
2409 2717 2650 2764 nostram
2684 2706 2736 2760 in
2766 2705 3019 2759 montibus
3050 2715 3378 2773 poneremus
3421 2713 3562 2772 prm-

285 2794 532 2852 dentibus
560 2798 747 2855 dicere
776 2799 1090 2857 debeamus.
1138 2801 1318 2857 l’rimo
1347 2802 1489 2858 enim
1537 2803 1591 2858 in
1645 2802 1873 2858 tribula-
1978 2806 2157 2871 dictis,
2185 2803 2453 2860 secundus
2483 2816 2674 2858 versus
2727 2798 2962 2855 ostendit
3013 2797 3154 2852 unde
3203 2795 3358 2850 nobis
3408 2806 3564 2848 vera-

285 2888 430 2944 tione
452 2891 660 2961 positus
691 2892 971 2963 prOpheta,
1003 2894 1068 2949 ad
1094 2894 1398 2964 exemplum
1431 2895 1696 2967 publicani
1729 2895 1874 2952 illius
1978 2899 2112 2954 citer
2141 2898 2312 2951 venire
2343 2896 2513 2966 possit
2545 2894 2795 2949 auxilium
2819 2908 2838 2947 :
2867 2891 3090 2948 salutari
3127 2889 3315 2946 ordine
3370 2896 3564 2943 cuncta

284 2981 379 3048 qui
406 2993 587 3051 ,tunso
645 2996 862 3073 pectore
915 2987 1101 3043 oculos
1149 2989 1364 3045 elevare
1411 3003 1518 3044 non
1549 2989 1782 3045 audebat
1808 2989 1875 3045 ad
1978 2991 2293 3061 disponens,
2352 2997 2614 3058 quatenus
2670 2986 2751 3042 sic
2803 2992 3050 3056 speretur
3088 2984 3144 3037 in
3195 2981 3473 3046 montibus,
3506 2986 3565 3034 ut

285 3074 503 3143 emtum,
537 3077 772 3134 liberare
796 3093 854 3135 se
881 3081 1076 3152 petita
1105 3081 1264 3138 labiis
1297 3081 1498 3152 iniquis
1526 3091 1581 3138 et
1620 3099 1649 3137 a
1696 3082 1873 3153 lingua
1982 3095 2161 3142 tamen
2189 3100 2284 3155 per
2322 3084 2442 3141 illos
2480 3083 2735 3138 auxilium
2784 3082 2939 3138 nobis
2984 3080 3266 3136 Dominum
3306 3088 3566 3148 praestare

287 3163 499 3220 dolosa.
530 3166 679 3224 Nunc
697 3178 874 3226 autem
911 3171 1184 3242 reSpirans
1224 3173 1293 3227 ad
1320 3172 1616 3228 secundum
1648 3173 1874 3243 gradum
1983 3191 2289 3243 noscamus,
2317 3191 2346 3230 a
2387 3191 2492 3246 quo
2519 3185 2603 3232 est
2631 3174 2994 3231 necessarium
3026 3172 3348 3228 beneﬁcium
3379 3182 3432 3226 et
3472 3186 3566 3226 sa~

289 3267 607 3360 Ρτονεξςὶιυει
637 3259 823 3316 000105
871 3260 1066 3317 levaVit
1092 3263 1158 3318 ad
1187 3272 1425 3360 mOEleS.
1452 3264 1520 3319 ad
1550 3265 1876 3322 intercesso-
1904 3264 1953 3329 C
1983 3273 2158 3330 lutare
2209 3271 2538 3343 praesidium,
2600 3268 2915 3325 inconvulsa
2943 3267 3192 3331 felicitas,
3247 3264 3387 3320 sicut
3437 3263 3569 3318 dicit

289 3360 384 3403 res
410 3353 591 3420 utique
638 3361 878 3421 sanctos,
929 3368 1154 3424 quorum
1206 3353 1463 3424 suffragio
1517 3369 1740 3412 munera
1790 3371 1880 3411 su-
1985 3362 2521 3438 ApostoluszNeque
2547 3362 2637 3433 qui
2690 3361 2889 3429 plantat
2920 3367 2994 3414 est
3025 3358 3246 3427 aliquid,
3291 3371 3451 3428 neque
3479 3356 3570 3425 qui
3638 3375 3640 3378 τ

291 3453 462 3509 perna
494 3452 814 3498 mereretur.
849 3444 960 3499 Hoc
990 3445 1132 3501 enim
1163 3461 1229 3504 ex
1256 3461 1490 3516 persona
1515 3463 1612 3504 sua
1642 3449 1881 3519 loquitur
1983 3459 2160 3530 rigat,‘
2203 3457 2292 3512 sed
2317 3457 2403 3527 qui
2429 3457 2796 3509 incrementum
2821 3454 2941 3519 dat,
2965 3449 3105 3505 Deus
3129 3451 3146 3520 (
3167 3448 3194 3502 1
3219 3447 3340 3502 Cor.
3373 3464 3459 3514 ιιι,
3488 3446 3568 3516 '7).

297 3531 582 3602 propheta,
614 3535 704 3605 qui
735 3544 912 3592 tamen
940 3544 996 3593 et
1023 3535 1139 3607 ipse
1170 3552 1327 3595 mons
1347 3547 1467 3595 erat
1494 3547 1548 3596 et
1574 3539 1880 3610 patriarcha
1986 3551 2056 3608 Et
2075 3564 2144 3604 ne
2168 3558 2386 3620 putares
2409 3547 2634 3601 alterum
2657 3544 2970 3610 Dominum,
3002 3541 3252 3611 quoniam
3277 3538 3377 3593 hoc
3405 3536 3573 3605 aequi-

298 3624 582 3682 mirabilis.
622 3627 728 3684 Sed
781 3629 901 3685 ideo
959 3646 1054 3701 per
1082 3633 1214 3687 istos
1267 3633 1470 3704 gradus
1511 3643 1882 3704 competenter
1985 3656 2178 3697 vocum
2206 3653 2401 3694 nomen
2432 3647 2535 3704 est,
2577 3636 2730 3700 dicit,
2780 3635 2868 3705 qui
2893 3633 3014 3704 fecit
3059 3632 3239 3686 calum
3278 3639 3327 3683 et
3354 3639 3572 3684 terram:

296 3718 612 3775 ascendisse
653 3734 714 3776 se
759 3721 962 3792 retulit,
997 3731 1055 3777 ut
1099 3724 1253 3778 nobis
1297 3725 1665 3793 ignorantibus
1719 3725 1884 3782 coele-
1987 3731 2295 3804 signiﬁcans
2317 3730 2571 3795 Verbum,
2603 3743 2701 3798 per
2722 3727 2864 3797 Quod
2887 3726 3024 3780 facta
3050 3723 3398 3779 sunlomnia-

354 1921 519 1979 Vides
545 1923 860 1994 prophetam
895 1932 1104 1981 terrena
1128 1925 1491 1993 deserentem,
1519 1923 1630 1996 jam
1680 1933 1868 1980 tenere

279 2013 526 2086 gloriosa:
548 2015 758 2071 virtutis
781 2030 1093 2082 ascensum;
1119 2017 1213 2073 sed
1237 2025 1415 2072 tamen
1436 2016 1613 2072 adhuc
1626 2031 1864 2086 gemere,

280 2113 422 2178 quod
452 2124 574 2166 cum
606 2109 762 2166 malis
798 2123 858 2166 se
883 2110 1162 2180 cognoscit
1205 2109 1472 2167 habitare.
1524 2110 1870 2180 Quapropter

280 2199 560 2257 videamus
601 2217 690 2273 qui
741 2201 812 2257 sit
856 2211 1142 2272 provectus
1187 2203 1410 2259 secundi
1461 2202 1695 2273 gradus,
1744 2202 1870 2274 quia

286 2292 443 2350 nobis
476 2293 587 2364 jam
625 2295 850 2365 primus,
876 2295 1106 2353 Domino
1131 2296 1376 2367 juvante,
1406 2303 1736 2354 monstratus
1763 2305 1867 2353 est.

674 2407 832 2480 (.31
872 2407 1192 2466 PSALMUS
1238 2407 1402 2465 cxx.

780 2499 1047 2556 Canticum
1073 2503 1352 2574 graduum.

294 3809 462 3864 stium
491 3810 743 3868 virtutum
764 3828 961 3883 genera
992 3813 1246 3872 distincta
1289 3815 1422 3888 [ed.,
1456 3815 1720 3889 districta]
1759 3832 1867 3874 nar-

2058 3823 2216 3878 Vcrs.
2241 3824 2293 3878 5.
2321 3821 2444 3876 Non
2466 3821 2548 3874 det
2578 3820 2633 3873 in
2653 3820 3043 3873 commotionem
3077 3817 3256 3887 pedem
3280 3827 3451 3881 tttum,
3480 3831 3574 3867 nc-

296 3906 508 3962 ratione
542 3915 884 3965 monstraret.
1988 3931 2086 3988 que
2115 3916 2354 3968 dormitet
2388 3912 2475 3983 qui
2506 3912 2724 3965 custodit
2757 3921 2823 3964 te.
2853 3909 2985 3965 Cum
3015 3908 3260 3978 superius
3291 3921 3320 3960 a
3351 3906 3578 3960 Domino

875 4020 1072 4078 Divisio
1105 4024 1313 4095 psalmi.
1990 4009 2095 4065 sibi
2123 4008 2309 4064 venire
2338 4005 2645 4077 prmsidium
2691 4005 3034 4074 postulasset,
3067 4000 3244 4055 subito
3283 4014 3579 4054 conversus

375 4129 638 4203 Pmpheta
672 4134 840 4206 (sicut
867 4133 1125 4207 diximus)
1153 4137 1220 4192 ad
1264 4137 1541 4195 caelestem
1585 4138 1886 4197 Jerusalem
1991 4106 2187 4207 animi”
2225 4117 2336 4207 SE”:
2389 4099 2644 4170 loquimr’
2675 4103 2761 4167 {ut
2804 4098 2862 4207 in
2893 4095 3112 4197 sanitati
3156 4095 3575 4207 Dammae?"-

299 4222 484 4280 divina
512 4184 755 4298 largitate
781 4184 1165 4297 conscendetis,
1197 4230 1376 4301 primo
1404 4233 1646 4288 membro
1678 4232 1744 4288 ad
1765 4184 1888 4288 san-
1992 4196 2155 4255 smmi
2193 4194 2398 4298 ,mbore
2419 4197 2756 4294 Ῡθῖδθγθιίθι
2797 4187 2912 4290 Pes.
2931 4187 3072 4301 81.1"“
3101 4194 3186 4241 εει
3231 4200 3354 4255 pars
3388 4184 3577 4238 “mm

478 4279 482 4280 ν
785 4279 1165 4297 --_-_--___-__,
1198 4279 1370 4301 τμη--
1404 4279 1643 4288 ----._---
1678 4279 1744 4288 η.
1765 4279 1861 4288 -_..

299 4325 510 4373 ctorum
539 4321 730 4377 merita
761 4321 1002 4380 elcvasse
1030 4338 1089 4380 se
1115 4324 1245 4380 dicit
1271 4325 1456 4382 oculos
1502 4340 1631 4382 suos
1649 4367 1663 4393 ,
1688 4335 1748 4382 ut
1799 4341 1867 4382 eo

1991 4287 2236 4359 corporis
2266 4283 2456 4350 nostri,
2490 4280 2718 4352 imperio
2749 4280 2944 4336 mentis
2973 4279 3210 4334 locorum
3241 4291 3338 4332 nos
3364 4291 3580 4346 permu-

1999 4391 2008 4393 ᾼ
2056 4383 2086 4393 Δι
2226 4388 2238 4393 Α
2355 4392 2430 4393 ,,,
2496 4389 2579 4393 μη-
2642 4375 2660 4393 ι
2687 4375 2708 4393 .I
2751 4374 2894 4393 __-!-_-
2941 4371 3342 4393 -:__-:l:._-.|:---_...
3377 4369 3544 4393 --.η-2ο..

301 4421 427 4462 tum
452 4411 697 4478 precibus
745 4414 943 4470 auxilia
985 4417 1255 4484 postulata
1285 4371 1890 4488 Inererctur:;]g'm;;s
1993 4383 2194 4486 talione
2223 4388 2602 4453 transponens.
2630 4375 2713 4430 Ad
2743 4374 2897 4488 cujus
2937 4371 3345 4428 similitudinem
3372 4371 3580 4471 cogita-

303 4499 474 4569 ipsius
505 4501 686 4558 hostili
741 4467 1141 4577 impugnarlione
1187 4467 1608 4566 succumbere,"
1641 4467 1891 4568 εξοωξδδ
1995 4475 2169 4577 tiones
2199 4485 2413 4577 quoque
2447 4478 2660 4525 nostras
2706 4467 2869 4536 pedes
2901 4480 3314 4577 vocamusi'pcr
3355 4477 3486 4532 quas
3526 4467 3584 4515 in

304 4592 494 4648 ordine
537 4557 918 4652 indubitanter?
941 4599 1042 4652 sibi
1072 4600 1352 4668 promittit,
1385 4603 1527 4670 quod
1569 4618 1630 4659 se
1685 4605 1895 4674 integre
1921 4567 2166 4674 “lamas
2220 4565 2495 4674 ¹ξ¹³¹²ἷ⁵ίξξ¹ίί
2541 4571 2720 4674 {mutas
2770 4560 3130 4674 accedimus]
3161 4557 3441 4674 "0:018?
3489 4568 3585 4674 pc:

305 4696 531 4744 noverat
553 4687 873 4760 postulasse,
895 4646 1101 4746 docensr
1116 4701 1174 4746 ut
1202 4646 1418 4763 quoties:
1436 4693 1572 4748 bona
1602 4646 1895 4751 ﬁxouco:de
1921 4661 1978 4720 Β
1999 4657 2117 4727 des’
2149 4657 2292 4760 ιξηαθ
2310 4665 2370 4763 ι
2390 4654 2634 4758 diaboms
2664 4655 2849 4763 lapsu?
2880 4661 2983 4718 es“
3025 4649 3166 4704 unde
3192 4649 3395 4718 primus
3419 4646 3582 4763 liomo

304 4737 818 4848 petimusfconcedi
856 4737 1015 4839 nobis
1055 4782 1174 4841 sine
1203 4737 1383 4855 aliqua
1412 4737 1894 4845 dubitationec-r‘e:
2001 4749 2228 4815 corrui"
2259 4746 2327 4803 ad
2354 4747 2783 4855 anilimfnfuem
2829 4742 3056 4813 loquens
3107 4747 3258 4810 optat
3298 4737 3582 4809 propheta,

304 4839 559 4930 damus,
1153 4839 1168 4841 ⁷
1213 4839 1216 4840 ν
1293 4839 1312 4855 ³
1357 4839 1383 4841 η
1420 4839 1744 4845 mem'
1783 4839 1864 4844 ἠ
2003 4858 2074 4905 ne
2100 4849 2442 4912 peccatorum
2473 4839 2831 4894 lubricatione
2857 4843 3152 4901 vertantur,
3172 4841 3226 4888 et
3254 4840 3433 4887 stante
3474 4847 3590 4886 cor-

2001 4949 2134 5006 pore
2164 4934 2374 4990 ruinam
2425 4933 2694 4988 sustinere
2742 4929 2984 4986 videatur
3027 4928 3079 4982 in
3116 4926 3296 4981 corde.
3344 4923 3451 4980 Sed
3483 4925 3585 4980 iste

1881 5081 1890 5090 .
2003 5029 2186 5098 lapsus
2227 5026 2389 5082 elatio
2443 5033 2543 5089 est,
2577 5039 2697 5094 qua:
2744 5022 2854 5093 jam
2904 5027 3191 5091 provectos
3230 5015 3458 5070 famulos
3491 5015 3589 5071 Dei

383 5101 538 5159 Vers.
566 5103 620 5160 1.
651 5103 835 5161 Levavi
863 5109 1037 5163 oculos
1059 5125 1193 5165 meos
1214 5111 1283 5164 ad
1314 5118 1546 5181 montes,
1574 5111 1711 5167 unde
1736 5110 1899 5167 veniet
2004 5119 2315 5191 frequenter
2339 5117 2570 5188 impellit
2601 5115 2671 5171 ad
2697 5115 2938 5182 culpam,
2971 5117 3026 5165 et
3059 5107 3184 5164 dum
3237 5107 3436 5180 aliquid
3486 5109 3592 5165 sibi

306 5193 449 5267 [θαι.
480 5198 671 5271 veniat]
703 5203 954 5257 auxilium
983 5203 1130 5258 mihi.
2011 5212 2261 5269 videntur
2283 5225 2424 5275 esse,
2476 5206 2711 5277 pessimo
2746 5202 2998 5259 labuntur
3050 5214 3258 5256 errore.
3313 5200 3590 5270 Sequitur,

385 5289 540 5346 Vers.
572 5291 628 5344 2.
660 5292 927 5348 Auxilium
957 5311 1124 5352 meum
1143 5296 1435 5367 aDomino,
1461 5299 1552 5369 qui
1576 5300 1694 5370 fecit
1716 5298 1899 5353 caelum
2012 5321 2171 5376 neque
2191 5303 2428 5358 dormitet
2455 5301 2544 5371 qui
2593 5298 2816 5354 custodit
2856 5305 2922 5350 te.
2957 5296 3069 5352 Hoc
3097 5295 3164 5351 ab
3202 5294 3434 5350 humana
3465 5311 3594 5350 con-

307 5393 357 5437 ct
383 5392 594 5440 terram.
620 5386 756 5442 Hinc
785 5389 1118 5460 eategoricus
1153 5390 1495 5461 syllogismus
1521 5391 1634 5446 fotu
1665 5376 1903 5462 quodam
2011 5397 2298 5456 suetudine
2343 5392 2661 5450 translatitia
2725 5391 2891 5462 ﬁgura
2944 5389 3157 5445 dicitur.
3211 5389 3396 5444 Solent
3449 5388 3595 5444 enim

310 5493 465 5535 more
495 5481 613 5536 avis
643 5481 944 5538 excluditur
968 5484 1042 5539 ita
1087 5502 1099 5537 :
1141 5483 1479 5555 Adjutorium
1530 5499 1708 5542 meum
1737 5499 1766 5538 a
1796 5484 1904 5538 Do-
2013 5489 2264 5545 custodes
2287 5486 2415 5542 fessi
2437 5484 2642 5542 furtum
2673 5484 2804 5552 pati,
2832 5482 3023 5551 quibus
3048 5480 3225 5551 gravis
3263 5494 3485 5536 somnus
3505 5480 3596 5535 ob-

311 5571 482 5638 Ιηίηο»
514 5574 602 5642 (illi
626 5572 752 5629 feeit
787 5575 984 5631 calum
1039 5587 1093 5632 ct
1125 5585 1344 5632 terram.
1389 5577 1574 5632 Omnis
1603 5576 1757 5647 cujus
1806 5575 1903 5630 ad-
2013 5581 2270 5653 repserit;
2290 5595 2386 5635 nec
2403 5576 2692 5634 luminibus
2718 5575 2914 5631 clausis
2929 5574 3107 5630 videre
3128 5581 3354 5643 queunt,
3381 5571 3594 5641 quando

310 5659 572 5733 iutorium
593 5679 622 5719 a
651 5665 879 5721 Domino
928 5675 1032 5733 est,
1060 5668 1149 5737 qui
1177 5667 1303 5724 fecit
1352 5669 1548 5725 caelum
1592 5678 1648 5724 et
1676 5678 1900 5738 terram,
2013 5675 2190 5744 gregis
2213 5672 2406 5727 damna
2433 5669 2731 5739 patiuntur.
2772 5667 3051 5724 Subtiliter
3079 5677 3258 5721 autem
3295 5671 3443 5733 optat
3473 5663 3593 5716 ani-

315 5767 349 5807 ιι
374 5774 500 5814 vero
528 5757 640 5815 Deo
658 5768 753 5815 est
781 5758 1107 5830 adjutorium
1151 5762 1289 5832 ejus.
1340 5762 1680 5834 Adjutorium
1740 5761 1904 5834 igitur
2013 5783 2116 5825 ma:
2142 5782 2275 5834 suae,
2304 5781 2373 5822 ne
2400 5764 2624 5821 Domino
2653 5764 2954 5835 negligeute
2985 5761 3163 5818 infesti
3190 5761 3356 5815 hostis
3386 5759 3595 5827 deprae-

314 5861 500 5914 meum
520 5861 554 5905 a
579 5862 709 5905 vero
724 5854 837 5907 Deo
861 5865 947 5912 est
969 5855 1314 5928 adjutorium.
1341 5858 1494 5918 Nunc
1516 5857 1683 5917 verba
1710 5855 1902 5942 psalmi
2013 5860 2228 5919 datione
2256 5867 2516 5918 vastetur.
2543 5855 2836 5914 Dormitare
2864 5864 3052 5913 autem
3083 5853 3283 5908 dicitur
3325 5847 3586 5909 Dominus

1945 5957 1980 5970 ν.

271 6007 296 6069 ί
332 6055 339 6061 _
600 5987 875 6054 Paeon.
907 5988 1105 6072 LXX,
1700 6051 1702 6053 .

3039 5989 3115 6056 29

852 4990 1120 5064 Expositio
1145 4993 1354 5064 psalmi.
