4032 6340
598 275 707 337 907

1832 274 1907 338 tt.
1947 280 2228 339 AURELll
2266 281 2658 343 CASSIODOltl
3686 311 3763 371 ωε

600 391 817 464 quando
842 406 943 451 nos
966 392 1020 452 in
1041 392 1157 466 ejus
1172 393 1276 452 ﬁde
1297 392 1653 466 tepescimus:
1680 393 1734 451 in
1763 410 1871 467 quo
1896 398 2039 453 enim
2072 413 2179 453 non
2212 404 2265 463 Α
2292 398 2537 457 dicturus
2590 409 2674 457 est
2710 416 2725 456 :
2760 399 2831 456 0s
2877 415 3051 459 eorum
3092 402 3308 463 locutum
3346 420 3413 467 est
3443 416 3693 491 vanitatem,
3729 436 3763 482 ει

600 486 801 546 dormit
830 486 979 559 ﬁdes,
1022 488 1205 560 vigilat
1248 486 1515 545 Christus.
1557 487 1693 544 Nam
1723 488 1769 547 si
1800 505 1900 547 nos
1951 491 2018 547 ab
2067 490 2185 561 ejus

600 578 1053 649 contemplatione
1081 579 1424 648 discedi-us,
1454 581 1574 651 ipse
1592 597 1803 654 quoque
1827 598 1859 638 a
1885 590 2069 639 nostra
2096 583 2186 640 de~

603 671 843 729 fensione
881 671 1237 741 subtrahitur,
1270 672 1411 731 sicut
1465 676 1518 729 in
1562 674 1654 730 illa
1685 676 1805 732 navi
1834 675 2034 733 factum
2076 686 2181 745 est,

598 766 813 836 quando
834 766 1222 837 negligentibus
1270 767 1553 839 discipulis
1586 769 1845 827 Dominus
1881 770 2185 827 dormiebat

600 858 816 929 (Matth.
850 875 965 930 vni,
996 861 1133 933 24);
1168 862 1265 919 sed
1314 863 1402 920 ubi
1429 863 1560 919 ﬁdes
1591 878 1778 921 eorum
1802 866 2029 921 excitata
2058 875 2181 933 est,

596 951 857 1009 Dominus
885 967 1098 1024 quoque
1124 954 1192 1010 de
1220 969 1412 1011 somno
1432 959 1688 1025 surrexit,
1717 967 1771 1014 et
1808 958 1993 1014 statim
2014 958 2081 1013 ab
2104 958 2184 1014 eis

598 1044 838 1112 pericula
867 1047 1072 1103 marina
1124 1047 1415 1105 submovit.
1455 1049 1712 1105 Precatur
1739 1065 1865 1122 ergo
1914 1060 1972 1106 ut
2001 1051 2185 1121 vigilet

597 1150 815 1209 semper
841 1139 909 1196 ad
943 1141 1250 1206 Dominum,
1279 1150 1544 1213 quatenus
1573 1145 1776 1200 intenta
1816 1159 1979 1215 supra
2008 1157 2066 1199 se
2098 1143 2184 1198 lu-

598 1232 743 1304 mina
772 1233 854 1289 sui
894 1237 1125 1305 pastoris
1150 1237 1351 1294 habere
1379 1246 1673 1295 mereatur.

648 1344 826 1404 'Vers.
854 1350 910 1406 Δ.
931 1348 1065 1404 Ecce
1091 1367 1196 1406 non
1225 1352 1515 1408 dormitabit
1544 1371 1704 1426 neque
1721 1356 2003 1415 obdormiet
2030 1358 2141 1432 [cd.
2165 1398 2181 1424 ,

597 1437 835 1512 domaiet]
864 1442 952 1511 qui
980 1443 1199 1498 custodit
1223 1442 1412 1501 Israel.
1442 1445 1570 1501 Haec
1595 1450 1857 1504 sententia
1889 1452 2183 1521 superioris

596 1529 724 1588 dicti
749 1533 1044 1591 similitudo
1059 1545 1162 1592 est.
1178 1537 1393 1607 Optavit
1414 1540 1557 1596 enim
1584 1546 1824 1599 anterius
1838 1546 2031 1600 animae
2047 1560 2180 1612 suae,

593 1624 739 1696 quod
778 1625 869 1683 hic
892 1626 1035 1683 ﬁdeli
1081 1628 1279 1701 populo
1316 1634 1628 1701 pronuntiat
1678 1648 1800 1690 esse
1831 1637 2180 1692 servandum.

597 1713 771 1773 Israel
799 1720 943 1775 enim
974 1721 1137 1792 (sicut
1176 1736 1321 1793 saepe
1367 1725 1623 1798 diximus)
1663 1727 2049 1798 interpretatttr
2102 1728 2185 1783 vir

596 1906 776 1961 minus
824 1922 930 1963 non
975 1908 1173 1967 dicitur
1219 1912 1501 1971 dormitare
1537 1931 1557 1970 :
1586 1918 1708 1987 quia
1736 1933 1926 1975 revera
1974 1918 2095 1974 talis
2128 1918 2183 1974 in

595 2000 753 2056 nobis
791 2002 1033 2059 redditur
1081 2004 1205 2075 ejus
1255 2018 1533 2078 aspectus,
1572 2011 1745 2082 qualis
1776 2012 1829 2066 in
1859 2012 1976 2084 ipso
2025 2011 2184 2068 fuerit

596 2099 798 2147 nostra:
838 2095 1034 2151 mentis
1077 2096 1322 2153 intuitus.
1358 2099 1466 2155 Sed
1507 2100 1584 2157 illi
1620 2103 1965 2160 veracissime
2001 2105 2186 2160 vident

596 2179 768 2237 Deum
797 2184 889 2255 qui
916 2201 1021 2241 non
1061 2187 1237 2244 solum
1262 2190 1379 2261 ejus
1417 2191 1821 2261 humanitatem,
1878 2195 1975 2252 sed
2021 2197 2183 2251 etiam

595 2275 889 2334 divinitatis
914 2282 1344 2352 contemplantur
1374 2285 1575 2356 absque
1613 2287 1949 2345 dubitatione
1987 2299 2181 2361 poten-

595 2368 743 2424 tiam.
772 2369 1073 2428 lncarnatio
1102 2374 1364 2445 siquidem
1389 2378 1506 2448 ejus
1531 2390 1615 2435 est
1635 2380 1793 2453 (sicut
1820 2382 1953 2439 dicit
2002 2384 2180 2439 Evan-

592 2460 815 2533 gelinm)
856 2461 1075 2519 Verbum
1094 2481 1213 2522 caro
1244 2468 1438 2539 factum
1464 2478 1559 2538 est,
1592 2479 1638 2527 et
1665 2470 1913 2529 habitavit
1940 2474 2101 2548 532
2130 2477 2186 2531 in

588 2554 742 2609 nobis
783 2553 969 2623 (Joan.
1010 2574 1050 2626 t,
1092 2559 1183 2632 14)
1208 2579 1221 2616 :
1246 2562 1420 2618 dcitas
1455 2574 1637 2620 autem
1670 2567 1837 2636 ipsius
1858 2566 2022 2637 (sicut
2043 2568 2183 2624 idem

595 2646 922 2717 evangelista
970 2652 1259 2724 testatur):
1288 2652 1355 2710 In
1391 2655 1642 2727 principio
1686 2668 1797 2713 erat
1852 2659 2089 2725 Verbum,
2136 2670 2184 2716 et

598 2736 827 2795 Verbum
846 2750 956 2798 erat
978 2746 1121 2816 apud
1150 2745 1338 2817 Deum,
1361 2756 1411 2803 et
1444 2749 1586 2806 Deus
1611 2760 1721 2807 erat
1758 2751 1972 2808 Verbum
2000 2754 2179 2826 (Joan.

594 2844 644 2898 ι,
704 2832 780 2904 1).
831 2834 957 2891 Huic
1008 2838 1097 2907 qui
1143 2838 1217 2895 ita
1262 2841 1585 2912 crediderit,
1644 2844 1748 2902 erit
1802 2847 2183 2902 veracissimus

594 2921 799 2993 Israel;
834 2934 891 2983 et
918 2944 1021 2984 non
1060 2930 1357 2989 domitabit
1388 2942 1552 3008 neque
1579 2938 1892 3009 obdormiet,
1926 2944 2183 2998 Dominus

596 3018 887 3073 custodiens
908 3033 1053 3075 eum.

2292 493 2504 550 dextera
2544 509 2723 550 eorum
2772 494 2983 552 dextera
3030 498 3307 570 iniquitatis
3346 501 3496 577 (Psal.
3536 524 3679 582 cum,
3706 517 3761 590 8).

2252 614 2260 629 ι
2290 585 2397 642 Sed
2430 586 2519 641 illa
2551 586 2680 643 vere
2712 585 2941 644 dicenda
2970 598 3051 646 est
3080 591 3307 664 dextera,
3334 598 3417 671 ubi
3442 604 3588 673 gratia

2289 680 2483 735 collata
2507 690 2857 737 monstratur.

2368 769 2526 827 Vere.
2567 771 2621 827 6.
2655 770 2762 827 Per
2789 773 2925 827 diem
2946 775 3025 837 sol
3051 792 3152 832 non
3179 786 3287 832 uret
3312 789 3377 849 te,
3421 794 3558 856 neque
3592 789 3685 846 ιω
3703 810 3764 867 ρετ

2288 874 2508 920 noctem.
2531 862 2813 921 Elementa
2834 867 3048 937 quidem
3083 869 3185 926 ista
3215 871 3347 928 hanc
3368 872 3545 941 habent
3567 862 3762 955 naturam,

2291 963 2348 1012 ut
2375 970 2605 1026 corpora
2656 967 2842 1012 nostra
2894 959 3151 1029 adurant,
3186 963 3390 1033 quando
3432 970 3592 1027 aestivo
3628 972 3765 1033 iuerint

2288 1046 2472 1103 calore
2494 1047 2778 1104 ferventia.
2804 1048 2907 1106 Sed
2936 1053 3187 1121 quoniam
3211 1068 3313 1109 non
3341 1064 3419 1111 est
3442 1056 3543 1117 haec
3567 1065 3765 1134 propheta

2289 1138 2560 1206 voluntas,
2591 1147 2650 1196 ut
2689 1140 2909 1198 omnino
2932 1142 2999 1199 de
3029 1146 3279 1214 qualitate
3294 1151 3514 1221 corporis
3557 1156 3760 1226 sentiatur,

2288 1233 2382 1305 qui
2410 1234 2689 1290 animabus
2728 1236 2844 1291 vult
2875 1251 3090 1308 semper
3133 1253 3252 1295 esse
3279 1241 3573 1314 consultum,
3607 1248 3707 1305 diem
3730 1263 3765 1307 et

2289 1336 2506 1393 noctem,
2549 1328 2691 1399 quod
2739 1338 2822 1385 est
2849 1329 2930 1385 sol
2987 1338 3040 1387 et
3079 1332 3222 1399 luna,
3268 1334 3591 1406 intelligamus
3610 1341 3764 1399 adversa

2288 1422 2373 1476 vel
2400 1437 2674 1493 prospera,
2705 1424 2898 1495 quibus
2928 1424 3036 1480 vita
3069 1426 3281 1482 humani
3302 1429 3495 1499 generis
3520 1434 3627 1487 varia
3645 1434 3764 1490 vicis-

2291 1513 2528 1570 situdiue
2552 1516 2887 1581 continetur,
2922 1516 3060 1589 sicut
3083 1518 3264 1574 etalio
3290 1519 3400 1577 loco
3424 1522 3589 1577 dictum
3606 1535 3667 1580 est
3687 1542 3698 1580 :
3722 1525 3766 1581 lu

2291 1606 2376 1660 die
2396 1607 2631 1673 clamavi,
2665 1616 2711 1663 et
2734 1620 2881 1663 nocte
2907 1625 3085 1664 coram
3122 1618 3171 1665 te
3203 1610 3370 1683 (Psal.
3408 1628 3607 1679 Lxxxvn,
3631 1614 3765 1688 ψεῖ-

2291 1698 2670 1767 gniﬁcatenim
2713 1702 2877 1755 totius
2922 1703 3048 1757 vitae
3096 1712 3325 1774 tempus,
3359 1705 3472 1775 quia
3514 1706 3763 1764 clamandum

484 1832 487 1833 ν
594 1811 787 1868 videns
818 1791 1010 1871 Deum.
1042 1815 1184 1887 Ergo
1210 1791 1371 1889 supra
1401 1833 1495 1877 eos
1524 1791 1614 1893 qui
1638 1791 1822 1879 Deum-
1851 1824 2054 1892 vident,
2080 1824 2185 1879 Do-
2217 1810 2265 1870 Β
2290 1798 2373 1893 es?
2394 1804 2609 1893 ξξθηψξπ
2637 1791 2703 1893 {id
2740 1793 3075 1893 ”°'“"'“‘!"_
3109 1795 3251 1893 Eii”
3301 1797 3541 1893 Domini“.
3572 1814 3653 1893 Μ
3685 1815 3767 1869 Μ’

2297 1883 2461 1940 mittit
2491 1885 2625 1940 tales
2655 1884 2709 1941 in
2744 1895 2949 1943 reatum
2975 1888 3189 1954 deduci,
3218 1899 3309 1944 aut
3351 1888 3574 1945 seandalo
3595 1892 3765 1947 interve-

2300 1977 2479 2049 niente
2525 1980 2735 2049 peruri,
2794 1981 3011 2052 quando
3060 1984 3142 2040 eis
3190 1982 3438 2039 custodite
3492 1998 3586 2039 sete
3620 1992 3768 2053 prestat

2303 2074 2581 2131 auxilium.
2610 2074 2698 2129 Sic
2728 2075 2874 2131 enim
2900 2077 3251 2135 lsraeliticum
3290 2077 3521 2148 populum
3557 2078 3766 2134 beneﬁcio-

2292 2182 2411 2224 rum
2468 2181 2687 2224 suorum
2734 2185 2957 2227 munere
3012 2169 3322 2234 eustodivit,
3355 2178 3408 2225 ut
3440 2185 3549 2226 sum
3573 2185 3651 2241 per
3672 2169 3765 2227 diem

2292 2259 2434 2319 nube
2458 2270 2781 2333 protegeret,
2809 2270 2865 2319 et
2903 2271 3064 2320 nocte
3108 2265 3260 2333 ignea
3306 2263 3535 2321 columna
3575 2265 3765 2320 lustrant.

2291 2352 2445 2421 Quod
2476 2370 2617 2411 nunc
2644 2356 2770 2411 facit
2799 2356 3010 2413 occulte
3040 2357 3100 2414 in
3120 2358 3293 2413 servis
3330 2357 3457 2426 suis,
3500 2357 3670 2427 quando
3705 2368 3766 2411 eos

2292 2444 2362 2500 ab
2389 2446 2541 2503 hoste
2575 2448 2875 2507 saevissimo
2907 2449 2962 2506 in
3013 2450 3290 2522 prosperis
3338 2448 3767 2519 tribulationibusque

2292 2538 2551 2595 defendit.

2364 2631 2514 2688 Vers.
2548 2634 2601 2687 7.
2636 2633 2890 2690 Dominus
2920 2638 3144 2691 custodit
3178 2646 3227 2693 te
3246 2636 3306 2691 ab
3331 2637 3457 2693 omni
3478 2636 3620 2701 malo;
3655 2644 3770 2691 caua

2291 2724 2398 2777 diat
2427 2724 2653 2778 animam
2684 2736 2827 2781 tuam
2858 2726 3141 2785 Dominus.
3195 2729 3427 2801 Diversis
3453 2728 3595 2791 modis
3619 2726 3772 2797 promit-

2297 2818 2427 2873 titur
2450 2818 2629 2874 divina
2663 2821 2925 2887 custodia,
2958 2837 3079 2893 qua:
3129 2837 3235 2878 non
3292 2823 3453 2881 solum
3498 2822 3553 2883 ab
3598 2818 3773 2885 adversis

2290 2910 2549 2982 vindicat,
2576 2911 2669 2966 sed
2695 2913 2855 2967 etiam
2874 2912 3064 2969 beatos
3097 2913 3246 2982 facit,
3274 2925 3327 2971 et
3347 2916 3407 2968 ad
3431 2913 3634 2975 crciorqu
3653 2924 3774 2981 regna

2292 3002 2556 3073 perducit.
2595 2990 2812 3060 Addidit
2843 3020 3078 3076 quoque,
3121 3005 3185 3059 ab
3228 3006 3363 3069 omni
3405 3004 3551 3067 malo;
3591 3002 3663 3065 sed
3698 3000 3775 3065 hoc

2293 3092 2491 3147 malum
2547 3109 2651 3150 non
2702 3096 2779 3151 sic
2826 3095 3236 3168 intelligendum
3293 3106 3391 3168 est,
3427 3092 3770 3166 quemadmodum

665 3151 823 3213 Vers.
869 3157 926 3213 5.
970 3156 1221 3217 Dominus
1265 3163 1489 3221 custodit
1519 3172 1588 3232 te,
1634 3163 1891 3222 Dominus
1940 3169 2183 3238 proiectio

2252 3196 2260 3260 ι
2292 3185 2592 3241 mortalitas
2629 3194 2797 3257 putat,
2834 3186 3095 3244 orbitates
3138 3190 3424 3260 suscipere,
3446 3185 3619 3249 (lanulis
3641 3183 3773 3255 οομῖο·

594 3255 709 3316 tua,
741 3264 895 3320 super
921 3266 1133 3309 manum
1158 3251 1379 3311 dexterae
1400 3263 1521 3311 tum.
1553 3254 1716 3314 Venit
1736 3259 1804 3314 ad
1828 3258 2068 3316 ordinem
2097 3276 2187 3318 se-

592 3340 852 3411 cundum,
881 3342 970 3398 ubi
996 3344 1109 3417 jam
1140 3346 1240 3402 sibi
1272 3349 1608 3407 conﬁdenter
1630 3352 1913 3423 promittit,
1945 3354 2088 3425 quod
2111 3354 2189 3410 vi-

594 3431 821 3499 debatur
861 3434 1090 3497 ﬁdeliter
1114 3441 1422 3512 expetiisse.
1467 3442 1771 3503 Notandum
1798 3463 2011 3520 quoque
2041 3449 2185 3521 quod

596 3527 678 3593 sic
721 3527 788 3584 ad
819 3529 1055 3588 animam
1094 3535 1266 3592 verba
1310 3536 1411 3592 ista
1439 3537 1673 3597 diximus
1712 3540 1877 3599 fuisse
1904 3558 2185 3613 conversa,

598 3628 658 3681 ut
679 3628 854 3678 tamen
885 3624 952 3679 ad
993 3625 1233 3683 membra
1263 3629 1522 3687 Ecclesiae
1565 3634 1844 3703 aptissima
1896 3637 2186 3695 collatione

597 3712 924 3773 referantur.
956 3717 1092 3776 Dicit
1119 3719 1263 3779 enim
1290 3739 1301 3777 :
1334 3722 1587 3782 Dominus
1616 3728 1834 3782 custodit
1869 3740 1947 3797 te,
1996 3730 2089 3786 ille
2110 3732 2189 3786 vi-

597 3803 797 3862 delicet
822 3808 912 3878 qui
937 3807 1282 3870 lecitcmlum
1311 3822 1367 3870 et
1397 3824 1619 3874 terram.
1660 3819 1728 3876 Et
1758 3822 1960 3877 ne-ista
1999 3832 2186 3878 custo-

595 3896 687 3963 dia
736 3899 934 3972 aliquid
982 3903 1275 3963 dubietatis
1329 3907 1529 3966 habere
1577 3914 1879 3982 potuisset,
1931 3915 2179 3983 addidit,

596 3988 851 4055 Dominus
877 3998 1123 4063 protectio
1159 4006 1268 4055 tuo.
1293 3998 1393 4058 Ubi
1420 4012 1504 4057 est
1533 4003 1678 4059 enim
1708 4005 1889 4063 divina
1919 4009 2185 4078 protectio,

596 4082 717 4161 quis
742 4081 948 4141 dubitet
970 4099 1216 4143 securam
1241 4089 1348 4147 illic
1368 4105 1488 4147 esse
1514 4093 1855 4151 custodiam?
1882 4096 2015 4153 Nam
2042 4098 2186 4169 quod

594 4174 751 4243 dixit,
786 4175 1042 4235 Dominus
1070 4182 1294 4239 custodit
1323 4192 1390 4251 te,
1432 4183 1686 4245 Dominus
1716 4190 1961 4259 protectio
1984 4202 2093 4262 tua,
2125 4192 2189 4247 li-

595 4281 731 4344 gura
758 4275 843 4325 est
863 4271 1187 4341 epembasis,
1211 4288 1330 4345 qua:
1360 4274 1547 4335 Latine
1578 4278 1792 4337 iteratio
1827 4295 2185 4354 nuncupatur.

597 4356 750 4425 lianc
776 4370 956 4429 autem
1013 4380 1173 4435 quam
1222 4380 1489 4429 memorat
1537 4376 1902 4444 protectionem
1943 4378 2033 4434 ubi
2065 4395 2188 4436 esse

595 4452 791 4520 pOSSit,
826 4454 1104 4515 evidenter
1127 4461 1383 4533 ostendit,
1424 4464 1477 4520 id
1503 4475 1606 4533 est,
1640 4484 1796 4539 super
1822 4487 2031 4526 manum
2062 4473 2187 4528 dea:-

2291 3274 2521 3331 sissimis
2546 3276 2839 3347 ingravari,
2872 3277 3053 3350 inOpia
3079 3280 3270 3351 premi,
3298 3290 3351 3336 et
3369 3288 3538 3354 caetera
3558 3292 3651 3349 qua:
3668 3275 3774 3342 hujus

2292 3371 2479 3426 saeculi
2512 3382 2782 3427 amatores
2813 3372 3085 3429 aestimant
3114 3389 3235 3430 esse
3264 3374 3566 3446 gravissima.
3586 3369 3670 3428 Sed
3690 3366 3775 3427 illud

2297 3464 2491 3517 malum
2522 3463 2674 3533 dicit,
2706 3465 2848 3536 quod
2896 3466 3131 3523 divinam
3180 3470 3402 3541 gratiam
3443 3466 3579 3533 tollit,
3609 3464 3774 3521 aniuutn

2291 3554 2502 3625 perdit,
2541 3564 2782 3627 totasque
2829 3556 3042 3613 Domini
3088 3558 3464 3630 promissiones
3508 3561 3699 3612 evacuat.
3735 3550 3776 3605 Et

2291 3646 2543 3716 quoniam
2576 3655 2799 3703 noverat
2831 3648 2918 3704 hic
2948 3660 3169 3713 sanctos
3200 3652 3340 3707 viros
3376 3647 3612 3709 doloribus
3640 3645 3774 3713 ingen-

2292 3739 2431 3794 tibus
2482 3738 2646 3794 fuisse
2698 3742 2998 3811 cruciatos,
3076 3744 3425 3815 corporisque
3476 3738 3698 3812 dispendio
3731 3733 3776 3790 al

2289 3833 2538 3905 martyrii
2578 3836 2800 3903 praemia
2851 3838 3199 3908 pervenisse,
3250 3839 3455 3909 adjecit,
3485 3828 3777 3905 custodiatur

2293 3939 2431 3979 mam
2452 3933 2593 3980 tuam
2620 3925 2900 3997 Dominus,
2934 3945 3097 3999 quam
3147 3931 3315 3986 solam
3362 3937 3526 3985 servat
3548 3929 3585 3981 in
3614 3919 3776 3983 sanctis,

2295 4021 2385 4090 qui
2407 4021 2654 4090 corporis
2674 4022 3002 4081 detrimento
3020 4037 3241 4083 aeternae
3274 4028 3403 4084 lucis
3432 4037 3618 4082 munera
3638 4032 3777 4077 conse-

2291 4120 2547 4183 quuntur.
3234 4115 3249 4139 '
3752 4196 3761 4207 .

2375 4202 2527 4259 Vere.
2562 4203 2614 4263 8.
2644 4201 2896 4261 Dominus
2925 4208 3184 4263 custodiat
3206 4209 3463 4264 introitum
3488 4217 3610 4261 tuum
3649 4210 3684 4257 et
3704 4201 3777 4253 tsi-

2294 4300 2400 4355 lum
2421 4300 2587 4363 tuum,
2611 4310 2675 4349 ea:
2695 4294 2792 4350 hoc
2817 4312 2956 4350 nunc
2977 4306 3023 4353 et
3042 4315 3206 4370 usque
3227 4300 3278 4353 in
3297 4300 3542 4356 swculttm.
3568 4296 3778 4360 Postquam

2292 4385 2440 4441 varie
2465 4384 2789 4457 diversaque
2821 4396 3065 4459 optatum
3098 4399 3184 4448 est
3241 4398 3299 4447 ut
3334 4390 3527 4447 Domini
3556 4383 3779 4441 misericoro

2293 4473 2380 4531 dia
2408 4474 2726 4543 custodiret,
2749 4478 2896 4534 venit
2921 4479 2987 4535 ad
3022 4480 3187 4536 ﬁnem
3214 4482 3416 4552 psalmi,
3446 4489 3495 4534 et
3517 4484 3673 4532 cuneta
3694 4483 3780 4523 cou-

597 4552 720 4601 terae
740 4556 860 4603 tae.
892 4548 1079 4607 Manus
1110 4567 1394 4612 commune
1433 4574 1624 4615 nomen
1672 4573 1792 4629 est;
1837 4563 1908 4618 ita
1956 4565 2099 4620 enim
2132 4575 2185 4621 et
2214 4587 2270 4647 D
2292 4567 2472 4623 clusit.
2507 4568 2645 4625 Dicit
2664 4569 2840 4627 enim:
2868 4568 3123 4626 Dominus
3157 4548 3404 4627 custodiat
3417 4569 3644 4627 introitum
3667 4572 3777 4617 tum

596 4637 818 4696 deutera
847 4638 1069 4710 dicitur,
1110 4652 1164 4698 et
1207 4646 1463 4715 sinistra;
1497 4651 1593 4705 sed
1640 4651 1725 4707 hic
1755 4654 1948 4710 merito
1974 4655 2185 4711 dextera

594 4731 837 4813 ponitur,
885 4732 977 4789 ubi
1021 4734 1277 4794 Dominus
1321 4741 1499 4797 omnia
1556 4756 1811 4815 prospera
1873 4749 2186 4817 promisisse

594 4806 961 4893 monstratur;
995 4826 1255 4898 scriptum
1285 4839 1369 4885 est
1394 4830 1536 4887 enim
1556 4806 1622 4889 in
1653 4806 1962 4893 Proverbiis
1996 4858 2009 4891 :
2036 4838 2181 4895 Lon-

593 4916 775 4997 gitudo
801 4917 1001 4977 dierum
1026 4928 1074 4974 et
1098 4921 1222 4977 anni
1252 4923 1365 4981 vita:
1391 4924 1444 4979 in
1487 4926 1705 4982 dextera
1735 4930 1848 4998 ejus
1891 4930 2074 4999 (Prov.
2101 4947 2180 5004 ιιι,

597 5004 719 5077 16),
749 5010 891 5078 quod
913 5020 997 5069 est
1023 5020 1224 5077 aeterna
1253 5014 1503 5073 felicitas.
1542 5016 1613 5073 In
1642 5020 1856 5077 sinistra
1882 5033 2052 5078 autem
2074 5027 2184 5097 ejus

596 5097 791 5155 divitia:
817 5099 1066 5173 etgloria,
1096 5106 1239 5173 quod
1272 5106 1456 5169 stcculi
1488 5108 1648 5180 hujus
1702 5112 1840 5169 bona
1891 5114 2180 5185 signiﬁcat,

597 5206 718 5263 qua:
750 5197 929 5247 tamen
958 5193 1027 5249 ab
1058 5194 1173 5266 ipso
1196 5196 1316 5265 dari
1346 5213 1505 5269 posse
1543 5217 1652 5261 non
1693 5203 1913 5261 dubium
1944 5216 2049 5263 est.
2092 5208 2186 5264 Est

592 5288 812 5358 quoque
831 5283 1046 5342 dextero
1074 5286 1214 5359 ejus,
1246 5291 1462 5360 quando
1491 5295 1662 5353 sancti
1693 5296 1744 5353 in
1776 5296 1946 5368 ipsam
1978 5309 2184 5369 partem

594 5378 666 5445 ad
723 5376 1063 5449 percipienda
1113 5394 1334 5445 munera
1381 5398 1750 5459 segregantur.
1812 5389 1911 5446 Bst
1937 5390 2180 5466 sinistra,

597 5471 811 5545 quando
826 5481 1135 5545 peccatores
1155 5482 1355 5535 attenta
1379 5493 1533 5548 posita
1564 5480 1858 5540 damnandi
1880 5494 2008 5542 sunt
2036 5504 2048 5540 :
2081 5488 2182 5555 illi,

597 5564 726 5636 quia
770 5565 1005 5627 cmlestia
1048 5566 1531 5639 desideraverunt;
1582 5576 1697 5645 isti,
1729 5578 1851 5647 quia
1907 5582 2181 5641 mundana

597 5657 766 5713 secuti
797 5667 943 5714 sunt.
984 5658 1235 5730 Legimus
1273 5679 1485 5734 quoque
1539 5678 1848 5736 peccatores
1906 5672 2184 5733 dexteram

600 5750 701 5815 sibi
724 5751 941 5820 iecisse,
962 5768 1081 5823 quae
1122 5763 1301 5819 tamen
1336 5757 1554 5817 sinistra
1584 5771 1687 5828 est,
1735 5763 1803 5819 de
1828 5765 2020 5834 quibus
2043 5768 2181 5823 idem

614 5843 879 5919 propheta
923 5844 979 5903 in
1008 5847 1305 5907 centesimo
1346 5850 1753 5923 quadragesimo
1778 5858 1934 5913 tertio
1980 5860 2182 5929 psalmo

1658 5970 1689 5999 ι

2291 4660 2406 4719 Hoc
2472 4662 2801 4734 martyribus
2853 4662 3053 4720 dictum
3096 4676 3459 4737 competenter
3501 4659 3775 4719 advenimus.

2293 4771 2526 4828 quorum
2555 4756 2794 4813 introitus
2818 4771 2850 4813 a
2875 4757 3105 4813 Domino
3146 4760 3514 4815 custodiendus
3534 4767 3620 4819 est,
3653 4765 3703 4807 ne
3720 4753 3777 4800 alii

2294 4857 2684 4903 tormentorum
2715 4850 2976 4905 violentia
3004 4852 3229 4919 cedant,
3271 4863 3362 4909 aut
3388 4850 3777 4908 blandimentorum

2291 4941 2563 4997 illectione
2592 4941 2942 5009 seducantur.
2970 4944 3312 5017 Quapropter
3333 4945 3512 5001 merito
3553 4947 3672 5009 opta!
3693 4944 3776 5003 Ρτο·

2292 5035 2453 5105 pheta
2510 5048 2695 5089 eorum
2743 5036 3011 5091 introitum
3058 5037 3323 5104 custodiri,
3352 5037 3436 5110 qui
3481 5035 3584 5097 sine
3620 5024 3777 5085 Domino

2292 5125 2599 5182 nullatenus
2628 5136 2850 5197 possunt
2878 5143 2996 5184 esse
3043 5129 3377 5198 cautissimi,
3418 5128 3542 5199 sicut
3582 5123 3627 5191 in
3660 5120 3777 5174 Εηηί

2292 5216 2432 5288 gelio
2459 5216 2656 5273 dicitur
2681 5236 2694 5271 :
2746 5216 2883 5272 Dum
2905 5221 3134 5275 veneritis
3160 5231 3278 5275 ante
3299 5221 3535 5292 principes
3554 5223 3595 5272 et

2292 5319 2386 5380 tes,
2416 5313 2573 5368 nolite
2601 5314 2825 5387 cogitare
2846 5317 3099 5384 quomodo
3126 5325 3218 5371 aut
3246 5317 3367 5388 quid
3393 5298 3780 5400 loquamini;dulti:

2292 5412 2377 5459 tur
2397 5406 2532 5460 enim
2563 5406 2699 5461 vobis
2725 5406 2779 5460 in
2801 5407 2893 5461 illa
2918 5408 3046 5464 ltora
3066 5410 3317 5479 quomodo
3331 5416 3416 5463 aut
3434 5404 3545 5477 quid
3571 5400 3778 5473 loquartu»:

2297 5496 2515 5569 (Matth.
2543 5516 2599 5565 ι,
2628 5500 2736 5572 l9).
2786 5501 3072 5577 Subjungit
3118 5518 3349 5587 quoque,
3382 5510 3424 5556 et
3455 5498 3623 5561 exitum
3652 5494 3779 5586 trita;

2297 5591 2386 5647 ubi
2418 5601 2502 5648 est
2532 5602 2640 5649 tota
2665 5593 2944 5665 perfectio,
2971 5582 3188 5666 quando
3228 5582 3395 5667 usque
3433 5592 3494 5653 ad
3538 5590 3672 5675 ﬁne“)
3697 5582 3781 5675 τίω

2298 5695 2580 5753 permanet
2608 5686 2661 5740 in
2701 5685 2780 5740 eis
2808 5700 2933 5742 vera
2964 5684 3535 5758 irreprebensibilisque
3559 5670 3780 5755 confesti?!

2294 5775 2432 5831 sicut
2477 5776 2552 5833 ait
2604 5778 2655 5833 in
2708 5777 3034 5849 Evangelia:
3071 5779 3172 5845 Qui
3212 5771 3574 5853 perseveraverit
3601 5763 3780 5853 “qui?

2294 5865 2473 5938 ﬁnem,
2528 5869 2611 5924 hic
2661 5868 2832 5927 salvus
2879 5872 2973 5927 erit
2998 5869 3185 5941 (Ibid.,
3214 5850 3330 5937 '22).
3372 5866 3483 5935 Ipse
3503 5867 3614 5931 ergo
3648 5850 3779 5905 tuetut
