4032 6340
191 414 284 474 sea
318 376 325 379 ’

1010 350 1015 356 .
1087 403 1445 468 EXPOSITIO
1484 398 1549 461 IN
1588 394 2045 460 PSALTERIUM.
2088 394 2280 455 PSAL.
2321 388 2509 451 CXXI.

3335 380 3440 443 910

190 528 449 596 introitum,
474 524 590 598 ipse
620 523 842 591 custodit
870 529 916 579 et
943 522 1161 588 exitum,
1215 528 1274 575 ut
1316 525 1371 573 et
1422 530 1549 573 vera
1582 513 1747 585 proﬁ-
1780 514 1832 587 Α
1859 510 2026 576 viros,
2055 519 2107 565 et
2137 508 2228 565 hic
2249 508 2359 578 jam
2391 507 2445 563 in
2471 504 2562 561 illa
2590 499 2887 561 Jerusalem
2910 499 3094 555 animo
3122 493 3444 598 consistere,

190 589 385 687 teantur
414 589 699 690 martyres,
750 626 805 673 et
855 625 915 672 ut
960 614 1103 670 nulla
1148 624 1426 684 pinnarum
1476 606 1754 667 nimietate
1860 606 1949 677 qui
1979 604 2271 676 probantur
2307 602 2362 657 in
2404 599 2686 671 praeceptis
2738 594 2953 651 Domini
3002 606 3339 667 permanere.
3388 589 3448 646 lu

192 713 469 779 vincantur.
498 710 605 767 Sed
642 709 729 767 isti
761 705 1215 765 consummationi
1262 703 1383 759 vide
1430 699 1556 772 quid
1603 697 1756 754 addi-

1862 697 1954 753 illa
2004 705 2185 752 autem
2234 709 2362 750 vere
2412 690 2609 748 dicitur
2642 698 2798 757 stare,
2832 689 2885 745 in
2924 702 3027 763 qua
3065 685 3243 740 nullus
3272 693 3450 757 potest

192 804 297 861 dit:
324 820 380 860 ea:
414 804 507 859 hoc
532 818 668 861 nunc
692 810 741 856 et
771 816 933 870 usque
963 800 1015 855 in
1040 795 1287 853 sarculum
1319 791 1612 865 :quoniam
1643 788 1761 860 qui-
1864 790 2078 848 cadere.
2111 787 2352 859 Denique
2401 788 2610 856 respice
2639 784 2782 855 quod
2822 782 2996 849 dicit:
3041 780 3245 835 Stantes
3297 788 3447 845 erant

191 910 385 967 cunque
411 893 862 966 perseveraverit,
886 898 1086 947 acterna
1131 885 1394 944 beneﬁcia
1426 881 1754 956 possidebit;

194 1002 291 1043 nec
317 996 478 1058 potest
517 986 626 1043 illic
657 1000 776 1053 esse
805 984 1092 1051 terminus,
1118 982 1208 1045 ubi
1230 980 1335 1037 erit
1362 978 1478 1041 sine
1510 976 1617 1033 ﬁne
1635 990 1763 1048 gitu-

201 1079 433 1136 dcndum.

715 1187 987 1247 Conclusio
1023 1188 1228 1257 psalmi.

269 1304 423 1372 Quam
452 1302 592 1359 bene
644 1303 910 1357 secundus
957 1299 1154 1371 gradus
1202 1297 1545 1369 prepheticos
1598 1295 1764 1366 pedes

202 1398 508 1457 intitubabili
534 1396 788 1452 ﬁrmitate
818 1395 1122 1451 continuit!
1159 1408 1319 1464 quam
1353 1393 1489 1447 bene
1512 1405 1674 1460 supra
1710 1402 1770 1444 se

203 1493 378 1558 crevit,
406 1491 495 1561 qui
514 1490 582 1545 ad
610 1489 803 1545 merita
832 1488 1056 1545 fortiora
1083 1486 1399 1543 conscendit
1430 1487 1443 1538 !
1480 1484 1768 1538 Videamus

203 1583 321 1655 quid
359 1583 411 1639 in
458 1582 622 1639 tertio
669 1589 847 1653 gerat,
906 1581 999 1652 qui
1056 1578 1144 1635 hic
1185 1577 1487 1636 custodiam
1557 1573 1773 1632 Domini

204 1687 384 1745 magno
398 1671 672 1731 desiderio
706 1671 1016 1741 postulavit.

713 1784 1028 1843 PSALMUS
1050 1782 1238 1843 CXXI.

700 1900 967 1958 Canticum
989 1902 1266 1974 graduum.

278 1994 576 2065 Audivimus
604 1995 853 2068 gradum,
897 1994 1259 2067 intelligamus
1293 1994 1361 2051 ad
1410 1994 1603 2065 altiora
1652 2007 1782 2049 con-

210 2102 480 2159 scensum;
512 2087 607 2143 sed
649 2087 750 2143 iste
781 2101 1035 2143 ascensus
1060 2085 1248 2141 ﬁrmus
1278 2095 1382 2155 est,
1415 2086 1507 2158 qui
1543 2085 1772 2140 Domino

208 2183 529 2242 custodiente
564 2188 849 2247 servatur;
901 2180 992 2251 qui
1027 2188 1228 2253 quanto
1296 2179 1504 2235 meritis
1553 2177 1785 2249 proﬁcit,

209 2284 355 2337 tanto
404 2290 463 2333 se
503 2276 698 2331 mentis
747 2273 1087 2345 subiectione
1138 2273 1450 2344 prosternit.
1498 2273 1635 2328 Ecce
1674 2271 1785 2342 jam

208 2369 509 2430 sublevatur
538 2354 797 2440 propheta
831 2369 991 2431 tertio
1010 2367 1203 2439 gradu,
1226 2366 1484 2425 secundis
1512 2366 1672 2421 altior
1702 2363 1790 2419 fa-

211 2470 348 2530 ctus,
376 2469 429 2518 et
451 2461 518 2518 de
545 2461 662 2534 ipsa
688 2459 870 2525 laetitia
891 2459 1212 2533 principium
1241 2458 1438 2532 psalmi
1486 2456 1788 2529 sumpsisse

214 2552 521 2612 declaratur.

649 2663 811 2738 A33
844 2662 1042 2725 Divisio
1072 2665 1280 2735 psalmi.

284 2777 341 2835 In
366 2778 537 2849 prima
579 2787 736 2849 parte
763 2777 961 2849 gaudet
989 2790 1054 2834 se
1107 2781 1367 2848 propheta
1410 2777 1798 2833 communitum

214 2870 285 2930 Id
306 2885 588 2941 supernam
618 2870 916 2927 Jerusalem
940 2870 1068 2927 esse
1083 2878 1397 2935 venturum,
1428 2868 1519 2924 ubi
1548 2868 1657 2939 jam
1679 2881 1802 2923 sau-

216 2964 289 3022 cti
324 2978 509 3021 secura
538 2961 900 3034 prosperitate
928 2963 1251 3032 consistunt,
1284 2971 1487 3018 etcum
1539 2961 1797 3025 Domino,

216 3058 581 3116 misericordia
603 3057 773 3128 ipsius
796 3056 1080 3127 largiente,
1100 3056 1436 3126 judicabant.
1469 3056 1527 3112 ln
1567 3053 1803 3111 secunda

216 3159 372 3222 parte
398 3149 628 3221 loquitur
655 3150 722 3205 ad
752 3150 900 3206 cives
926 3148 1257 3216 Jerusalem,
1287 3159 1482 3220 optans
1528 3150 1606 3205 eis
1634 3150 1807 3205 abun-

214 3241 454 3299 dantiam
479 3242 647 3313 pacis,
689 3257 849 3310 quam
898 3257 959 3299 se
1001 3241 1134 3303 dicit
1184 3242 1454 3300 charitate
1490 3242 1717 3299 fratrum
1751 3250 1807 3301 et

215 3330 429 3395 Domini
455 3348 642 3391 amore
669 3334 1019 3406 prtedicssse.

758 3445 1026 3519 Expositio
1060 3446 1261 3522 psalmi.

290 3563 445 3621 Veri.
476 3564 530 3621 1.
581 3563 806 3621 ιωεαιαε
843 3582 958 3620 sum
986 3566 1041 3622 in
1063 3566 1154 3634 (Itis
1181 3583 1297 3641 qua:
1326 3568 1461 3623 dicta
1490 3574 1606 3633 sunt
1636 3567 1761 3623 mihi
1789 3582 1809 3622 :

215 3656 273 3715 in
296 3657 507 3711 domum
548 3655 758 3712 Domini
780 3657 985 3714 ibimus.
1029 3658 1233 3714 Decora
1263 3659 1428 3715 nimis
1463 3666 1516 3714 et
1555 3657 1810 3714 salutaris

218 3761 382 3807 causa
415 3750 640 3818 lzetitiae,
674 3765 792 3823 quae
815 3750 986 3821 prima
1016 3749 1193 3806 fronte
1222 3750 1499 3821 praemissa
1520 3758 1639 3819 est,
1669 3758 1730 3806 ut
1759 3756 1816 3805 et

219 3845 425 3900 hilares
464 3854 516 3899 et
541 3852 776 3913 attentos
805 3844 1057 3901 redderet
1092 3844 1384 3900 auditores.
1421 3842 1526 3913 Sed
1555 3859 1625 3901 ne
1661 3857 1817 3902 more

219 3936 578 3995 humanitatis
614 3939 887 3993 mediocre
902 3938 1150 4010 gaudium
1166 3937 1327 3994 fuisse
1348 3939 1602 4005 sentires,
1625 3936 1691 3993 de
1711 3951 1817 4007 quo

217 4032 468 4102 perfecto
486 4030 625 4087 bono
643 4029 807 4085 ltetart
829 4045 889 4087 se
904 4029 1217 4103 proﬁteatur
1230 4028 1481 4096 ostendit,
1500 4028 1623 4100 quia
1654 4029 1704 4082 in
1724 4028 1820 4082 do-

214 4138 367 4181 mum
392 4122 599 4177 Domini
626 4123 814 4177 iturum
843 4138 903 4179 se
936 4138 1058 4179 esse
1085 4132 1331 4178 testatur.
1377 4121 1421 4192 Ο
1451 4122 1609 4192 digna
1638 4120 1819 4178 exsul-

216 4214 359 4275 tatio
388 4214 514 4270 illuc
537 4216 613 4272 ire
635 4214 983 4281 contendere,
1010 4216 1153 4271 unde
1174 4230 1447 4286 nunquam
1478 4214 1670 4287 aliquis
1692 4216 1821 4271 velit

219 4310 419 4366 exire!
470 4308 577 4365 Sed
630 4308 1073 4381 perscrutandum
1122 4318 1203 4364 est
1234 4309 1354 4380 quis
1383 4308 1497 4365 haec
1547 4310 1822 4380 prophetae

216 4400 479 4475 dixerit?
525 4403 745 4459 Scilicet
796 4402 1030 4474 Spiritus
1077 4414 1319 4474 sanctus,
1372 4404 1463 4477 qui
1518 4402 1668 4459 cordi
1705 4400 1822 4474 ejus

218 4493 393 4548 tacita
424 4506 554 4549 voce
584 4494 919 4563 loquebatur.
952 4496 1212 4552 Audierat
1240 4511 1369 4568 ergo
1420 4496 1680 4567 propheta
1713 4511 1821 4552 non

220 4599 387 4651 aure,
441 4586 535 4643 sed
586 4598 786 4656 mente,
839 4605 946 4644 non
985 4604 1256 4658 sermone,
1306 4591 1401 4646 sed
1446 4589 1628 4645 divino
1658 4590 1826 4661 inspi-

1867 883 2017 955 pedes
2041 883 2221 938 nostri.
2256 882 2329 936 lbi
2369 881 2510 937 enim
2560 887 2747 945 statur,
2794 876 2882 941 ubi
2910 889 3127 945 semper
3158 873 3312 935 ﬁrma
3358 886 3452 937 vo-

1868 979 2071 1041 luntate
2098 974 2427 1033 consistitur.
2456 975 2556 1032 Sed
2587 972 2727 1029 istud
2770 981 2906 1027 stare
2933 984 3038 1035 non
3088 968 3251 1023 habet
3293 966 3450 1031 defe-

1870 1083 2034 1136 ctum,
2068 1083 2171 1124 non
2204 1068 2384 1139 aliquo
2436 1067 2618 1123 labore
2657 1063 2938 1121 conﬁcitur
2973 1079 2987 1131 ;
3018 1061 3111 1117 sed
3141 1059 3193 1117 in
3225 1074 3323 1121 suo
3364 1073 3456 1127 ro—

1870 1162 2003 1218 bore
2036 1174 2405 1231 perseverans,
2438 1159 2581 1214 nulla
2604 1156 2921 1215 lassitudine
2962 1154 3232 1223 fatigatur,
3264 1150 3456 1229 Sequi.-

1874 1265 1982 1323 tnr,
2000 1255 2053 1308 in
2075 1253 2218 1307 atriis
2234 1254 2352 1321 tuis,
2370 1252 2679 1309 Jerusalem.
2703 1250 2798 1306 Hic
2817 1249 2951 1309 atria
2976 1262 3071 1317 pro
3095 1246 3461 1316 penetralibus

1875 1350 2058 1420 ponit;
2114 1350 2307 1405 atrium
2356 1346 2499 1409 enim
2563 1344 2811 1401 introitus
2860 1341 3051 1397 domus
3099 1348 3204 1409 est,
3249 1339 3301 1395 in
3351 1353 3457 1409 quo

1878 1441 2201 1499 commorari
2226 1446 2497 1511 nequeunt
2524 1435 2847 1497 habitantes.
2868 1433 2974 1497 Sed
3007 1433 3108 1487 hoc
3136 1430 3462 1493 schematice

1878 1533 2079 1603 dictum
2109 1544 2191 1592 est
2221 1549 2253 1589 a
2283 1541 2433 1604 parte
2463 1538 2653 1593 totum.

1955 1626 2111 1683 Vers.
2135 1627 2190 1682 5.
2218 1623 2511 1685 Jerusalem
2536 1636 2650 1695 quis
2688 1619 2975 1689 rediﬁcatttr
3002 1626 3058 1675 ut
3088 1619 3286 1689 civitas,
3316 1623 3465 1691 cujus

1885 1718 2217 1793 participatio
2246 1717 2358 1788 ejus
2384 1716 2437 1781 in
2463 1715 2710 1786 idipsum.
2744 1711 2823 1781 Ne
2862 1710 3151 1779 Jerusalem
3194 1726 3352 1781 quam
3381 1710 3466 1765 di-

1882 1822 2041 1873 xerat
2069 1822 2338 1879 terrenam
2393 1810 2661 1880 potuisses
2688 1806 2992 1877 advertere,
3023 1805 3281 1873 civitatem
3325 1804 3472 1875 illam

1809 1904 2164 1971 Bcoelestem
2219 1902 2451 1967 mirabili
2520 1900 2767 1967 dividens
2827 1899 3129 1957 subtilitate
3183 1898 3470 1971 signiﬁcat.

1893 2002 2028 2060 Dicit
2052 2001 2192 2057 enim
2225 1998 2456 2068 primum
2488 2016 2501 2054 :
2526 1994 2814 2061 Jerusalem
2844 2008 2957 2067 quat
2991 1991 3281 2063 tedi/icdtur
3308 2000 3363 2059 ut
3392 1990 3470 2045 ci-

1890 2098 2040 2163 sitas.
2063 2091 2383 2160 xEdiﬁcatur
2405 2089 2586 2165 plane,
2616 2102 2735 2159 quae
2752 2085 2991 2159 quotidie
3008 2100 3177 2157 usque
3199 2082 3264 2141 ad
3289 2081 3476 2151 mutuli

1895 2183 2408 2243 consummationem
2467 2180 2603 2245 vivis
2650 2177 2915 2249 lapidibus
2962 2176 3229 2247 spirituali
3290 2189 3485 2246 opera-

1895 2278 2042 2347 tione
2059 2275 2409 2339 construitur,
2435 2270 2487 2327 id
2510 2279 2594 2328 est
2612 2268 3036 2336 confessoribus,
3080 2268 3408 2339 martyribus
3428 2273 3486 2322 et

1897 2369 1988 2444 qui
2017 2366 2242 2425 Domino
2273 2366 2486 2427 sincera
2542 2369 2721 2419 mente
2749 2359 2927 2429 devoti
2956 2366 3100 2427 sunt.
3148 2357 3385 2433 Addidit,
3429 2367 3490 2428 ut

1899 2464 2093 2527 ciuitas,
2123 2470 2386 2533 quatenus
2415 2455 2825 2525 similitudinem
2863 2452 3103 2523 civitatis
3146 2452 3198 2508 in
3245 2451 3335 2510 illa
3364 2466 3487 2510 esse

1901 2565 2245 2617 monstraret.
2270 2554 2402 2611 Nam
2434 2567 2557 2609 cum
2596 2550 2772 2611 omnis
2814 2548 3003 2613 civitas
3040 2547 3249 2609 dicatur
3279 2562 3308 2601 a
3357 2545 3492 2609 civi-

1904 2652 2025 2719 bus,
2057 2651 2237 2708 verius
2273 2660 2448 2704 tamen
2471 2646 2560 2705 illa
2589 2644 2781 2700 civitas
2807 2642 3030 2710 dicitur,
3062 2656 3181 2712 quae
3209 2640 3493 2703 unanimes

1904 2746 2050 2811 cives
2061 2743 2339 2799 continere
2354 2746 2700 2807 monstratur.
2718 2736 2869 2807 Scire
2886 2744 3063 2805 autem
3076 2733 3335 2801 debemus
3349 2732 3491 2804 quod

1905 2835 2007 2891 ista
2035 2849 2152 2909 qua;
2184 2847 2326 2888 nunc
2377 2832 2572 2903 agitur,
2618 2829 2864 2887 continet
2907 2826 3229 2886 indiscretos
3269 2827 3495 2899 populos

1907 2938 2066 2999 atque
2098 2927 2419 2997 permixtos;
2445 2922 2531 2981 illa
2558 2937 2686 2987 vero
2716 2937 2835 2993 qua:
2856 2920 3033 2989 futura
3055 2927 3158 2985 est,
3190 2918 3335 2987 solos
3354 2917 3499 2975 reci-

1911 3021 1988 3093 pit
2012 3020 2128 3076 sine
2167 3018 2499 3074 dubitatione
2536 3013 2836 3087 perfectos;
2871 3013 2971 3083 ista
3018 3010 3494 3075 contrarietatibus

1911 3116 2163 3187 quatitur,
2198 3112 2285 3179 illa
2311 3110 2424 3183 jugi
2455 3109 2746 3179 securitate
2775 3106 3025 3175 laetatur;
3058 3108 3161 3167 ista
3191 3102 3349 3174 plena
3383 3117 3499 3173 put-

1913 3207 2220 3279 nitentium,
2254 3204 2344 3259 illa
2366 3204 2544 3258 nescia
2591 3202 2979 3271 lacrymarum;
3011 3197 3116 3265 ista
3152 3211 3250 3267 spe
3302 3196 3501 3265 credit,

1837 3300 1885 3364 C
1914 3299 2003 3357 illa
2030 3298 2200 3355 Deum
2232 3297 2362 3353 facie
2389 3295 2455 3359 ad
2481 3294 2670 3361 faciem
2694 3293 2840 3349 videt
2865 3335 2880 3360 ,
2909 3306 3086 3365 eoque
3141 3290 3203 3345 ﬁt
3244 3297 3327 3361 ut,
3375 3303 3501 3357 cum

1915 3392 2037 3449 duae
2066 3392 2306 3448 civitates
2335 3388 2461 3454 sint,
2491 3402 2629 3455 unus
2653 3394 2834 3455 tamen
2884 3383 3114 3456 populus
3146 3381 3358 3441 futurus
3386 3394 3506 3437 cre-

1915 3485 2072 3553 datur
2108 3496 2228 3541 esse
2282 3480 2540 3537 ﬁdeiinrn.
2577 3477 2832 3553 Sequitur
2873 3484 3001 3555 apta
3054 3476 3236 3545 nimis,
3268 3474 3364 3543 sed
3412 3472 3509 3529 ob-

1916 3592 2073 3637 scura
2095 3574 2359 3641 sententia
2383 3590 2398 3630 :
2426 3570 2588 3643 Cuius
2626 3569 2960 3647 participatio
2987 3569 3100 3643 eius
3145 3568 3200 3637 in
3242 3567 3511 3637 idipsum,

1918 3667 1974 3741 id
2004 3674 2109 3736 est,
2143 3664 2377 3723 civitatis
2409 3664 2568 3720 Istius
2595 3662 2923 3735 participatio
2954 3658 3111 3721 estin
3141 3659 3369 3716 Domino
3396 3658 3514 3719 Sal-

1919 3768 2128 3828 vatore,
2156 3759 2247 3831 qui
2276 3766 2361 3814 est
2388 3756 2602 3827 proprie
2617 3756 2672 3810 in
2700 3755 2945 3825 idipsum.
2971 3752 3039 3807 In
3066 3752 3287 3825 idipsum
3310 3752 3510 3823 quippe

1921 3852 2189 3924 signiﬁcat
2248 3848 2629 3913 mternitatem,
2666 3861 2784 3917 quae
2823 3858 3096 3915 nunquam
3150 3841 3352 3899 desinit
3393 3855 3516 3901 esse

1923 3945 2068 4016 quod
2097 3953 2202 4013 est,
2228 3942 2323 3997 sed
2355 3955 2571 4011 semper
2597 3954 2704 3995 uno
2733 3946 2893 4009 atque
2942 3936 3137 3994 eodem
3174 3934 3336 3995 modo
3391 3941 3512 3991 est:

1924 4042 2097 4109 virtus
2135 4036 2423 4104 indeiecta,
2448 4041 2686 4107 potestas
2712 4030 3187 4099 incommutabilis,
3214 4028 3517 4097 substantia

1928 4149 2023 4207 per
2061 4148 2120 4189 se
2146 4146 2392 4197 manens,
2426 4128 2610 4185 omnia
2647 4142 2768 4200 quae
2819 4126 2934 4185 vult
2979 4122 3272 4181 efﬁcaciter
3302 4129 3514 4195 potens.

1930 4226 2021 4287 Sic
2039 4234 2091 4282 ct
2118 4224 2235 4296 ipse
2254 4223 2323 4285 de
2343 4237 2402 4279 se
2419 4221 2585 4293 Moysi
2612 4220 2745 4277 dixit
2772 4238 2784 4273 :
2805 4218 2915 4292 Ego
2937 4233 3052 4275 sum
3075 4218 3165 4292 qui
3187 4234 3300 4274 sum
3315 4216 3514 4290 (Exod.

1929 4334 2008 4386 tu,
2061 4318 2184 4389 id);
2228 4325 2284 4373 et
2329 4315 2487 4386 paulo
2530 4322 2648 4391 post
2684 4332 2697 4368 :
2728 4314 2831 4382 Qui
2879 4323 2953 4369 est
3007 4313 3145 4369 misit
3197 4328 3279 4368 me
3317 4312 3387 4367 ad
3434 4327 3522 4369 vos

1934 4410 2105 4487 (Psal.
2138 4408 2329 4480 ct,27,
2361 4406 2493 4479 28);
2544 4414 2598 4463 et
2642 4407 2695 4463 in
2740 4406 2845 4463 alio
2892 4405 3098 4481 psalmo
3137 4406 3238 4476 ipsi
3284 4403 3519 4461 dicitur:

1937 4505 2123 4565 Omnia
2176 4505 2307 4561 sicut
2335 4503 2683 4559 vestimentum
2726 4509 3054 4569 veterasunt,
3094 4508 3143 4555 et
3189 4500 3320 4554 sicut
3361 4513 3518 4568 aper-

1934 4597 2123 4654 torium
2152 4596 2374 4653 mutabis
2401 4611 2460 4651 ea
2500 4604 2548 4650 et
2576 4596 2941 4661 mutabuntur;
2970 4603 3023 4649 tu
3053 4601 3227 4649 autem
3254 4590 3388 4653 idem
3417 4590 3525 4661 ipse

216 4680 480 4745 ratnine;
516 4679 661 4735 intus
688 4681 831 4737 enim
874 4681 1254 4754 prmmonitus,
1304 4683 1371 4737 ad
1426 4682 1544 4738 lucc
1595 4683 1808 4739 exsultat

1910 4708 2008 4758 tes,
2033 4700 2083 4745 et
2109 4690 2233 4745 anni
2260 4688 2337 4743 tui
2362 4704 2466 4743 non
2492 4687 2748 4757 deﬁcient.
2778 4684 3123 4756 Quapropter
3143 4683 3244 4740 soli
3273 4682 3527 4739 convenit

219 4772 401 4827 tionis
430 4773 589 4828 verba
636 4774 899 4847 prorupit.
958 4775 1228 4848 Sequitur,
1268 4777 1321 4831 in
1360 4778 1569 4832 domum
1618 4776 1829 4833 Domini

217 4863 449 4921 ibimus.
485 4865 675 4933 Domus
704 4882 824 4940 qua:
870 4867 1044 4939 justos
1102 4878 1304 4927 tantum
1361 4871 1568 4943 recipit,
1607 4872 1830 4944 angelos

217 4957 509 5028 continet,
546 4965 600 5014 et
621 4958 796 5029 ipsum
838 4972 1214 5017 creaturarum
1246 4963 1488 5019 omnium
1516 4964 1830 5034 conSpicere

220 5057 491 5106 meretur
519 5047 809 5106 Auctorem
840 5069 855 5120 ;
887 5050 1077 5107 domus
1103 5052 1495 5122 desiderabilis,
1524 5053 1717 5110 domus
1761 5055 1831 5112 de

217 5144 377 5200 vivis
406 5144 676 5214 lapidibus
704 5145 997 5216 fabricata;
1030 5147 1096 5202 de
1124 5162 1226 5219 qua
1268 5147 1323 5203 in
1355 5148 1463 5203 alio
1503 5148 1708 5218 psalmo
1754 5148 1837 5205 di-

213 5246 388 5292 ctum
415 5242 531 5291 est:
567 5235 737 5292 Unam
763 5239 886 5306 petii
935 5256 967 5293 α
1012 5238 1254 5308 Domino,
1303 5239 1435 5295 hanc
1468 5242 1749 5312 requiram,
1778 5249 1835 5298 ut

212 5328 522 5386 inhabilem
551 5330 605 5385 in
648 5331 798 5387 domo
825 5331 1033 5391 Domini
1080 5332 1311 5392 omnibus
1349 5335 1521 5395 diebus
1552 5335 1668 5397 vitta
1711 5353 1838 5397 mete

212 5422 423 5499 (Psal.
456 5439 601 5495 xxvi,
628 5424 708 5496 4).

301 5515 481 5573 Vers.
514 5517 570 5573 2.
596 5516 805 5610 Stantes
823 5529 965 5576 erant
988 5521 1138 5593 pedes
1166 5522 1329 5577 nostri
1351 5523 1409 5576 in
1434 5523 1578 5578 atriis
1600 5525 1722 5592 tuis,
1745 5524 1835 5581 Je-

199 5614 495 5673 rusalem.
530 5613 793 5685 Quoniam
829 5616 933 5672 sibi
972 5618 1230 5691 propheta
1259 5627 1513 5685 aeternam
1553 5618 1701 5675 illam
1731 5619 1833 5676 do-

1937 4782 2182 4840 Creatori
2211 4795 2332 4839 esse
2376 4781 2430 4835 in
2458 4780 2704 4850 idipsum.
2758 4777 2889 4839 Nam
2924 4776 3149 4847 angelus
3191 4776 3281 4846 qui
3321 4790 3382 4833 se
3420 4774 3526 4831 hoc

1941 4874 2308 4947 putavitesse,
2341 4886 2465 4929 mox
2504 4869 2748 4935 corruit;
2787 4868 2878 4924 ille
2905 4867 3054 4925 enim
3081 4881 3148 4923 es
3179 4879 3240 4922 se
3272 4879 3377 4921 non
3407 4872 3527 4925 erat

1940 4966 2082 5041 quod
2101 4974 2237 5033 erat,
2269 4962 2501 5036 ideoque
2529 4962 2585 5021 in
2612 4962 2841 5032 idipsum
2864 4973 2987 5017 esse
3014 4972 3123 5017 non
3153 4965 3381 5028 poterat.
3410 4954 3530 5021 Hoc

1943 5066 2105 5120 etiam
2145 5063 2198 5118 in
2230 5068 2423 5133 quarto
2470 5058 2679 5130 psalmo
2709 5055 2911 5111 dictum
2940 5062 3061 5110 est:
3092 5052 3146 5111 is
3176 5065 3301 5122 pace
3350 5050 3405 5105 in
3441 5050 3529 5107 ida

1942 5155 2112 5230 ipsum
2139 5153 2395 5209 dormiam
2413 5159 2463 5207 et
2489 5149 2801 5221 requiescam
2832 5144 3005 5218 (Psal.
3039 5159 3115 5211 tv,
3160 5142 3240 5216 9).
3277 5142 3431 5212 Quod
3455 5144 3532 5199 lo-

1945 5246 2175 5317 cutionis
2225 5260 2397 5319 genus
2437 5242 2837 5314 Scripturarum
2892 5238 3196 5299 divinarum
3254 5242 3530 5312 preprium

1942 5358 2064 5403 esse
2113 5342 2514 5416 cognoscimus.
2568 5336 2799 5395 Ciuitatis
2825 5351 2954 5411 ergo
2989 5338 3145 5396 istius
3178 5339 3527 5410 participatis,

1943 5436 2278 5505 consortium
2308 5441 2471 5504 atque
2519 5431 2831 5491 communio
2867 5440 2950 5489 est
2988 5431 3072 5505 (ut
3116 5432 3375 5503 diximus)
3404 5448 3527 5491 eum

1945 5526 2177 5587 Domino
2208 5526 2510 5591 Salvatore,
2545 5527 2685 5582 sicut
2714 5533 2770 5581 ct
2798 5524 2917 5596 ipse
2957 5522 3011 5582 in
3045 5525 3333 5598 Evangelia
3373 5536 3537 5585 testa-

1951 5628 2039 5676 tur
2062 5618 2281 5684 :Pater,
2320 5618 2431 5673 uolo
2478 5627 2531 5671 ut
2572 5618 2657 5674 ubi
2684 5634 2798 5673 sunt
2822 5632 2937 5690 ego,
2969 5618 3039 5677 ibi
3060 5620 3163 5679 sint
3194 5628 3241 5679 et
3266 5620 3318 5675 lsi
3345 5634 3541 5677 mecum

4016 2490 4027 2951 ἱ

198 5718 393 5762 mum
418 5703 635 5761 dixerat
653 5709 1112 5779 compromissam,
1130 5706 1240 5782 jam
1264 5711 1377 5782 ipsa
1402 5711 1838 5784 praeﬁguratione

198 5792 559 5875 futurorum
592 5802 647 5858 in
673 5818 737 5860 ea
763 5818 822 5861 se
849 5805 1160 5879 dicitvstare,
1192 5808 1259 5875 ad
1302 5824 1462 5879 quam
1496 5808 1843 5866 desiderabat

192 5904 468 5977 gittan
520 5885 697 5953 studio
747 5900 1060 5973 pervenire;
1113 5910 1168 5959 ut
1214 5916 1570 5973 agnoscamus
1617 5910 1837 5961 sanctos

1952 5709 2129 5784 (Joan.
2167 5723 2298 5775 xvu,
2324 5707 2439 5781 24).
2474 5707 2531 5764 ln
2562 5708 2655 5764 illa
2692 5708 2835 5777 enim
2862 5709 3087 5769 civitate
3114 5711 3219 5769 erit
3260 5710 3538 5776 Dominus,

1952 5807 2041 5865 cui
2063 5805 2234 5864 sancti
2261 5815 2420 5861 erunt
2446 5805 2632 5877 (prout
2663 5806 2780 5877 ipse
2807 5804 3165 5879 ροηεεεεεκὶι)
3190 5805 3307 5865 sine
3335 5803 3542 5863 dubita-

1956 5903 2103 5959 tione
2120 5899 2425 5974 participes.
2455 5899 2607 6002 ωερε
2638 5897 2911 5989 civitatem
2958 5899 3122 5963 lsaias
3148 5895 3411 5971 propheta
3437 5896 3543 5956 ωὶ-

851 6052 993 6067 ινιτην-.ς,*
1030 6048 1204 6067 Ἆλιν-ομιτ*
1238 6060 1241 6061 ν
1306 6055 1363 6065 ..ιω
