4090 6346
578 421 679 484 9M

514 600 521 613 η
574 543 734 603 rabili
780 528 1216 599 laude‘describit
1264 537 1448 595 dicens
1496 553 1509 590 ε

502 612 521 617 ’ν
573 637 712 691 muri
753 636 863 701 tui,
893 644 942 689 et
972 642 1133 702 porta:
1163 644 1262 687 tua:
1297 631 1495 686 lwtitia.
1523 628 1633 685 Nec
1654 630 1749 685 erit
1772 628 1861 683 tibi
1892 628 1968 683 sol
1998 627 2050 681 in
2078 627 2159 679 lu-

570 732 711 784 mine
729 727 850 794 diei,
881 743 1038 797 neque
1058 735 1200 781 ortus
1229 725 1366 781 lunae
1409 724 1593 779 lucebit
1622 723 1712 777 tibi
1744 731 1888 777 nocte
1905 739 1924 787 ,'
1952 721 2040 775 sed
2064 719 2159 773 erit

569 819 661 874 tibi
688 816 938 871 Dominus
960 818 1130 871 lumen
1154 827 1419 886 wternum,
1450 826 1500 871 et
1535 814 1673 870 Deus
1705 825 1821 869 tuus
1851 814 2018 885 gloria
2048 824 2155 869 tua.

568 905 698 964 Non
724 907 859 961 enim
890 907 1080 961 occidet
1110 908 1201 962 tibi
1231 909 1308 962 sol
1338 919 1479 974 tuus,
1522 916 1567 962 et
1604 907 1728 962 luna
1771 906 1861 960 tibi
1896 922 1996 960 non
2028 907 2158 974 deli-

566 999 700 1063 ciet;
727 1001 819 1053 erit
850 999 983 1052 enim
1027 1000 1114 1053 tibi
1145 998 1394 1053 Dominus
1418 999 1558 1054 Deus
1582 999 1754 1054 lumen
1792 1009 2035 1052 azternum
2065 1043 2077 1067 ,
2108 1006 2157 1053 et

567 1090 957 1162 complebantur
988 1092 1098 1146 dies
1141 1092 1306 1147 luctus
1349 1093 1458 1159 tui,
1493 1101 1541 1147 et
1576 1091 1797 1163 populus
1839 1101 1955 1146 tuus
1994 1091 2159 1146 omnis

563 1182 735 1254 iustus
768 1182 884 1250 erit,
914 1192 960 1235 et
992 1183 1045 1236 in
1071 1194 1320 1237 wternum
1350 1183 1647 1238 hwrcdilate
1677 1182 2006 1253 possidebunt
2052 1192 2156 1237 ter-

562 1288 682 1327 ram
722 1270 886 1344 (Isai.
918 1289 1017 1344 1.x,
1049 1274 1150 1337 18,
1184 1275 1281 1345 19η
1304 1274 1409 1342 ‘20,
1440 1273 1563 1343 9.1).
1596 1273 1762 1343 Cujus
1794 1273 2024 1328 civitatis
2043 1283 2157 1328 stu-

563 1364 742 1435 penda
769 1365 1023 1435 mysteria
1049 1366 1326 1436 apostolus
1347 1379 1558 1436 quoque
1583 1365 1821 1421 Joannes
1852 1366 1907 1420 in
1937 1364 2152 1435 Apoca-

524 1458 707 1529 .lypsi
735 1473 832 1515 sua
869 1459 1101 1517 mirabili
1151 1460 1539 1532 praedicatione
1579 1460 1881 1532 distinguit,
1932 1469 1992 1516 ut
2021 1476 2158 1531 prae-

562 1548 794 1605 sentiam
849 1558 993 1605 tuam
1040 1564 1177 1621 pene
1231 1551 1493 1607 interesse
1545 1550 1759 1617 credas,
1807 1566 1930 1607 cum
1978 1560 2158 1607 tamen

563 1642 692 1699 alibi
717 1652 768 1700 te
798 1645 1034 1713 positum
1075 1660 1196 1701 esse
1226 1659 1544 1717 cognoscas.
1602 1644 1757 1713 Quod
1784 1660 1915 1701 vero
1962 1647 2018 1701 iu
2048 1646 2157 1700 line

472 1762 475 1765 -
563 1736 860 1807 superioris
888 1753 1079 1795 versus
1126 1739 1419 1796 Jerusalem
1446 1741 1645 1811 posuit,
1678 1752 1733 1797 et
1784 1741 1888 1797 hoc
1924 1743 1977 1797 in
2021 1756 2157 1812 pras-

566 1831 712 1885 senti
734 1833 908 1902 capite
936 1832 1250 1904 geminavit,
1291 1836 1510 1893 schema
1562 1845 1645 1893 est
1690 1836 2042 1906 anadiplosis,
2101 1836 2155 1893 id

1800 414 1868 471 M.
1914 412 2188 474 AUliELll
2226 404 2622 469 CASSIODORI

1560 535 1892 591 Vocabuntur
1928 535 2161 589 salutare
2186 538 2241 599 Α
2269 529 2466 594 sessio,
2485 527 2716 596 dignitas
2745 523 3080 591 admiranda,
3109 537 3205 595 per
3225 520 3320 579 Dei
3343 523 3572 596 gratiam
3601 522 3857 582 homines

3751 398 3857 463 9η

2260 618 2474 689 judices
2495 616 2631 682 fieri,
2657 615 2747 687 qui
2771 616 2979 673 fuerant
3003 616 3239 685 peccatis
3261 614 3576 673 facientibus
3596 614 3711 673 rei!
3742 617 3853 675 Sed

2264 725 2385 766 cum
2418 709 2678 765 Dominus
2713 708 2858 764 dicat
2905 718 3190 780 utrumque
3217 707 3359 779 quod
3386 708 3580 779 legitur
3621 725 3637 763 :
3670 709 3755 765 Ite
3796 711 3852 766 in

2262 803 2431 873 ignem
2463 811 2710 857 wternum
2724 818 2745 869 ;
2771 810 2843 867 et,
2883 800 3082 871 Venite,
3109 800 3358 856 benedicti
3388 800 3565 856 Patris
3592 801 3713 871 mei,
3737 818 3853 874 per-

2263 894 2414 965 cipite
2438 910 2652 965 regnum
2701 892 2916 966 (Matth.
2949 910 3075 964 xxv,
3117 895 3209 962 41,
3242 893 3359 965 54),
3398 902 3537 964 etc.;
3580 897 3853 969 quomodo

2276 990 2449 1044 sancti
2502 1004 2623 1045 cum
2676 990 2901 1045 Domino
2941 989 3301 1061 judicabant?
3328 990 3462 1046 Cum
3505 992 3626 1063 ipso
3663 1007 3851 1049 revera

2259 1080 2600 1151 iudicabunt,
2624 1082 2837 1153 quando
2860 1083 2973 1154 jam
3002 1093 3183 1140 mente
3230 1085 3466 1155 purgati,
3521 1094 3578 1141 et
3620 1086 3677 1140 in
3720 1100 3853 1142 con-

2261 1174 2613 1245 templatione
2635 1174 3027 1245 perfectissima
3055 1177 3359 1249 constituti,
3386 1175 3488 1231 hoc
3524 1176 3646 1233 sine
3689 1176 3852 1232 dubio

2257 1266 2573 1338 iudicabunt
2593 1283 2714 1325 esse
2744 1267 3076 1336 faciendum,
3100 1270 3243 1342 quod
3272 1284 3305 1327 a
3331 1270 3566 1327 Domino
3585 1286 3854 1344 cognove-

2261 1362 2371 1417 rint
2391 1363 2767 1419 constitutum.
2794 1362 3053 1419 Voluntas
3082 1362 3229 1420 enim
3253 1378 3477 1435 compar
3493 1365 3847 1432 audientium,

2262 1470 2426 1510 unum
2460 1457 2586 1512 facit
2634 1471 2757 1512 esse
2797 1456 3081 1527 judicium,
3109 1458 3357 1529 quamvis
3385 1458 3574 1529 reliqui
3611 1460 3852 1516 tacuisse

2260 1555 2572 1602 noscantur.
2608 1548 2867 1603 Sederunt
2906 1560 3086 1605 autem
3112 1550 3256 1620 quod
3281 1550 3484 1608 dictum
3511 1559 3615 1621 est,
3648 1560 3849 1622 praete-

2259 1639 2421 1693 ritum
2451 1646 2663 1711 tempus
2696 1642 2913 1710 ponitur
2956 1657 3054 1713 pro
3092 1643 3293 1712 futuro,
3325 1644 3450 1714 quia
3477 1644 3658 1700 omnia
3687 1645 3853 1703 verba

2258 1728 2355 1785 Dei
2375 1730 2454 1786 sic
2480 1731 2632 1786 firma
2662 1740 2818 1799 sunt;
2855 1743 2913 1789 ut
2943 1737 3188 1805 quamvis
3225 1736 3517 1793 credantur
3544 1752 3669 1794 esse
3708 1753 3845 1795 ven-

2259 1831 2399 1889 tura,
2436 1825 2732 1884 stabilitate
2784 1819 2872 1884 sui
2933 1828 3167 1886 mstimes
3215 1844 3337 1887 esse
3375 1832 3487 1902 jam
3522 1830 3690 1889 facta.
3741 1833 3850 1890 Sed

564 1931 647 1977 est
674 1925 1069 1995 congeminatio
1094 1926 1343 1983 dictionis
1365 1945 1379 1995 ;
1401 1943 1523 1999 qua:
1542 1929 1643 1984 hoc
1672 1928 1849 1985 didert
1873 1929 1941 1985 ab
1968 1944 2155 2000 epem-
2187 1922 2238 1984 B
2264 1927 2670 1990 perscrulemul'
2699 1922 2828 1994 quid
2857 1924 2931 1979 Si!
2960 1923 3064 1981 hoc
3088 1924 3229 1997 quod
3254 1926 3399 1982 sedes
3456 1926 3649 1983 sedisse
3670 1926 3850 1983 dicat?

562 2012 682 2070 basi
710 2031 870 2087 quam
901 2019 956 2073 in
985 2020 1264 2089 superiore
1288 2021 1496 2091 psalmo
1522 2022 1779 2091 diximus,
1804 2022 2057 2094 quoniam
2080 2022 2153 2078 ibi

558 2115 745 2176 potest
771 2122 950 2165 sermo
976 2119 1099 2182 post
1124 2112 1302 2185 aliqua
1327 2113 1494 2170 verba
1530 2114 1824 2188 geminari;
1857 2114 1946 2171 hic
1973 2124 2153 2171 autem

564 2200 718 2257 nullo
746 2202 855 2258 alio
884 2204 1253 2263 intercedente
1276 2208 1559 2277 repetitur.

637 2295 797 2353 Vers.
825 2295 880 2352 4.
914 2297 1056 2355 Illuc
1084 2303 1224 2355 enim
1264 2302 1605 2357 ascenderunt
1633 2300 1793 2356 tribus
1815 2341 1830 2367 ,
1862 2301 2020 2356 tribus
2047 2299 2153 2355 Do-

561 2387 689 2442 mini
718 2403 739 2443 :
765 2391 1114 2446 testimonium
1138 2389 1307 2448 Israel
1333 2393 1403 2447 ad
1430 2393 1777 2463 conﬁtendum
1819 2393 2013 2448 nomini
2041 2390 2151 2461 tuo,

561 2478 805 2537 Domine.
840 2483 1105 2554 Dicendo,
1133 2486 1283 2554 illuc,
1318 2486 1585 2556 significat
1620 2487 1892 2542 civitatem
1930 2484 2148 2543 Jerusa-

536 2574 688 2641 ‘lem,
721 2590 880 2646 quam
908 2579 1155 2649 superius
1197 2578 1369 2635 dixit:
1402 2577 1565 2651 Cujus
1594 2581 1919 2651 participatio
1945 2581 2058 2649 ejus
2099 2578 2153 2653 in

556 2666 806 2738 idipsum.
840 2669 910 2724 Et
952 2678 1011 2726 ut
1046 2670 1322 2727 cmlestem
1369 2685 1490 2726 esse
1517 2685 1895 2742 cognosceres,
1925 2668 2147 2736 addidit,

560 2763 924 2819 ascenderunt.
950 2764 1032 2821 Ad
1072 2781 1232 2836 quam
1263 2765 1405 2822 beati
1433 2780 1649 2837 semper
1675 2765 1993 2832 ascendunt,
2017 2779 2153 2836 quo-

558 2853 703 2909 niam
723 2853 839 2925 jugi
865 2856 1253 2914 exercitatione
1284 2859 1594 2931 proﬁciunt.
1623 2858 1913 2930 Subjunxit
1964 2859 2149 2926 tribus,

558 2944 615 3000 in
647 2947 840 3017 quibus
890 2958 1009 3006 erat
1054 2950 1383 3008 lsraeliticus
1434 2951 1666 3023 populus
1691 2952 2043 3012 distributus:
2074 2954 2153 3009 sic

559 3038 703 3093 enim
727 3039 805 3094 illi
830 3043 976 3111 genti
1002 3042 1071 3098 ad
1100 3058 1384 3100 numerum
1407 3045 1642 3100 filiorum
1670 3044 1836 3101 Iacob
1864 3045 2150 3100 duodecim

560 3129 730 3184 tribus
758 3130 994 3200 fuerunt,
1020 3132 1161 3189 sicut
1187 3134 1431 3190 Romano
1448 3136 1647 3205 populo
1671 3136 1889 3206 triginta
1911 3137 2149 3207 quinque

556 3220 744 3274 curiae.
775 3221 831 3275 ln
863 3222 982 3277 istis
1015 3239 1144 3293 ergo
1172 3227 1418 3282 tribubus
1471 3227 1738 3297 signiﬁcat
1767 3238 2003 3298 sanctos,
2057 3231 2148 3300 qui

2264 2012 2475 2084 Merito,
2500 2018 2752 2086 quoniam
2783 2018 2954 2072 sancti
3002 2018 3100 2073 viri
3133 2017 3279 2074 sedes
3314 2027 3440 2074 sunt
3467 2018 3597 2086 Dei;
3628 2021 3683 2075 in
3719 2019 3851 2090 ipsis

2261 2107 2403 2161 enim
2437 2107 2677 2165 sedendo
2718 2110 2890 2179 gratia
2920 2124 3015 2167 eos
3044 2124 3157 2166 sua:
3206 2110 3504 2181 majestatis
3555 2111 3847 2180 illuminat,

2260 2198 2395 2255 sicut
2420 2199 2614 2272 legitur
2646 2219 2658 2256 :
2694 2201 2855 2259 Sedes
2892 2204 3157 2275 sapientia:
3177 2206 3353 2259 animo
3375 2205 3508 2277 justi
3532 2203 3673 2277 (Isa.
3702 2220 3846 2273 val,

2263 2289 2351 2361 12)
2377 2308 2391 2358 ;
2420 2303 2475 2349 et
2513 2294 2670 2349 alibi:
2698 2293 2868 2367 Super
2895 2312 3045 2365 quem
3102 2297 3369 2369 requiescit
3416 2298 3632 2368 spiritus
3680 2312 3844 2367 meus,

2260 2383 2360 2437 nisi
2394 2401 2548 2456 super
2594 2387 2863 2455 humilem,
2913 2397 2960 2442 et
2994 2390 3247 2459 quietum,
3279 2398 3329 2444 et
3358 2397 3657 2445 trementem
3700 2387 3850 2444 verba

2259 2477 2409 2529 mea?
2436 2478 2707 2548 Sequitur,
2724 2475 2777 2533 in
2799 2479 3017 2547 iudicio,
3035 2495 3143 2550 quo
3167 2480 3395 2548 scilicet,
3422 2480 3523 2536 nisi
3553 2479 3645 2537 illo
3673 2479 3852 2537 fner

2259 2567 2327 2624 de
2368 2586 2475 2640 quo
2533 2571 2767 2643 legitur:
2802 2572 2960 2629 Pater
3012 2591 3114 2629 non
3156 2576 3361 2646 judicat
3394 2592 3725 2648 quemquam,
3760 2577 3849 2632 sed

2258 2677 2406 2717 omne
2424 2663 2677 2733 judicium
2698 2664 2839 2717 dedit
2866 2662 3010 2719 Filio
3031 2663 3211 2737 (Joan.
3238 2680 3294 2730 v,
3314 2664 3446 2735 22)?
3475 2665 3583 2723 Sed
3604 2670 3850 2739 quamvis

2260 2774 2366 2815 non
2401 2757 2644 2829 posuerit
2670 2757 2833 2829 quale
2852 2756 3115 2828 judicium
3146 2759 3278 2816 velit
3319 2759 3567 2831 intelligi,
3600 2760 3845 2825 absoluta

2260 2862 2438 2907 tamen
2466 2853 2675 2907 ratione
2715 2852 3093 2922 cognoscimus
3128 2851 3258 2907 illud
3288 2866 3410 2908 esse
3445 2852 3534 2907 ubi
3576 2861 3632 2907 et
3675 2850 3850 2909 sancti

2256 2944 2546 3009 sedebunt,
2579 2953 2634 3000 et
2662 2945 2822 3000 simul
2849 2958 2971 2999 cum
3002 2943 3229 2999 Domino
3248 2943 3580 3015 iudicabunt.
3600 2944 3758 3010 Quod
3791 2945 3850 3001 iu

2257 3036 2551 3108 Scripturis
2580 3036 2779 3093 divinis
2806 3035 3124 3107 frequenter
3150 3036 3366 3092 invenis
3393 3035 3617 3103 dictum,
3650 3042 3710 3090 ut
3730 3050 3850 3092 non

2255 3128 2591 3198 exprimatur
2619 3142 2709 3183 res
2738 3127 2853 3198 ipsa
2878 3142 2999 3197 qua:
3026 3126 3257 3195 dicitur;
3291 3127 3387 3184 sed
3415 3134 3597 3184 tamen
3626 3127 3721 3184 det
3744 3128 3846 3186 ho-

2255 3221 2488 3277 minibus
2526 3222 2930 3291 intelligendum
2960 3222 3104 3294 quod
3134 3224 3529 3282 rationabiliter
3555 3225 3841 3291 sentiatur,

557 3309 846 3367 Dominum
876 3313 1214 3372 Salvatorem
1233 3317 1398 3373 Deum
1428 3333 1550 3375 esse
1578 3320 1810 3376 confessi
1836 3329 1993 3387 sunt;
2024 3336 2148 3377 nam
2179 3331 2224 3395 C
2255 3315 2513 3385 Siculjam
2537 3316 2587 3369 in
2606 3315 2712 3371 alio
2740 3316 2946 3386 P531010
2965 3317 3170 3374 ἀίοιυω
3197 3326 3310 3374 θειὲ
3337 3318 3466 3385 Qui!
3486 3328 3562 3374 εει
3583 3318 3735 3374 homo
3757 3319 3845 3387 ηιί

528 3414 531 3417 ‘
559 3414 623 3460 ut
651 3405 719 3460 ab
757 3405 1066 3463 infidelibus
1096 3410 1256 3465 tribus
1284 3411 1413 3468 istas
1437 3412 1674 3468 fidelium
1707 3413 1872 3486 434
1897 3430 2150 3485 segrega-

558 3509 670 3567 ret,
699 3498 930 3567 addidit,
961 3504 1123 3559 tribus
1153 3503 1386 3570 Domini,
1420 3520 1540 3575 qua:
1587 3506 1771 3577 utique
1815 3507 1983 3577 ipsius
2030 3522 2152 3565 esse

558 3607 671 3647 non
701 3603 968 3663 poterant,
997 3597 1101 3651 nisi
1132 3596 1182 3652 ei
1209 3612 1342 3668 pura
1368 3608 1550 3655 mente
1576 3599 1957 3656 credidissent.
2001 3601 2150 3658 Alias

522 3692 529 3693 '
558 3682 703 3739 enim
730 3685 894 3741 tribus
916 3698 1129 3745 constat
1151 3689 1315 3745 fuisse
1334 3690 1551 3758 diaboli,
1586 3706 1707 3762 quae
1737 3708 1763 3746 a
1788 3692 2003 3748 Christo
2028 3708 2147 3748 ma-

559 3775 779 3833 luerunt
827 3778 990 3850 impia
1050 3782 1327 3839 voluntate
1382 3786 1655 3854 separari;
1710 3787 1905 3856 quibus
1938 3788 2052 3855 ipse
2091 3788 2146 3843 in

556 3871 854 3943 Evangelia
882 3876 1018 3931 dixit
1044 3894 1056 3930 :
1094 3877 1199 3934 Vos
1217 3894 1249 3932 a
1279 3890 1423 3949 patre
1444 3880 1650 3934 diabolo
1677 3881 1796 3934 estis
1819 3877 1999 3948 (Joan.
2026 3895 2143 3948 vm,

556 3961 669 4034 44).
695 3964 894 4020 Verum
925 3968 1110 4037 quales
1136 3962 1320 4025 essent
1348 3971 1462 4025 ista:
1489 3970 1649 4025 tribus
1672 3969 1883 4024 Domini
1904 3970 2146 4027 breviter

554 4053 813 4112 indicavit
840 4076 851 4111 :
882 4058 1252 4115 Testimonium
1270 4060 1461 4128 Israel,
1482 4062 1532 4117 id
1555 4070 1657 4127 est,
1682 4062 1771 4132 qui
1800 4062 2144 4118 testimonium

552 4147 834 4214 praebeant
887 4152 1193 4217 sanctitati,
1250 4160 1305 4208 et
1354 4152 1462 4207 sint
1514 4152 1757 4222 probatio
1805 4167 1994 4209 eorum
2050 4155 2142 4225 qui

553 4236 724 4293 Deum
747 4240 949 4297 vident.
966 4242 1337 4299 Testimonium
1362 4246 1504 4300 enim
1520 4246 1981 4301 confirmationem
2005 4260 2143 4316 pra:-

552 4338 661 4386 stat
686 4332 1073 4405 ignorantibus,
1120 4347 1178 4392 ut
1218 4338 1438 4395 credant
1464 4354 1583 4394 esse
1621 4354 1810 4395 revera
1841 4339 1935 4395 Dei
1968 4339 2141 4395 famu-

552 4420 657 4489 los,
690 4424 779 4493 qui
816 4425 1047 4482 viderint
1070 4428 1257 4486 beatos
1284 4430 1429 4486 viros
1468 4440 1678 4486 actuum
1707 4431 1975 4501 probitate
2005 4446 2140 4488 con-

550 4512 788 4581 spicuos.
818 4514 951 4571 Nam
980 4526 1038 4572 ut
1065 4518 1166 4575 hoc
1197 4534 1303 4575 non
1330 4520 1558 4576 haberes
1592 4520 1922 4589 ambiguum,
1954 4522 2139 4593 subje-

550 4605 648 4671 cit,
682 4607 751 4661 ad
775 4609 1122 4678 conﬁtendum
1144 4613 1340 4668 nomini
1371 4623 1479 4667 tuo.
1505 4615 1585 4667 Ad
1611 4614 1958 4683 conﬁtendum
1987 4614 2134 4670 enim

2256 3407 2361 3460 uult
2390 3406 2539 3459 vitam
2567 3405 2742 3477 (Psal.
2773 3423 2960 3476 xxxiii,
2990 3408 3127 3478 ιδῃ
3175 3408 3245 3464 Ει
3296 3409 3351 3465 in
3402 3409 3698 3481 Evangelio
3728 3410 3844 3467 Do-

2254 3501 2430 3557 minus
2459 3518 2470 3553 :
2506 3500 2568 3556 Si
2596 3502 2669 3555 vis
2695 3503 2862 3557 venire
2889 3504 2957 3556 ad
2978 3503 3153 3570 vitam,
3180 3519 3324 3571 serua
3350 3507 3598 3559 mandata
3622 3503 3839 3575 (Matth.

2253 3608 2367 3661 xix,
2402 3592 2533 3664 47);
2566 3608 2674 3649 non
2704 3595 2852 3650 enim
2881 3594 3041 3663 dixit,
3075 3603 3358 3663 aeternam,
3385 3597 3531 3667 quod
3555 3607 3641 3653 est
3665 3598 3841 3653 omni-

2250 3684 2425 3740 modis
2467 3687 2831 3743 sentiendum.
2887 3686 3013 3742 Haec
3057 3688 3227 3759 ﬁgura
3275 3688 3475 3744 dicitur
3512 3690 3738 3761 ellipsis,
3787 3698 3842 3746 et

2251 3778 2375 3847 quia
2399 3778 2475 3832 illi
2504 3779 2656 3835 deest
2680 3780 3020 3836 necessarius
3052 3795 3261 3849 sermo,
3303 3780 3545 3837 defectus
3589 3791 3837 3837 vocatur.

2250 3868 2358 3924 Sed
2379 3882 2555 3926 tamen
2587 3885 2710 3942 qua:
2740 3872 2848 3926 sint
2877 3871 2995 3927 ista:
3017 3870 3185 3938 sedes,
3213 3871 3477 3927 laudando
3495 3887 3661 3928 conse
3679 3888 3845 3941 jucu-

2218 3958 2333 4016 ter
2387 3963 2628 4033 exponit,
2689 3964 2875 4019 dicens
2911 3982 2924 4018 :
2959 3964 3123 4019 Sedes
3171 3982 3325 4035 super
3373 3966 3573 4019 domum
3630 3962 3840 4022 Dauid.

2214 4054 2420 4128 Super
2469 4061 2679 4113 domum
2732 4058 2882 4129 dicit,
2945 4073 3107 4130 super
3154 4058 3405 4115 familiam
3454 4057 3676 4128 Christi,
3704 4059 3842 4130 quia

2218 4146 2221 4149 ’
2248 4151 2506 4208 clariores
2531 4153 2604 4209 ibi
2631 4162 2789 4209 erunt
2816 4153 2982 4224 aliqui
3017 4162 3323 4209 sanctorum
3350 4168 3381 4209 a
3413 4153 3638 4224 reliquis
3664 4152 3840 4209 fideli-

2247 4246 2368 4314 bus,
2400 4247 2540 4303 sicut
2567 4248 2693 4303 dicit
2725 4247 3054 4319 Apostolus:
3085 4247 3254 4305 Stella
3280 4248 3342 4302 ab
3369 4245 3523 4303 stella
3562 4246 3741 4314 diﬂ’ert
3783 4246 3838 4301 in

2216 4324 2499 4407 claritate,
2528 4342 2600 4397 sic
2632 4343 2728 4397 erit
2750 4352 2796 4396 et
2821 4343 3124 4397 resurrectio
3170 4350 3489 4397 mortuorum
3519 4338 3575 4412 (I
3599 4340 3722 4395 Cor.
3748 4356 3836 4406 xv,

2243 4433 2336 4499 41,
2368 4434 2484 4503 42).
2506 4432 2636 4488 Nam
2662 4433 2708 4489 si
2736 4433 2893 4490 alicui
2925 4448 3206 4491 servorum
3230 4434 3317 4492 hic
3337 4434 3480 4491 inter
3503 4433 3838 4492 contumulos

2244 4540 2373 4581 suos
2397 4526 2463 4581 de
2490 4525 2697 4582 domini
2720 4527 2801 4582 sui
2829 4527 3010 4584 animo
3037 4528 3238 4598 aliquid
3288 4528 3519 4598 amplius
3549 4529 3694 4585 scire
3722 4530 3837 4600 glo-

2244 4620 2447 4675 riosum
2480 4631 2582 4686 est,
2619 4632 2819 4690 quanto
2844 4622 3013 4691 magis
3043 4620 3097 4675 in
3132 4619 3220 4675 illa
3248 4620 3412 4676 domo
3433 4621 3641 4678 Christi
3662 4630 3837 4694 potest

547 4695 701 4765 dicit,
731 4699 799 4754 ad
830 4700 1179 4770 laudandum,
1204 4705 1329 4774 quia
1350 4719 1473 4760 cum
1515 4706 1719 4776 angelis
1744 4720 1933 4761 omnes
1962 4706 2135 4763 sancti
2161 4716 2217 4780 1)
2245 4726 2365 4767 esse
2392 4710 2641 4766 mirabile
2672 4710 2901 4779 aliquam
2935 4711 3452 4781 contemplationem
3475 4711 3694 4769 Domini
3721 4717 3832 4786 plus

547 4794 737 4851 laudes
764 4796 980 4854 Domini
1008 4799 1379 4856 celebrabunt.
1410 4799 1586 4866 Ipsum
1633 4807 1717 4855 est
1756 4800 1901 4855 enim
1949 4815 2135 4856 verum

545 4888 894 4944 testimonium
915 4888 1101 4959 Israel,
1148 4905 1268 4945 cum
1310 4890 1494 4946 laudes
1543 4890 1756 4946 Domini
1784 4890 2133 4946 devotissimo

547 4994 733 5037 amore
752 4984 1059 5042 cantantur.
1096 4986 1187 5043 Sic
1213 4986 1307 5041 illa
1356 4987 1531 5042 futura
1581 4987 1770 5042 civitas
1801 4987 2133 5044 beatitudine

545 5069 845 5129 sublucenti
869 5083 924 5131 et
948 5078 1151 5133 honore
1184 5079 1460 5148 praemisso
1490 5078 1755 5149 descripta
1780 5089 1887 5135 est.

620 5161 777 5219 Vere.
810 5165 864 5220 5.
901 5166 1037 5234 Quia
1068 5169 1176 5222 illic
1206 5171 1446 5226 sederunt
1477 5172 1618 5226 sedes
1646 5172 1702 5225 in
1724 5172 1951 5243 judicio,
1983 5173 2131 5228 sedes

545 5270 698 5326 super
719 5258 929 5311 domum
957 5258 1145 5315 Dauid.
1198 5261 1320 5319 lllos
1349 5279 1484 5335 quos
1510 5264 1759 5334 superius
1805 5265 1962 5333 dixit,
1994 5263 2134 5321 Illuc

544 5348 925 5419 ascenderunt,
957 5366 1025 5406 ne
1068 5366 1162 5409 eos
1211 5356 1461 5413 crederes
1488 5358 1664 5413 minus
1695 5358 1936 5414 fortassis
1962 5359 2133 5415 hono-

545 5440 764 5509 randos,
796 5440 944 5510 dicit,
978 5442 1114 5513 Quia
1140 5446 1250 5502 illic
1273 5449 1538 5506 sederunt.
1585 5448 1708 5504 Illic
1732 5452 1936 5522 utique,
1971 5453 2060 5508 ubi
2076 5461 2131 5509 et

544 5535 925 5606 ascenderunt,
950 5546 1005 5594 et
1032 5553 1154 5596 cum
1175 5540 1402 5613 Domino
1413 5543 1748 5613 iudicabunt.
1763 5543 1965 5600 Tantus
1982 5545 2125 5601 enim

546 5626 726 5684 honor
749 5630 951 5687 sanctis
974 5634 1325 5703 promittitur,
1358 5644 1417 5693 ut
1442 5638 1605 5694 etiam
1648 5652 1771 5693 cum
1798 5638 1889 5695 illo
1918 5639 2128 5696 caelesti

537 5720 723 5791 judice
737 5722 981 5792 judicare
1012 5737 1336 5797 mereantur,
1366 5730 1505 5786 sicut
1534 5740 1588 5786 et
1614 5731 1669 5786 in
1693 5730 1989 5801 Evangelia
2014 5731 2130 5802 ipse

541 5819 810 5871 testatur:
836 5816 1090 5877 Sedebitis
1136 5837 1292 5891 super
1337 5822 1606 5879 duodecim
1646 5825 1811 5893 sedes,
1834 5825 2132 5897 judicantes

506 5932 509 5935 ι
545 5905 818 5968 duodecim
865 5910 1022 5970 tribus
1049 5908 1219 5972 Israel
1248 5912 1746 5995 (Matth.}1x,28).
1791 5916 2129 5978 llonorabilis

2243 4803 2471 4870 habere,
2503 4812 2560 4857 ut
2609 4811 2756 4859 tanto
2809 4803 2979 4873 magis
3004 4804 3072 4859 ab
3118 4802 3226 4859 alio
3253 4804 3446 4871 distet,
3475 4814 3683 4875 quanto
3713 4820 3831 4861 eum

2243 4895 2575 4951 divinitatem
2618 4895 2734 4965 ejus
2779 4894 3069 4965 contigerit
3111 4895 3344 4965 amplius
3381 4896 3608 4953 intueri.
3665 4894 3831 4952 Dauid

2210 4980 2371 5044 ‘vero
2394 4988 2657 5059 significat
2703 4988 3005 5055 Christum,
3036 5003 3232 5045 nomen
3272 5004 3340 5045 ex
3389 5001 3618 5059 parente
3657 4992 3829 5047 carnis

2242 5089 2596 5151 assumptum.
2626 5082 2692 5135 Et
2718 5082 2927 5137 intuere
2956 5081 3408 5152 quemadmodum
3421 5081 3661 5140 civitatis
3691 5084 3830 5139 illius

2242 5172 2381 5228 facta
2412 5172 2701 5243 descriptio
2724 5181 2825 5240 est,
2865 5181 2922 5227 ut
2945 5173 3304 5246 diceretquid
3326 5174 3403 5231 ibi
3432 5176 3701 5246 agendum
3740 5176 3825 5243 sit,

2243 5264 2695 5335 quemadmodum
2747 5266 3111 5333 construitur,
3163 5267 3255 5338 qui
3306 5265 3437 5323 illuc
3488 5268 3824 5335 ascendant,

2240 5356 2368 5429 quid
2399 5357 2470 5414 ibi
2503 5358 2674 5412 acturi
2712 5356 2864 5412 sint?
2888 5358 3041 5426 Quod
3068 5358 3289 5414 schema
3317 5358 3522 5415 dicitur
3545 5359 3823 5416 characte-

2237 5449 2456 5516 rismos,
2488 5463 2607 5519 quae
2640 5447 2828 5505 Latine
2860 5449 3170 5507 informatio
3190 5449 3274 5507 vel
3306 5449 3604 5523 descriptio
3624 5450 3823 5508 nuncu-

2238 5551 2410 5613 patur.

2304 5637 2461 5693 Vers.
2491 5636 2544 5693 6.
2576 5636 2774 5709 Rogata
2820 5654 2935 5710 qua:
2962 5640 3032 5695 ad
3061 5655 3240 5714 pacem
3268 5648 3387 5697 sunt
3424 5637 3749 5703 Jerusalem,
3772 5645 3824 5691 es

2235 5729 2550 5783 abundantia
2580 5729 2910 5800 diligentibus
2939 5742 3007 5787 te.
3032 5732 3113 5788 Ad
3139 5733 3433 5789 secundam
3459 5731 3822 5788 narrationem

2236 5820 2499 5891 propheta
2557 5823 2832 5894 pervenit,
2886 5824 2979 5880 ubi
3030 5838 3125 5880 eos
3179 5824 3475 5893 alloquitur
3518 5816 3611 5887 qui
3659 5819 3821 5881 sunt,

2236 5913 2463 5970 Domino
2488 5922 2799 5985 praestante,
2828 5916 3139 5986 iudicaturi.
3163 5915 3374 5980 nomen
3406 5909 3549 5971 istud
3578 5909 3827 5990 aqva
