4090 6346
311 448 418 510 913

1203 430 1567 492 EXPOSITIO
1604 429 1671 486 IN
1710 423 2173 484 PSALTERIUM.
2218 425 2411 483 PSAL.
2451 425 2664 483 CXXII.

3480 422 3586 478 9H

313 584 434 625 cum
461 571 563 622 est.
594 563 650 619 In
677 563 780 618 hoc
803 561 944 618 enim
983 561 1122 626 loco,
1177 555 1389 627 Regale,
1435 557 1764 621 interrogate
1819 552 1894 604 si-
1926 543 1981 604 Α
2004 556 2096 601 aut
2125 545 2401 600 commoda
2427 560 2524 600 sua
2553 544 2835 614 quisquam
2863 541 3080 606 doceat;
3111 539 3205 595 sed
3237 535 3588 594 misericordi

312 661 562 733 gniﬁcat,
594 673 698 714 non
745 647 1060 726 supplicate.
1094 649 1411 720 Perquirere
1440 648 1582 703 enim
1614 655 1670 700 et
1713 643 1899 698 rimari

315 762 504 812 cuncta
534 749 787 807 convenit
809 748 1140 818 iudicantem
1169 762 1181 810 ;
1211 744 1303 799 sed
1328 742 1431 796 hoc
1460 739 1531 794 ibi
1572 754 1677 794 non
1703 739 1763 793 ﬁt
1788 752 1902 792 ser-

313 847 598 914 monibus,
647 858 820 913 neque
870 839 1288 910 interrogatione
1343 834 1490 890 vocis
1521 874 1536 901 ,
1589 833 1684 888 sed
1739 831 1901 886 tacita

314 941 512 999 mentis
566 937 1014 994 consideratione.
1076 932 1276 988 Omnes
1329 936 1453 983 sunt
1504 941 1628 982 cum
1673 925 1902 979 Domino

314 1035 480 1105 (sicut
501 1031 701 1087 dictum
740 1030 846 1099 est)
875 1023 1186 1098 iudicaturi,
1241 1021 1457 1091 quando
1502 1019 1787 1074 illuminati
1823 1024 1904 1070 at-

315 1141 420 1196 que
443 1120 760 1179 sanctiﬁcati
789 1120 934 1176 illam
965 1131 1153 1174 revera
1191 1123 1520 1193 cognoscent
1556 1127 1676 1168 esse
1705 1112 1903 1165 verita-

313 1225 450 1283 tem,
481 1229 638 1285 quam
671 1212 928 1269 Dominus
962 1211 1179 1281 proprio
1209 1223 1305 1264 ore
1346 1209 1588 1263 dicturus
1615 1214 1718 1262 est.
1746 1205 1904 1261 Paci;

317 1311 449 1365 ﬁcos
469 1307 613 1364 enim
636 1308 827 1378 quaerit
845 1306 1132 1361 Dominus:
1153 1303 1405 1373 paciﬁcos
1422 1303 1613 1373 qurerit
1635 1310 1688 1357 et
1708 1301 1904 1356 cohors

317 1409 425 1456 tota
455 1407 787 1465 sanctorum,
829 1399 920 1469 qui
963 1397 1226 1453 charitate
1273 1394 1575 1466 plenissimi
1620 1401 1764 1460 sunt,
1812 1393 1904 1464 qui

319 1491 582 1548 modestia
606 1491 831 1562 pollent,
877 1491 967 1560 qui
995 1488 1085 1558 pia
1127 1487 1428 1542 humilitate
1465 1485 1710 1556 praecelsi
1754 1491 1898 1539 sunt.

317 1583 445 1640 Haec
463 1584 607 1640 enim
633 1592 688 1641 et
713 1591 930 1638 sanctos
958 1580 1072 1636 vult
1097 1595 1363 1650 quaerere,
1393 1593 1513 1649 qua:
1543 1578 1696 1634 novit
1727 1573 1908 1632 Domi?

317 1690 445 1730 num
463 1689 623 1744 posse
644 1675 888 1745 diligere.
919 1673 1027 1729 Sed
1049 1673 1207 1728 istam
1232 1688 1407 1744 pacem
1429 1671 1580 1741 cujus
1609 1685 1730 1727 esse
1750 1670 1905 1726 dicit?

317 1765 608 1820 Jerusalem
636 1767 840 1836 utique,
873 1765 926 1822 id
952 1775 1035 1822 est
1067 1764 1253 1834 populi
1307 1764 1505 1832 ﬁdelis,
1541 1765 1633 1834 qui
1665 1759 1914 1834 tempore

314 1859 502 1930 iudicii
528 1859 582 1915 in
609 1858 760 1929 pacis
785 1858 1085 1915 aternitate
1127 1857 1405 1927 recipitur.
1459 1858 1728 1913 Admonet
1774 1873 1903 1929 ergo

2004 638 2184 692 animo
2213 648 2415 708 prepter
2442 639 2624 707 fratres
2668 635 2874 689 laboret
2920 643 2966 686 et
2996 634 3286 702 proximos,
3331 631 3474 685 sicut
3511 629 3590 682 ait:

2004 729 2293 800 Apostolus
2323 728 2478 783 :Non
2499 744 2728 798 qutrrens
2751 727 2885 796 quod
2911 726 3036 779 mihi
3062 725 3188 778 utile
3215 731 3308 789 est,
3337 723 3425 776 sed
3450 721 3589 790 quod

2006 825 2180 877 multis
2228 822 2279 893 (I
2307 821 2426 876 Cor.
2467 839 2521 887 χ,
2555 821 2672 892 55).
2720 820 2835 875 Non
2866 833 2994 888 ergo
3024 825 3245 888 propter
3300 814 3588 870 utilitatem

2006 931 2157 971 suam
2189 916 2540 985 temporalem
2569 916 2788 970 locutum
2813 929 2870 968 se
2897 912 3030 968 dicit
3053 927 3229 981 pacem
3258 907 3405 963 illam
3427 904 3594 961 futuri

2007 1009 2209 1073 saeculi,
2237 1007 2329 1062 sed
2359 1016 2563 1080 propter
2592 1012 2776 1076 fratres
2801 1015 2848 1058 et
2891 1005 3183 1073 proximos;
3215 1008 3274 1056 ut
3303 1014 3421 1055 eam
3448 997 3595 1053 salu-
3679 1069 3682 1072 ξ

2006 1100 2194 1155 tariter
2217 1100 2603 1167 desiderantes,
2636 1098 3007 1154 unanimitatis
3037 1110 3097 1152 se
3123 1094 3338 1150 vinculo
3367 1091 3593 1160 colliga-
3677 1094 3690 1140 ξ-

2006 1203 2127 1251 rent
2159 1197 2282 1270 [ed.,
2313 1194 2671 1266 colligerent].
2704 1194 2838 1248 Cum
2883 1206 3016 1247 vero
3062 1189 3192 1245 dicit
3221 1193 3284 1243 de
3303 1197 3372 1252 te,
3411 1184 3480 1238 ad
3498 1183 3608 1238 Je-'
3667 1183 3684 1248 ἒ

2010 1290 2243 1344 rusalem
2268 1303 2327 1344 se
2353 1288 2527 1343 adhuc
2552 1286 2819 1358 signiﬁcat
2848 1284 3013 1354 loqui,
3047 1283 3100 1337 in
3129 1296 3236 1352 qua
3282 1287 3596 1335 sanctorum

2009 1389 2181 1438 ccetus
2207 1389 2310 1446 est,
2345 1380 2396 1434 id
2428 1388 2512 1434 est
2536 1379 2790 1433 adunatio
2822 1375 3125 1432 beatissima
3149 1372 3492 1443 populorum.

2081 1472 2237 1528 Vers.
2271 1472 2323 1527 9.
2350 1471 2569 1542 PrOpter
2601 1471 2808 1524 domum
2841 1469 3049 1523 Domini
3072 1467 3168 1522 Dei
3193 1467 3290 1520 mei
3322 1465 3476 1539 [mss.
3500 1464 3596 1539 Α...

2011 1565 2096 1632 Β.,
2133 1563 2315 1636 nostri]
2348 1564 2557 1634 quaesivi
2588 1562 2719 1616 bona
2751 1561 2858 1616 tibi.
2910 1559 2988 1614 Ne
3018 1559 3138 1630 quis
3181 1566 3396 1628 putaret
3437 1555 3600 1610 alicui

2011 1660 2090 1716 rei
2117 1659 2197 1714 sic
2222 1659 2469 1714 alfectutn
2507 1655 2714 1721 deberi,
2739 1662 2800 1709 ut
2841 1652 3055 1708 Domini
3105 1651 3418 1704 charitatem
3451 1661 3598 1716 pra:-

2012 1751 2313 1807 termittere
2332 1749 2626 1816 videretur,
2656 1746 2866 1802 addidit
2895 1759 3060 1814 quare
3103 1743 3245 1797 bona
3291 1739 3601 1811 quaesiverit

2011 1839 2341 1905 Jerusalem;
2377 1839 2583 1894 scilicet
2602 1838 2725 1908 quia
2753 1838 2934 1891 domus
2956 1844 3041 1891 est
3062 1833 3302 1899 Domini,
3341 1831 3408 1885 ad
3438 1843 3601 1900 quem

319 1923 582 2024 propheta
609 1923 754 2025 quod
780 1952 888 2009 scit
917 1967 1037 2009 esse
1064 1923 1348 2008 venturum
1376 1968 1390 2018 ;
1423 1959 1482 2006 ut
1526 1947 1624 2006 illi
1650 1953 1741 2022 qui
1777 1923 1902 2007 cu'm

2022 1934 2151 1990 bene
2171 1930 2405 1987 refertur
2425 1928 2688 2001 quidquid
2709 1927 3015 1984 dilectionis
3038 1923 3382 1995 impenditur.

317 2045 543 2102 Domino
591 2044 924 2116 judicabant,
959 2043 1150 2098 talibus
1195 2043 1327 2098 viris
1362 2041 1418 2096 in
1458 2041 1544 2097 illa
1570 2041 1741 2113 patria
1773 2056 1898 2097 con-

318 2136 614 2206 gaudeant,
643 2136 733 2206 qui
756 2144 810 2192 et
838 2135 928 2190 hic
953 2148 1141 2204 pacent
1175 2133 1431 2204 diligunt,
1481 2140 1535 2188 et
1578 2132 1651 2186 ibi
1689 2141 1905 2188 mternte

321 2229 467 2300 pacis
498 2228 715 2298 praemia
744 2235 1167 2296 consequuntur.
1199 2225 1267 2280 Et
1294 2225 1415 2295 quia
1456 2224 1508 2279 in
1555 2224 1663 2280 ﬁne
1687 2235 1903 2280 senten-

320 2320 408 2376 tiae
435 2319 727 2374 Jerusalem
754 2318 951 2389 posuit,
975 2331 1271 2372 conversus
1295 2317 1362 2372 ad
1394 2317 1566 2385 ipsam
1591 2316 1908 2372 brevissima

320 2411 780 2468 demonstratione
801 2408 1128 2479 complexus
1159 2417 1242 2463 est
1281 2407 1657 2462 :‘Abundantia
1690 2407 1908 2478 diligen-

323 2501 455 2556 tibus
481 2509 551 2557 te.
580 2501 769 2557 Omnia
793 2499 934 2555 enim
963 2499 1101 2554 bona
1132 2499 1237 2554 illis
1260 2498 1536 2554 abundare
1564 2497 1910 2554 manifestum

323 2603 438 2661 est,
471 2593 562 2664 qui
593 2593 824 2663 diligunt
850 2592 1186 2657 Jerusalem;
1233 2607 1356 2646 nam
1394 2593 1484 2662 qui
1524 2592 1613 2646 hic
1647 2607 1910 2662 pauperes

320 2686 544 2751 fuerint,
586 2686 660 2740 ibi
687 2685 952 2740 bonorum
971 2683 1226 2740 omnium
1257 2682 1452 2738 divites
1482 2690 1671 2747 erunt;
1707 2683 1797 2751 qui
1827 2682 1913 2735 hic

323 2776 573 2847 fragiles,
604 2777 678 2834 ibi
709 2778 996 2844 indefecti;
1030 2776 1120 2846 qui
1166 2774 1255 2830 hic
1305 2775 1669 2844 temporales,
1719 2774 1790 2830 ibi
1839 2788 1913 2828 az-

323 2870 464 2924 terni
489 2885 506 2936 ;
545 2876 601 2925 et
627 2868 885 2940 quidquid
915 2870 1175 2924 bonorum
1202 2881 1325 2923 esse
1353 2874 1551 2936 petest,
1575 2866 1676 2920 ista
1704 2865 1912 2920 caelesti

323 2963 647 3018 abundantia
672 2964 883 3019 videtur
905 2964 1191 3018 inclusum.

402 3057 556 3113 Vcrs.
589 3059 643 3111 7.
677 3056 802 3112 Fiat
833 3074 936 3128 pax
971 3058 1024 3111 in
1056 3057 1242 3111 uirtute
1268 3064 1384 3123 tua,
1418 3065 1465 3110 et
1499 3056 1818 3110 abundantia
1859 3056 1914 3109 in

327 3149 550 3204 turribus
578 3151 698 3204 tuis.
731 3150 918 3206 Adhuc
947 3149 1015 3216 ad
1039 3149 1334 3205 Jerusalem
1368 3149 1620 3218 loquitur,
1651 3148 1735 3202 cui
1766 3157 1916 3217 optat

328 3242 452 3298 talia
483 3243 663 3311 qualia
687 3242 790 3298 scit
827 3257 948 3299 esse
979 3250 1222 3300 ventura.
1274 3241 1464 3310 Virtus
1501 3242 1697 3312 quippe
1744 3241 1913 3310 ipsius

2570 2041 2838 2097 Conclusio
2869 2038 3076 2110 psalmi.

2083 2160 2453 2232 Respiciamus
2475 2159 2788 2230 prophetam
2819 2155 2994 2226 qualia
3020 2155 3071 2208 in
3097 2152 3256 2208 tertio
3281 2150 3446 2221 gradu
3476 2149 3603 2204 cha-

2012 2254 2190 2309 ritatis
2212 2253 2374 2307 verba
2399 2250 2715 2320 profuderit,
2741 2247 2870 2303 etin
2896 2246 3136 2316 profectu
3157 2244 3297 2312 ejus,
3315 2250 3605 2311 praestante

2017 2343 2262 2408 Domino,
2292 2342 2638 2412 gaudeamus.
2673 2339 2942 2406 Quantum
2964 2335 3107 2390 enim
3141 2341 3456 2388 sanctorum
3484 2333 3607 2400 quis

2014 2433 2360 2489 ascendendo
2391 2432 2621 2502 prolicit,
2655 2438 2862 2484 tantum
2887 2429 3082 2484 altiora
3106 2434 3162 2482 et
3186 2425 3426 2481 dulciora
3442 2423 3606 2479 verba

2015 2524 2306 2595 depromit.

2529 2637 2842 2696 PSALMUS
2871 2637 3085 2694 CXXII.

2529 2734 2796 2788 Canticum
2819 2733 3094 2803 graduum.

2091 2853 2242 2908 Libet
2264 2849 2533 2921 respicere
2563 2845 3016 2918 quemadmodum
3047 2840 3382 2914 propltetalis
3410 2852 3604 2896 ascen-

2018 2958 2114 2998 sus
2141 2944 2240 2997 iste
2268 2940 2536 3010 proﬁciat,
2571 2947 2625 2994 et
2657 2937 2914 3006 paulatim
2947 2935 3138 2990 altiora
3164 2942 3377 3003 petens,
3408 2931 3610 2986 indicia

2023 3034 2178 3090 nobis
2225 3047 2336 3087 suae
2375 3028 2722 3101 perfectionis
2771 3027 3040 3083 ostendat.
3074 3024 3204 3079 Nam
3240 3024 3330 3092 qui
3363 3023 3514 3092 prius
3543 3021 3612 3075 ad

2024 3134 2234 3182 montes
2256 3124 2442 3180 oculos
2469 3122 2689 3188 levavit,
2723 3135 2865 3176 nunc
2897 3120 2964 3174 ad
2995 3120 3172 3189 ipsum
3204 3117 3490 3172 Dominum
3521 3115 3610 3168 lu-

2023 3223 2167 3276 mina
2195 3219 2279 3275 sui
2307 3217 2483 3272 cordis
2512 3214 2706 3271 erexit:
2739 3223 2792 3268 ut
2817 3211 2906 3282 qui
2934 3209 3306 3281 spiritualibus
3337 3206 3613 3279 gressibus

328 3348 432 3402 pax
457 3301 573 3388 sine
601 3333 935 3390 dubitatione
961 3342 1270 3388 sanctorum
1309 3342 1414 3402 est,
1447 3301 1566 3402 im},
1597 3301 1832 3388 ’νὀολιὶη-
1858 3342 1913 3388 ει
1941 3313 1989 3378 C
2025 3315 2250 3371 celsiora
2280 3311 2553 3367 nitebatur
2575 3308 2888 3402 ascendere,
2918 3307 3114 3361 divinae
3134 3320 3193 3360 se
3223 3301 3613 3402 misericordiae

327 3423 605 3490 charitas;
649 3425 716 3481 de
762 3440 868 3496 qua
929 3425 1188 3496 scriptum
1244 3423 1534 3479 estzDeus
1567 3425 1792 3478 charitas
1841 3435 1918 3478 est

327 3516 378 3588 (ι
408 3517 565 3573 Joan.
615 3534 688 3586 tv,
745 3518 856 3590 16).
911 3519 1015 3574 Per
1057 3520 1194 3573 hanc
1243 3519 1387 3573 enim
1427 3518 1565 3573 ﬁunt
1591 3533 1781 3586 unum,
1818 3533 1917 3588 per

329 3607 468 3663 hanc
494 3609 746 3679 templum
778 3618 1053 3665 merentur
1080 3623 1201 3665 esse
1231 3608 1536 3674 Creatoris;
1573 3618 1629 3664 et
1657 3608 1918 3678 quidquid

328 3699 410 3753 eis
438 3700 792 3769 promittitur,
817 3699 981 3770 ipsius
1004 3699 1437 3755 consideratione
1457 3707 1763 3768 praestatur.
1798 3698 1917 3752 Ραω

333 3789 435 3846 isut
465 3798 731 3859 estquam
762 3790 906 3844 nulla
936 3790 1077 3845 bella
1117 3790 1465 3854 concutiunt,
1519 3805 1678 3859 quam
1723 3790 1915 3844 seditio

335 3880 482 3936 nulla
523 3882 838 3940 conturbat:
871 3881 965 3938 sed
995 3883 1111 3939 sine
1140 3882 1246 3937 ﬁne
1277 3881 1640 3951 possidebitur
1668 3880 1809 3950 quod
1844 3881 1917 3936 ibi

333 3969 534 4028 Christi
573 3973 915 4029 miseratione
940 3974 1232 4030 confertur.
1257 3973 1377 4028 Pax
1394 3975 1536 4030 enim
1564 3988 1595 4027 a
1618 3973 1911 4042 parcendo,

330 4064 444 4119 sive
464 4080 493 4118 a
524 4065 793 4136 pascendo
816 4067 958 4121 dicta
985 4074 1086 4122 est.
1120 4065 1392 4136 Sequitur,
1425 4073 1472 4119 et
1516 4066 1832 4119 abundantia
1863 4067 1917 4119 in

332 4159 561 4213 turribus
605 4160 725 4214 tuis.
785 4159 912 4215 Haec
941 4168 1024 4214 est
1067 4159 1384 4212 abundantia
1411 4157 1480 4212 de
1525 4172 1627 4227 qua
1670 4158 1918 4226 superius

330 4249 506 4306 dixit:
539 4251 607 4305 Et
632 4253 952 4306 abundantia
979 4251 1307 4322 diligentibus
1337 4258 1404 4305 te.
1431 4249 1539 4306 Sed
1570 4251 1656 4306 hic
1679 4267 1774 4320 per
1803 4261 1918 4305 tur-

331 4361 412 4401 res
437 4346 641 4417 aliquid
665 4346 1058 4418 signiﬁcantius
1084 4345 1298 4401 videtur
1328 4359 1672 4415 expressum,
1702 4353 1759 4398 ut
1778 4343 1919 4400 hanc
1945 4361 1950 4364 '

331 4436 701 4491 abundantiam
727 4451 834 4493 non
865 4437 1126 4507 aequalem
1160 4436 1428 4501 omnibus,
1470 4435 1565 4491 sed
1593 4436 1921 4505 intelligeres

333 4528 498 4602 435
525 4544 644 4586 esse
673 4531 956 4602 potiorem.
991 4529 1176 4585 Turres
1205 4529 1348 4585 enim
1384 4538 1510 4584 sunt
1538 4543 1657 4598 qua:
1698 4528 1917 4598 objectu

333 4626 392 4675 et
442 4619 720 4676 altitudine
765 4634 864 4675 sua
890 4619 1137 4674 civitates
1184 4618 1506 4684 defendunt,
1540 4627 1594 4674 et
1635 4619 1919 4674 venientes

336 4710 586 4768 inimicos
613 4712 781 4782 prima
809 4710 984 4769 fronte
1009 4711 1326 4780 suscipiunt.
1359 4710 1510 4768 Unde
1535 4725 1640 4765 non
1669 4694 1928 4780 improbe
1947 4703 2002 4765 D

335 4812 599 4874 martyres
646 4802 970 4873 signiﬁcatos
1019 4803 1382 4870 advertimus,
1435 4806 1528 4874 qui
1577 4803 1920 4872 oppositione

335 4896 578 4966 corporis
603 4896 708 4963 sui,
731 4896 1004 4952 civitatem
1025 4897 1118 4952 Dei
1142 4899 1226 4967 pia
1243 4897 1581 4953 confessione
1601 4896 1916 4965 defendunt,

335 4997 394 5046 et
412 4992 563 5060 quasi
603 4992 894 5048 eminentia
929 4991 1156 5047 mdiﬁcia
1206 4993 1278 5047 ita
1320 4992 1566 5049 hostibus
1613 4995 1736 5051 ﬁdei
1765 5009 1924 5064 repu-

339 5096 506 5152 gnare
539 5095 856 5141 noscuntur.

411 5175 570 5232 Vers.
603 5179 655 5232 8.
714 5175 936 5248 Propter
977 5181 1161 5248 fratres
1200 5193 1338 5234 meos
1372 5188 1420 5233 et
1449 5180 1710 5250 proximos
1752 5197 1923 5249 meos,

340 5267 582 5338 loquebar
605 5255 779 5338 pacem
797 5269 860 5325 de
884 5277 951 5323 te.
979 5269 1126 5325 More
1165 5270 1528 5340 perfectorum
1571 5274 1806 5328 virorum
1836 5288 1930 5342 pa-

339 5377 457 5421 cem
489 5366 811 5434 praedicans,
862 5367 1010 5436 pacis
1036 5381 1148 5422 suae
1190 5366 1339 5437 signa
1391 5367 1742 5421 demonstrat.
1788 5367 1928 5422 Dicit

340 5457 486 5513 enim
516 5475 695 5529 pacem
735 5460 890 5513 istam
921 5458 1176 5513 Ecclesiae
1205 5458 1326 5513 ideo
1371 5472 1429 5512 se
1456 5457 1778 5526 prardicasse
1807 5474 1925 5527 pro-

339 5564 450 5622 pter
482 5555 670 5621 fratres
693 5561 740 5606 et
771 5553 1031 5620 proximos
1059 5568 1215 5618 suos,
1251 5560 1308 5606 ιιι
1336 5553 1581 5606 instructi
1607 5551 1706 5605 hac
1730 5552 1927 5607 virtute

340 5646 648 5701 concordiae
672 5645 960 5716 diligerent
1007 5661 1068 5700 ac
1102 5653 1407 5716 quaererent
1457 5641 1738 5697 unitatem.
1778 5642 1930 5697 Fecit

343 5749 474 5806 ergo
507 5737 648 5807 quod
703 5738 916 5804 docuit,
957 5745 1016 5807 ut
1069 5752 1257 5792 amore
1309 5737 1531 5792 fratrum
1583 5733 1926 5805 prtedicaret,

345 5803 491 5896 quod
517 5803 771 5885 suadebat
797 5830 915 5902 [nts.
949 5803 1024 5888 GV?
1040 5838 1090 5883 et
1135 5830 1242 5894 ed.,
1276 5827 1497 5900 sciebat]
1521 5803 1768 5882 omnibus
1800 5838 1926 5894 pro-

348 5915 613 5978 futurum.
645 5919 762 5979 Hoc
782 5934 910 5990 ergo
933 5929 1260 5990 commonet,
1278 5931 1336 5980 ut
1363 5935 1469 5978 non
1497 5927 1715 5992 propter
1741 5918 1927 5978 laudes

2026 3407 2251 3464 feliciter
2275 3403 2626 3474 proximaret.
2675 3398 2962 3453 Pulchrum
3011 3396 3395 3466 spectaculum,
3429 3393 3615 3448 subire

2026 3497 2274 3555 homines
2305 3493 2370 3549 ad
2399 3494 2590 3560 Deum,
2624 3491 2936 3560 pigramque
2979 3489 3136 3543 istam
3167 3486 3366 3541 molem
3397 3485 3464 3538 ad
3508 3499 3606 3538 su»

2024 3606 2204 3664 pernae
2257 3587 2445 3658 gratia:
2498 3584 2718 3655 praemia
2761 3583 3070 3639 sublevare!
3115 3580 3267 3649 Quod
3311 3588 3491 3633 tamen
3521 3577 3615 3631 ille

2024 3679 2174 3735 solus
2203 3679 2388 3748 efﬁcit,
2413 3679 2502 3748 qui
2536 3677 2603 3732 de
2655 3675 2904 3745 sepulcro
2945 3674 3205 3728 Lazarum
3251 3671 3437 3725 venire
3473 3683 3614 3738 prat-

2024 3775 2165 3844 cepit
2189 3773 2368 3844 (Joan.
2387 3789 2466 3839 ιιι,
2489 3772 2605 3842 45),
2631 3771 2719 3841 qui
2751 3777 3083 3840 mergentem
3113 3769 3327 3822 Petrum
3359 3773 3614 3834 porrecta

2024 3866 2245 3922 dextera
2275 3866 2522 3921 liberavit
2551 3862 2765 3934 (Matth.
2804 3878 2916 3928 xiv,
2949 3861 3042 3930 5f)
3081 3878 3090 3913 :
3123 3860 3212 3928 qui
3247 3859 3416 3912 Etiam
3447 3865 3612 3924 atque

2026 3960 2208 4014 Enoclt
2238 3959 2479 4012 viventes
2508 3954 2777 4009 transtulit
2805 3951 2913 4023 (IV
2948 3952 3076 4022 Reg.
3127 3965 3183 4013 tt,
3223 3949 3318 4012 ll;
3359 3945 3495 4004 Gen.
3554 3960 3609 4010 ν,

2024 4051 2141 4120 24),
2175 4049 2334 4104 cthis
2374 4047 2592 4112 similia,
2642 4061 2759 4113 quae
2807 4043 3048 4113 quotidie
3081 4042 3251 4095 virtus
3298 4038 3610 4093 Divinitatis

2025 4149 2299 4214 operatur.
2334 4139 2469 4195 lstos
2525 4145 2704 4192 autem
2748 4134 2945 4206 gradus
2973 4133 3046 4187 illi
3094 4129 3485 4192 conscendunt,
3519 4129 3614 4200 qui

2026 4238 2114 4292 hic
2140 4234 2400 4290 charitate
2441 4245 2609 4286 unum
2639 4236 2782 4283 sunt.
2845 4226 2925 4280 Ad
2981 4233 3142 4294 caput
3170 4224 3313 4280 enim
3354 4222 3614 4277 festinare

2027 4335 2316 4398 nequeunt,
2342 4324 2445 4380 nisi
2474 4323 2564 4394 qui
2594 4319 2795 4378 Christi
2822 4318 3064 4374 membra
3105 4331 3225 4372 esse
3271 4322 3606 4371 meruerunt.

2026 4426 2363 4494 Quapropter
2415 4420 2554 4475 sicut
2582 4417 2728 4472 hunc
2762 4413 3064 4470 mirabilem
3117 4426 3400 4467 ascensum
3449 4408 3613 4463 corde

2025 4518 2381 4589 respeximus,
2429 4516 2500 4570 ita
2558 4527 2699 4569 nunc
2744 4509 2938 4582 psalmi
2994 4505 3329 4562 altitudinem
3382 4501 3609 4560 sollicita

2027 4621 2208 4688 mente
2241 4620 2553 4667 tractemus.

2607 4720 2804 4775 Divisio
2835 4717 3041 4786 psalmi.

2099 4839 2366 4909 Propheta
2396 4844 2642 4892 metuens
2677 4831 2926 4886 amittere
2955 4827 3096 4898 quod
3130 4825 3367 4886 tenebat,
3402 4833 3458 4878 et
3485 4836 3616 4877 cau—
3659 4887 3662 4894 ι

2033 4942 2118 4988 tus
2140 4947 2206 4986 ex
2237 4929 2351 4998 ipsa
2374 4935 2528 4997 parte
2563 4941 2669 4996 qtta
2699 4930 2960 4986 creverat,
2993 4920 3172 4990 primo
3205 4918 3448 4988 ingressu
3492 4931 3614 4985 per-

2034 5022 2389 5092 severantiam
2421 5033 2638 5089 precum
2663 5017 2888 5072 devotus
2916 5013 3254 5083 exsequitur,
3280 5019 3338 5063 ut
3364 5019 3618 5077 suscepta

2037 5128 2262 5170 munera
2291 5112 2471 5167 divino
2503 5107 2726 5179 praemio
2769 5106 3089 5161 contineret.
3148 5099 3397 5158 Secundo
3440 5099 3620 5170 Domi-

2037 5223 2164 5264 num
2195 5207 2538 5274 deprecatur,
2580 5209 2640 5254 ut
2683 5199 2846 5254 donet
2892 5198 2941 5251 ei
2978 5193 3441 5258 misericordiam;
3493 5193 3619 5262 quia

2033 5297 2376 5370 instigatione
2403 5293 2599 5349 diaboli
2626 5293 2692 5346 ab
2722 5289 3100 5346 insultantibus
3126 5287 3290 5342 multa
3314 5285 3616 5356 patiebatur

2034 5393 2300 5458 adversa;
2347 5398 2405 5444 ut
2435 5402 2590 5458 quem
2631 5384 2903 5440 consortio
2947 5398 3044 5438 suo
3070 5381 3340 5437 maculare
3366 5395 3474 5435 non
3524 5394 3619 5449 po-

2033 5495 2228 5552 terant,
2262 5485 2452 5540 saltent
2483 5481 2732 5552 superbis
2786 5477 3225 5549 despectionibus
3255 5476 3579 5532 sauciarent.

2573 5596 2838 5668 Expositio
2867 5595 3069 5666 psalmi.

2115 5714 2264 5769 Vers.
2298 5714 2348 5766 l.
2381 5715 2459 5766 Ad
2501 5723 2546 5768 te
2592 5713 2748 5766 levavi
2779 5709 2952 5766 oculos
2992 5724 3151 5773 meos,
3203 5709 3292 5775 qui
3321 5705 3516 5759 habitas
3561 5703 3617 5758 in

2035 5805 2179 5860 coelo.
2209 5804 2363 5875 [mss.
2394 5807 2482 5867 A.,
2509 5803 2594 5869 B.,
2626 5803 2715 5869 F.,
2748 5800 2929 5875 oculis].
2956 5800 3271 5856 Salutariter
3299 5797 3615 5851 admonetur

2037 5895 2340 5957 humanitas
2372 5903 2429 5948 ut
2458 5892 2583 5948 inde
2607 5902 2751 5960 petat
2795 5892 3052 5951 auxilium
3099 5891 3241 5947 unde
3286 5890 3621 5956 inexpugna—A
