4090 6346
467 440 570 501 015

1681 434 1753 493 Μ.
1796 426 2076 492 AURELII
2113 427 2518 490 CASSIODORI

3645 430 3758 492 916

465 558 576 615 bile
595 543 902 630 praesidium
933 551 1106 611 credit
1133 565 1256 610 esse
1281 557 1592 610 venturum.
1621 551 1759 608 Nam
1785 551 1878 623 qui
1920 557 2050 608 sunt
2075 549 2132 610 Δ
2157 548 2402 614 feminas,
2455 546 2574 605 sive
2619 547 2890 606 masculos
2919 547 3020 604 sub
3045 546 3300 619 patientia
3333 547 3476 622 [πω.
3535 548 3630 617 Δ..
3663 548 3762 620 8.,

467 647 632 706 corde
659 643 986 719 praetumidi,
1013 653 1067 702 et
1092 643 1360 702 mundana
1391 659 1452 702 se
1475 652 1742 717 potestate
1763 649 2050 716 jactantes,

467 741 516 802 si
556 756 660 814 qua
704 739 903 796 fuerint
927 737 1170 795 laesione
1219 737 1508 810 provocati,
1536 738 1604 794 ad
1629 736 1842 794 divitias
1871 752 2057 794 recur-

467 842 614 902 runt,
636 831 707 889 ad
730 830 1027 903 patrocinia
1083 830 1320 901 peritura
1372 830 1710 904 confugiunt,
1754 838 1812 885 ut
1837 831 2060 900 exigant

467 926 536 983 de
555 924 773 981 inimico
795 939 1030 997 pmnam,
1047 924 1136 998 qui
1161 925 1756 998 irrogarepraesumpsit
1778 924 2053 995 injuriam.

471 1019 570 1076 Dei
600 1035 730 1077 vero
757 1019 942 1076 famuli
964 1020 1352 1091 patientissima
1393 1038 1452 1079 se
1484 1022 1896 1079 conversatione
1939 1036 2062 1078 mo-

467 1112 740 1182 derantes,
774 1112 1030 1186 quidquid
1085 1112 1345 1192 scandali,
1394 1114 1654 1186 quidquid
1701 1112 2060 1170 tribulationis

469 1206 812 1279 pertulerint,
845 1207 1022 1266 oculos
1050 1205 1118 1263 ad
1149 1207 1434 1265 Dominum
1480 1208 1670 1275 leuant,
1701 1216 1756 1264 et
1794 1207 1862 1264 ad
1903 1206 2062 1262 illum

470 1299 792 1371 respiciunt,
819 1315 850 1356 a
875 1315 982 1372 quo
1003 1315 1064 1357 se
1080 1299 1345 1357 veraciter
1360 1300 1559 1358 salvari
1581 1315 1737 1371 posse
1753 1299 2055 1356 conﬁdunt.

469 1392 743 1465 Sequitur,
773 1395 859 1466 qui
916 1393 1118 1452 habitas
1171 1397 1224 1452 in
1273 1395 1420 1451 cista.
1469 1394 1722 1450 Habitare
1770 1394 2060 1452 Dominum

471 1487 654 1545 multis
673 1486 903 1561 legimus
929 1486 1127 1555 modis,
1151 1497 1206 1542 ut
1234 1498 1314 1544 est
1343 1487 1475 1544 illud
1504 1488 1560 1542 in
1590 1487 1917 1560 Evangelia:
1945 1485 2062 1558 Ego

467 1579 525 1636 in
549 1578 728 1648 Patre,
752 1589 799 1634 et
820 1579 980 1636 Pater
1006 1581 1059 1634 in
1092 1596 1170 1634 me
1195 1578 1374 1653 (Joan.
1403 1597 1513 1648 xw,
1531 1580 1642 1652 10).
1667 1579 1868 1636 Dicitur
1897 1579 2064 1636 etiam

472 1672 716 1729 habitare
737 1671 790 1727 in
820 1672 1042 1739 sanctis,
1065 1683 1120 1728 ut
1136 1672 1187 1728 in
1213 1673 1447 1730 Levitico
1471 1675 1697 1745 legitur:
1723 1673 1989 1730 Habitabo
2008 1675 2065 1731 in

472 1765 576 1837 his,
605 1776 656 1820 et
681 1753 951 1820 ambulabo
979 1767 1034 1821 in
1055 1767 1199 1836 ipsis,
1223 1777 1272 1822 et
1298 1768 1399 1836 ipsi
1418 1778 1564 1822 erunt
1589 1769 1714 1822 mihi
1744 1767 1988 1839 papirius,
2013 1771 2068 1822 et

444 1874 567 1932 rego
589 1860 694 1914 illis
720 1860 775 1914 in
806 1858 968 1915 Deum
997 1859 1182 1933 (Leuit.
1208 1875 1353 1926 χχιιι.
1379 1860 1490 1932 i2).
1520 1861 1594 1916 De
1624 1861 1821 1932 quibus
1847 1871 1902 1915 et
1921 1861 2065 1930 Apo-

2167 637 2266 706 F.,
2299 638 2638 712 poenitentia]
2665 640 2864 697 debere
2905 639 3162 698 beneﬁcia
3215 640 3397 697 divina
3443 641 3764 714 perquirere

2167 739 2223 788 et
2247 729 2300 788 ei
2320 730 2522 803 jugiter
2548 731 2870 804 supplicare.
2895 730 3042 789 istud
3069 741 3270 801 autem,
3302 735 3487 802 donec,
3525 734 3590 790 in
3613 735 3764 805 Seri-

2169 820 2342 893 pturis
2393 821 2590 878 divinis
2635 822 3020 896 homonymum
3071 835 3183 893 est;
3233 824 3506 882 interdum
3557 826 3766 899 quippe

2169 913 2649 986 significataliquid
2674 915 3039 986 temporaliter
3061 915 3172 987 agi,
3191 915 3485 987 interdum,
3517 931 3760 990 semper.

2167 1004 2586 1075 Temporalitcr,
2612 1015 2670 1062 ut
2685 1015 2769 1062 est
2790 1005 2925 1064 illud
2952 1007 3006 1062 in
3033 1009 3240 1078 psalmo
3261 1008 3560 1066 centesimo
3582 1026 3767 1069 nono:

2167 1098 2344 1155 Donec
2365 1115 2557 1172 ponant
2582 1100 2815 1156 inimicos
2844 1108 2960 1157 tuos
2987 1100 3272 1157 scabeltutn
3319 1103 3510 1172 pedum
3550 1114 3780 1160 tuorum.

2169 1190 2342 1262 (Psal.
2374 1208 2486 1260 crs,
2512 1192 2591 1264 1).
2626 1195 2851 1264 Semper
2877 1203 3060 1268 autem
3088 1193 3390 1268 significat,
3429 1206 3488 1255 ιιι
3523 1211 3767 1271 praesens

2171 1286 2413 1357 psalmus
2444 1285 2708 1356 declarat,
2730 1287 2894 1343 donec
2913 1289 3217 1348 πύκασεν
3238 1289 3384 1348 nobis
3407 1331 3424 1358 ,
3458 1289 3610 1360 quasi
3631 1306 3768 1350 vero
3815 1285 3834 1314 ³

2171 1377 2314 1436 oculi
2345 1377 2514 1436 nostri
2543 1376 2597 1434 in
2627 1377 2874 1438 manibus
2893 1379 3012 1451 ejus
3034 1394 3157 1438 esse
3177 1395 3288 1438 non
3311 1381 3566 1451 debeam,
3593 1384 3766 1441 etiam

2175 1483 2458 1544 postquam
2512 1474 2668 1532 nobis
2715 1473 2874 1530 fuerit
2923 1474 3195 1532 misertus.
3254 1477 3384 1535 Tale
3424 1485 3512 1534 est
3537 1489 3591 1534 et
3626 1477 3771 1535 illud

2173 1565 2477 1638 Evangelii,
2521 1566 2648 1622 Non
2681 1569 2915 1639 cognatm
2958 1583 3110 1639 una,
3139 1572 3306 1625 donee
3350 1570 3554 1641 peperit
3597 1571 3776 1640 ﬁlim

2171 1673 2320 1714 suum
2348 1659 2752 1732 primogenitum
2779 1657 2998 1730 (Matth.
3029 1676 3068 1728 ι,
3099 1658 3218 1733 25),
3248 1673 3408 1732 quam
3435 1669 3658 1719 constat
3683 1663 3772 1718 vi-

2176 1764 2292 1804 rum
2340 1751 2486 1807 nullo
2535 1758 2778 1822 tempore
2806 1752 3151 1822 cognovisse.
3205 1753 3572 1827 Quapropter,
3605 1758 3772 1813 donec

2175 1842 2370 1898 merito
2392 1842 2480 1899 hic
2507 1858 2724 1914 semper
2751 1843 3074 1914 advertitur,
3106 1845 3355 1917 quamvis
3399 1847 3776 1920 temporaliter

471 1951 642 2008 stolus
670 1951 781 2006 ait:
821 1947 922 2006 Vos
947 1953 1066 2007 estis
1087 1953 1327 2023 templum
1351 1952 1467 2020 Dei,
1499 1963 1543 2006 et
1577 1951 1804 2022 Spiritus
1835 1952 1932 2006 Dei
1964 1953 2062 2006 ιω-
2093 1943 2147 2007 Β
2171 1935 2372 1994 dictum
2403 1953 2524 1995 esse
2547 1938 2990 2007 videatur-Quod
3012 1941 3296 1998 locutionis
3319 1957 3492 2013 sonu-
3518 1943 3666 2000 inter
3685 1943 3774 2000 div

473 2041 600 2096 bitat
631 2042 686 2097 in
726 2041 862 2097 vobis
915 2041 970 2112 (Ι
1001 2043 1121 2099 Cor.
1154 2058 1240 2108 ιιι,
1287 2043 1398 2114 16).
1432 2043 1524 2100 Sic
1545 2046 1706 2100 etiam
1740 2045 1807 2100 de
1837 2053 2065 2116 utroque

473 2139 700 2190 tertiatur
736 2132 1081 2205 Evangelium
1118 2149 1132 2191 :
1165 2133 1232 2190 Ut
1264 2152 1437 2192 onmes
1490 2153 1649 2191 unum
1701 2137 1823 2206 sint,
1883 2147 1931 2192 et
1971 2155 2064 2209 ego
2109 2202 2117 2208 _

471 2225 530 2279 in
548 2225 672 2290 illis,
700 2233 749 2280 et
776 2234 830 2280 tu
854 2225 908 2281 in
931 2241 1006 2281 me
1037 2224 1215 2297 (Joan.
1251 2243 1420 2295 xxv",
1451 2229 1568 2297 21).
1602 2227 1822 2300 Legitur
1848 2245 2063 2301 quoque

479 2315 535 2371 in
566 2315 706 2374 caelo
733 2315 924 2374 sedere
952 2317 1255 2384 Dominum,
1287 2325 1345 2372 ut
1375 2329 1455 2376 est
1475 2319 1608 2376 illud
1635 2340 1646 2374 :
1703 2319 1900 2377 Catum
1939 2323 2064 2376 mihi

471 2407 618 2464 sedes
645 2416 720 2466 est
747 2423 768 2465 .'
799 2418 935 2466 terra
959 2417 1130 2466 autem
1156 2412 1434 2467 scabellum
1466 2412 1655 2484 pedum
1674 2430 1900 2469 meorum
1925 2413 2061 2487 (Isa.

473 2514 618 2570 Lm,
651 2503 703 2570 ι)
727 2545 744 2570 ,
771 2509 827 2558 et
852 2499 1016 2557 alibi:
1044 2500 1242 2558 Cretum
1269 2503 1382 2558 cadi
1413 2503 1654 2572 Domino,
1681 2511 1868 2560 terram
1896 2515 2068 2581 autem

477 2592 620 2648 dedit
659 2593 786 2663 [iliis
815 2596 1078 2650 hominum
1098 2592 1274 2666 (Psa’l.
1305 2609 1458 2661 cxnr,
1491 2593 1602 2668 l6).

545 2684 703 2742 Vers.
734 2685 790 2742 2.
817 2684 952 2741 Ecce
970 2687 1106 2743 sicut
1141 2687 1280 2742 oeuli
1316 2699 1580 2743 surarum
1622 2690 1676 2744 in
1700 2690 1936 2744 manibus
1971 2691 2067 2745 do-

474 2779 734 2836 minorum
755 2796 986 2836 suorum.
1010 2781 1386 2850 Respiciamus
1417 2784 1740 2839 intrinsecus
1761 2784 1890 2855 quid
1913 2785 2069 2840 nubis

475 2871 855 2931 siuilitudines
876 2873 992 2932 ista)
1018 2873 1326 2947 designent.
1374 2877 1676 2932 Attendunt
1698 2877 1839 2933 servi
1861 2877 1930 2932 ad
1957 2893 2071 2934 ma-

479 2983 581 3024 nus
623 2968 964 3026 dominorum
987 2985 1234 3038 suorum,
1269 2969 1383 3028 sive
1423 2973 1640 3043 quando
1666 2989 1764 3046 per
1788 2988 1886 3030 eos
1927 2975 2072 3031 desi-

477 3059 672 3116 derant
713 3059 936 3118 enutriti
963 3103 977 3129 ,
1037 3072 1095 3118 ut.
1139 3063 1302 3120 totius
1348 3064 1658 3136 indigentia:
1717 3067 2070 3124 necessitates

478 3151 748 3219 evadant;
798 3153 910 3210 sive
963 3155 1178 3226 quando
1222 3171 1319 3225 pro
1347 3157 1520 3226 culpis
1549 3159 1662 3216 suis
1707 3159 1957 3230 vapulare
1982 3160 2073 3232 ju-

480 3244 698 3313 bentur,
721 3245 897 3304 donec
926 3247 1168 3314 audiant,
1199 3265 1381 3320 parce.
1411 3251 1646 3324 Utraque
1687 3254 1834 3310 enim
1860 3269 2070 3324 ponun-

2176 2032 2316 2090 vinse
2347 2036 2565 2106 propria
2600 2033 2897 2104 Scriptum
2921 2035 3346 2092 enumerandum
3375 2046 3482 2093 est.

2253 2125 2403 2183 Vers.
2437 2126 2494 2181 4.
2525 2126 2772 2184 Miserere
2799 2128 2969 2198 nobis,
3020 2129 3267 2196 Domine,
3313 2129 3556 2185 miserere
3601 2131 3772 2201 nobis,

2173 2218 2296 2289 quia
2325 2219 2548 2274 multum
2566 2218 2752 2282 repleti
2769 2235 2950 2274 sumus
2973 2222 3352 2289 conlevnptione
3379 2220 3534 2293 [mss.
3568 2225 3664 2290 Αο,
3688 2223 3775 2289 Β..

2175 2309 2264 2376 F.,
2310 2308 2672 2382 despectione].
2724 2309 2882 2370 Venit
2909 2309 2980 2365 ad
3006 2311 3306 2382 ingressum
3328 2310 3651 2379 secundum,
3683 2310 3778 2368 ubi

2176 2401 2426 2458 misereri
2455 2400 2561 2458 sibi
2587 2409 2930 2472 contemptus
2950 2410 3008 2458 et
3027 2402 3305 2473 opprobrii
3347 2404 3433 2458 sui
3461 2403 3778 2461 considera-

2177 2493 2324 2548 tione
2343 2492 2688 2564 deprecatur.
2724 2493 2862 2550 Nam
2891 2495 2986 2552 illo
3014 2495 3248 2551 famulus
3285 2497 3376 2567 qui
3405 2499 3630 2555 assidua
3660 2509 3776 2556 ma-

2178 2583 2366 2639 lorum
2395 2584 2688 2642 afﬂictione
2718 2585 3032 2656 vapulabat,
3062 2587 3362 2658 oculosque
3390 2603 3526 2644 suos
3566 2590 3620 2646 in
3672 2592 3778 2647 Do-

2183 2679 2316 2734 mini
2347 2679 2696 2737 miseratione
2745 2689 3018 2752 posuerat,
3052 2682 3286 2752 erumpit
3314 2680 3374 2738 in
3409 2684 3782 2741 necessariam

2183 2785 2394 2838 vocem,
2440 2772 2654 2844 sibique
2685 2773 3054 2830 miserandum
3105 2775 3320 2845 gemina
3369 2775 3631 2845 petitione
3679 2777 3782 2834 de—

2182 2863 2395 2934 plorat,
2423 2864 2546 2935 quia
2572 2879 2770 2936 corpus
2811 2867 2928 2936 ejus
2960 2866 3325 2936 passionibus,
3352 2867 3530 2922 anima
3560 2867 3782 2922 labora-

2178 2957 2272 3010 bat
2300 2956 2627 3028 opprobriis.
2673 2956 2826 3025 Quod
2855 2957 3052 3014 merito
3091 2958 3165 3014 ad
3210 2967 3473 3031 martyres
3513 2958 3775 3028 refertur,

2183 3049 2274 3120 qui
2307 3049 2623 3123 (praetenta
2650 3049 2787 3122 Deo)
2819 3053 3106 3108 vivacitate
3135 3053 3302 3108 animi
3331 3053 3584 3124 injuriam
3611 3066 3777 3123 supe-

2179 3150 2304 3197 rant
2338 3143 2672 3214 passionum.
2731 3141 2867 3200 Huic
2921 3158 3052 3215 ergo
3098 3145 3342 3215 repetitas
3386 3142 3781 3200 misericordiae

2178 3249 2342 3293 causa
2371 3235 2738 3309 subjungitur,
2784 3238 2906 3308 quia
2938 3238 3158 3293 multum
3199 3237 3385 3310 repleti
3437 3252 3616 3293 sumus
3658 3253 3782 3291 can-

483 3345 572 3392 tur
601 3337 654 3391 in
691 3344 958 3406 potestate
985 3339 1356 3408 dominorum,
1389 3341 1502 3398 sive
1536 3357 1659 3414 spes
1698 3344 2066 3415 continentiae,

2186 3334 2482 3403 temptione.
2515 3331 2800 3403 Replentur
2827 3333 2972 3389 enim
2998 3333 3401 3404 contemptione,
3431 3330 3656 3402 quando
3687 3329 3783 3388 θα

481 3425 596 3484 sive
623 3427 745 3486 finis
773 3427 1060 3501 aliquando
1089 3431 1360 3488 vindictae.
1387 3434 1517 3502 Qum
1543 3449 1644 3491 nos
1687 3445 1914 3508 utraque
1943 3453 2074 3496 con-

481 3518 630 3576 venit
657 3519 856 3592 facere,
893 3529 952 3576 ut
979 3523 1167 3579 oculos
1199 3534 1413 3581 nostros
1454 3540 1672 3596 semper
1723 3528 1964 3586 levemus
2003 3531 2072 3585 ad

485 3610 795 3680 Dominum,
825 3620 1020 3668 etcum
1053 3611 1286 3686 aliquam
1331 3615 1679 3688 indigentiam
1721 3619 2071 3687 sustinemus,

486 3712 536 3758 et
559 3717 684 3760 cum
716 3719 811 3774 pro
832 3705 1098 3775 aliquibus
1119 3707 1472 3764 verberamnr
1492 3711 1825 3768 excessibus.
1853 3712 1960 3768 Sed
1985 3712 2072 3769 hic

487 3809 680 3852 versus
707 3805 764 3852 et
793 3811 1024 3869 sequens
1055 3815 1150 3870 per
1179 3800 1402 3870 figuram
1427 3802 1720 3859 hommosis
1749 3804 2076 3875 depromun-

485 3897 597 3953 tur,
627 3902 722 3958 per
745 3905 904 3960 quam
935 3889 1112 3948 minus
1143 3901 1286 3950 notae
1325 3894 1424 3959 rei,
1453 3910 1521 3950 ex
1569 3895 1920 3953 similitudine
1961 3899 2076 3970 ejus

486 3996 607 4052 qua:
637 3983 806 4055 magis
826 3995 948 4040 uota
978 3995 1083 4056 est,
1117 3987 1507 4045 demonstratio
1527 3989 1856 4048 declaratur.

571 4072 725 4131 Vers.
759 4076 813 4132 ὃ.
842 4073 912 4131 Et
936 4077 1066 4132 sicut
1097 4078 1233 4133 oculi
1265 4081 1466 4136 ancilla:
1491 4083 1544 4136 in
1572 4083 1807 4139 manibus
1849 4084 2072 4146 dominre

487 4183 618 4234 sua,
650 4168 728 4224 ita
756 4170 892 4224 oculi
919 4171 1082 4226 nostri
1102 4173 1171 4225 ad
1203 4171 1479 4228 Dominum
1501 4173 1666 4231 Deum
1692 4187 1956 4242 nostrum,
1989 4179 2082 4234 do-

489 4274 582 4313 nec
608 4260 904 4315 misereatur
924 4260 1068 4316 nobis
1112 4262 1267 4333 imas.
1288 4265 1382 4329 A.,
1404 4264 1490 4330 B.,
1516 4265 1604 4333 Εἴ,
1629 4268 1832 4340 nostri].
1856 4268 2080 4338 Quidam

489 4360 547 4408 et
579 4351 744 4410 istum
776 4368 985 4409 versum
1024 4353 1102 4409 sic
1126 4355 1195 4411 ad
1223 4356 1506 4413 Dominum
1547 4368 1734 4430 aptare
1783 4362 1992 4434 volunt,
2025 4371 2083 4420 ut

491 4440 668 4514 ipsum
699 4443 868 4502 Deum
897 4444 1182 4502 Dominum
1207 4445 1469 4517 dicerent,
1501 4463 1720 4523 propter
1749 4452 1881 4530 illud
1911 4471 2086 4512 exom-

489 4534 638 4605 plum
662 4551 676 4590 :
702 4534 866 4608 436
897 4536 1153 4592 Christum
1178 4537 1274 4594 Dei
1298 4540 1556 4611 virtutem,
1582 4553 1630 4598 et
1654 4543 1748 4600 Dei
1777 4547 2084 4615 sapientiam

488 4625 543 4699 (ι
565 4627 684 4684 Cor.
709 4627 886 4699 1,24).
933 4628 1042 4686 Sed
1072 4644 1142 4686 ne
1191 4630 1551 4704 discrepantia
1604 4651 1766 4694 sexus
1810 4639 2082 4709 aliquibus

2179 3428 2368 3492 famuli
2420 3429 2738 3486 verberibus
2786 3428 3118 3494 lacerantur,
3148 3427 3366 3499 quando
3421 3426 3782 3482 ﬂamine-

2181 3520 2450 3578 vientibus
2482 3529 2806 3586 exuruntur,
2839 3521 3055 3593 quando
3078 3519 3380 3594 gurgitibus
3405 3530 3673 3576 necantur
3701 3521 3781 3576 al-

2185 3615 2440 3681 tissimis;
2466 3615 2571 3670 nisi
2591 3615 2736 3671 enim
2755 3621 3239 3670 contemnerentur
3263 3609 3504 3679 abunde,
3525 3612 3651 3668 talia
3673 3625 3779 3668 non

2183 3716 2435 3778 poterant
2463 3709 2756 3765 sustinere.
2795 3708 3021 3764 Multum
3048 3709 3248 3781 repleti,
3293 3706 3562 3779 signiﬁcat
3605 3707 3776 3763 abun-

2185 3798 2424 3854 dantiam
2449 3799 2784 3870 passionum,
2816 3814 2977 3870 quam
3002 3810 3180 3856 tamen
3201 3813 3262 3857 se
3293 3797 3488 3871 cupide
3513 3812 3576 3853 ac
3603 3797 3774 3854 liben-

2183 3897 2270 3948 ter
2290 3891 2577 3962 pertulisse
2605 3899 2893 3947 testantur.

2263 3985 2417 4040 γεω.
2449 3985 2508 4041 5.
2539 3983 2605 4038 Et
2641 3985 2862 4040 multum
2899 3985 3098 4055 repleta
3129 3993 3205 4040 est
3230 3984 3410 4039 animo
3435 3990 3614 4039 nostra
3638 3997 3657 4039 :
3685 3997 3779 4055 op-

2189 4077 2458 4151 probrium
2487 4079 2892 4148 abundantibus,
2951 4089 3004 4136 et
3041 4080 3300 4150 despectio
3342 4079 3600 4147 superbis.
3648 4075 3782 4134 Cum

2189 4169 2440 4240 superius
2481 4183 2541 4226 se
2597 4169 2864 4240 repletum
2899 4170 3102 4226 dixerit
3127 4179 3442 4241 contemptu
3471 4173 3661 4226 eorum
3690 4167 3782 4240 qui

2190 4264 2292 4320 sibi
2319 4263 2640 4320 videbantur
2659 4279 2784 4320 esse
2811 4263 3016 4334 felices,
3049 4272 3106 4320 et
3136 4265 3236 4320 hoc
3265 4277 3464 4335 corpus
3490 4275 3650 4320 suum
3679 4275 3782 4334 pte-

2189 4358 2298 4413 nali
2346 4366 2620 4414 assereret
2660 4358 3034 4414 verberatione
3058 4358 3386 4424 laceratum,
3441 4357 3574 4414 dicit
3622 4357 3782 4413 etiam

2189 4452 2418 4508 animum
2465 4465 2680 4523 quoque
2731 4466 2882 4508 suam
2933 4453 3226 4524 opprobriis
3267 4459 3318 4510 et
3370 4453 3786 4523 despectionibas

2189 4542 2354 4598 fuisse
2389 4545 2738 4611 completam,
2769 4559 2838 4599 ne
2865 4545 2994 4613 quid
3025 4553 3257 4602 restaret
3277 4537 3555 4618 quodnon
3579 4545 3783 4616 gravis-

2191 4635 2342 4692 simae
2357 4635 2622 4705 passionis
2643 4633 2968 4692 subderetur
2986 4636 3220 4708 injuriae.
3237 4637 3588 4706 Opprobriunt
3603 4643 3783 4694 autem

491 4718 800 4788 abhorreat,
833 4730 1014 4790 potest
1041 4721 1141 4780 sub
1190 4723 1290 4778 hoc
1332 4725 1494 4782 modo
1541 4726 1786 4784 fortassis
1833 4727 2078 4802 intelligi.
2110 4724 2163 4784 D
2191 4725 2573 4781 abundantibus
2594 4725 2718 4782 ideo
2745 4727 2944 4796 posuit,
2979 4726 3104 4797 quia
3132 4739 3255 4783 cum
3281 4733 3656 4797 persecutores
3695 4741 3784 4783 es—

487 4809 744 4882 Sttperius
776 4813 846 4869 de
865 4813 1036 4871 servis
1075 4814 1200 4872 fecit
1226 4817 1682 4887 comparationem
1718 4828 1775 4877 et
1807 4819 2076 4890 dominis;

495 4910 555 4958 et
581 4917 651 4960 ne
677 4920 738 4962 se
758 4921 921 4964 sexus
950 4908 1212 4966 femineus
1235 4917 1449 4980 putaret
1471 4921 1773 4982 exceptum,
1802 4911 1924 4970 huic
1946 4913 2078 4989 [ed.,

491 4990 645 5065 hinc]
668 5005 881 5065 quoque
935 4997 1314 5055 similitudines
1366 5000 1483 5055 alim
1537 5002 1922 5072 conferuntur;
1957 5004 2081 5076 quia

490 5083 573 5141 sic
600 5085 827 5142 attendit
847 5089 1036 5144 ancilla
1063 5092 1118 5144 in
1136 5090 1371 5146 manibus
1415 5092 1636 5147 domina:
1656 5109 1781 5161 sum,
1836 5093 1976 5150 sicut
2030 5105 2085 5152 et

493 5177 625 5232 servi
645 5179 699 5232 in
738 5179 972 5235 manibus
999 5183 1322 5239 dominorum
1351 5201 1581 5240 suorum.
1613 5185 1868 5257 Sequitur
1899 5199 2079 5246 autem

495 5269 762 5326 sententia
793 5279 917 5342 quae
966 5287 1151 5330 sexum
1199 5285 1485 5350 utrumque
1515 5277 1808 5348 concludit,
1839 5283 1913 5337 ita
1948 5284 2082 5339 oculi

493 5361 659 5414 nostri
701 5363 771 5415 ad
819 5359 1096 5418 Dominum
1129 5361 1288 5421 Deum
1318 5377 1572 5439 nostrum,
1605 5371 1766 5427 donec
1786 5373 2086 5430 misereatur

496 5451 664 5506 nobis.
702 5450 810 5522 Ita,
847 5453 974 5511 dum
1021 5455 1238 5524 dicitur,
1274 5459 1570 5519 similitudo
1592 5465 1868 5536 praemissa
1898 5468 2086 5526 decla-

495 5551 669 5614 ratur,
700 5553 760 5601 ut
787 5543 900 5602 sive
922 5547 1122 5618 aliquid
1149 5564 1180 5604 a
1208 5551 1436 5608 Domino
1455 5569 1772 5626 prosperum
1798 5569 2076 5630 petamus;

494 5631 610 5692 sive
639 5650 762 5694 cum
784 5645 1051 5696 tormenta
1073 5640 1237 5698 animi
1261 5645 1350 5701 vel
1371 5647 1616 5717 corporis
1637 5650 1991 5722 sustinemus,
2018 5654 2085 5710 ad

495 5724 784 5790 Dominum
839 5748 1053 5806 semper
1097 5737 1281 5794 oculos
1332 5739 1624 5799 elevamus.
1667 5743 1886 5802 Addidit
1923 5746 2084 5804 etiam

500 5822 688 5912 nostri,
717 5831 780 5880 ut
801 5825 906 5882 hoc
927 5826 996 5884 de
1036 5843 1097 5886 se
1125 5828 1330 5888 dictum
1355 5841 1581 5906 uterque
1601 5851 1762 5894 sexus
1789 5839 2081 5912 acciperet.

502 5906 745 5986 Subjecit
767 5918 930 5977 donec
970 5921 1272 5980 misereatur
1316 5926 1481 5996 nobis,
1513 5938 1571 5986 ut
1599 5906 1932 6004 ostenderet,
1972 5937 2084 5997 sive

2191 4827 2312 4873 sent
2338 4815 2538 4872 divites
2581 4831 2644 4870 ac
2687 4815 2952 4879 laetantes.
3002 4817 3134 4872 viris
3182 4816 3380 4872 sanctis
3410 4821 3780 4888 paupertatem

2192 4925 2345 4966 suam
2375 4918 2432 4966 et
2459 4909 2821 4965 humilitatem
2872 4909 3054 4980 iniqua
3107 4905 3411 4966 invectione‘
3437 4911 3780 4982 reputabant,

2195 5002 2441 5056 dicentes
2485 5019 2497 5054 :
2535 5001 2674 5070 Quid
2724 5001 2880 5056 vobis
2912 5001 3135 5071 prodest
3175 5001 3362 5057 mundi
3409 5001 3631 5058 divitias
3677 5015 3781 5058 non

2198 5093 2416 5158 habere,
2449 5101 2504 5149 et
2529 5094 2706 5148 futura
2739 5093 2924 5148 nescio
2953 5109 3074 5163 qum
3117 5093 3449 5164 perquirere,
3497 5091 3782 5163 praesentia

2193 5187 2389 5258 gaudia
2449 5186 2726 5252 deserere,
2779 5197 2832 5240 et
2885 5185 3158 5241 tristitiam
3213 5187 3333 5256 plus
3377 5185 3600 5242 amare?
3646 5185 3784 5242 Ecce

2195 5255 2294 5353 ego
2325 5296 2446 5351 quae
2476 5281 2660 5350 video,
2691 5289 2886 5348 teneo;
2923 5289 2978 5336 tu
3009 5294 3168 5350 spera
3193 5255 3313 5349 qua:
3343 5279 3578 5335 inaniter
3607 5255 3791 5351 potius

2193 5375 2509 5446 suspicaris.
2539 5375 2816 5446 Sequitur,
2844 5385 2891 5430 et
2914 5375 3171 5447 despectio
3197 5375 3448 5444 superbis.
3469 5375 3782 5446 Despiciunt

2195 5468 2413 5541 superbi
2447 5468 2697 5537 humiles,
2723 5467 2940 5539 quando
2971 5467 3104 5523 tales
3140 5467 3553 5539 pradicationes
3597 5479 3782 5522 eorum

2199 5564 2444 5632 audiunt,
2475 5566 2672 5636 quibus
2713 5562 2940 5622 obedire
2966 5572 3336 5620 contemnunt.
3383 5559 3513 5619 Nam
3546 5573 3786 5628 cumsu-

2199 5658 2351 5730 perbi
2408 5659 2696 5729 praesentia
2749 5659 3008 5731 diligant,
3056 5658 3232 5715 futura
3284 5665 3392 5714 non
3445 5663 3701 5723 tractant,
3734 5661 3783 5709 et

2196 5754 2375 5810 acrius
2408 5753 2461 5809 in
2519 5754 2641 5811 illos
2689 5754 2970 5826 iniquitate
3014 5769 3125 5811 suae
3167 5753 3450 5824 pravitatis
3478 5749 3780 5820 insurgunt.

2199 5849 2294 5920 qui
2311 5848 2514 5918 regulis
2537 5848 2752 5905 Domini
2777 5851 2980 5928 servire
3001 5849 3354 5927 contendunt.
3394 5843 3596 5900 Verum
3621 5839 3704 5898 tus
3723 5837 3778 5897 in

2195 5939 2399 6012 judicio
2430 5949 2656 5999 venturo
2682 5942 2740 6000 tit
2771 5941 2976 6000 alterna
3004 5932 3322 6004 conversio;
3355 5935 3410 5994 in
3433 5934 3779 6008 opprobrium
