4032 6340
224 474 229 479 ι
278 436 391 497 917

1195 423 1551 484 EXPOSITIO
1590 406 1654 479 IN
1693 417 2155 479 rssmsnmu.
2198 423 2394 481 PSAL.
2434 423 2670 482 cxxtn.

3457 421 3563 481 918

280 562 342 613 et
380 548 781 623 despectiouem
810 546 1035 604 veniunt
1062 544 1401 602 abundantes
1429 552 1590 616 atque
1623 542 1861 614 superbi,
1900 539 2053 602 Atia
2085 539 2257 598 fuerat
2296 540 2477 600 dicere
2512 561 2525 598 :
2554 540 2870 599 Nullatenus
2909 538 3189 614 potuimus
3213 538 3451 613 pericula
3476 540 3563 598 in-

280 648 427 706 sicut
446 644 699 703 Salomon
727 641 799 699 de
828 641 1022 697 talibus
1051 641 1162 696 ait:
1197 639 1337 708 Quid
1364 639 1508 694 nobis
1547 637 1744 710 profuit
1784 652 1875 691 su-

283 741 493 813 perbia,
525 746 615 794 aut
661 735 784 808 quid
815 734 1111 790 diuitiarum
1145 732 1409 805 jactantia
1456 731 1677 786 contulit
1727 729 1875 785 nobis

284 836 449 910 (Sap.
466 850 523 902 v,
542 832 633 904 8)?
657 841 764 889 etc.
795 830 1084 888 Sciendum
1108 830 1264 901 plane
1292 829 1416 901 quia
1443 828 1743 885 communis
1764 828 1877 885 elo-

283 928 522 1001 quentiae
556 925 693 984 ordo
740 924 993 995 poscebat
1032 933 1091 979 ut
1118 922 1368 979 diceret:
1395 922 1619 979 Multum
1669 922 1876 992 repleta

284 1028 376 1076 est
394 1020 570 1077 anima
590 1023 775 1073 nostra
798 1014 1092 1086 opprobrio
1113 1013 1533 1082 abundantium,
1585 1021 1640 1069 et
1681 1012 1875 1083 despe-

285 1111 471 1169 ctione
504 1109 889 1180 superborum.
920 1106 1026 1163 Sed
1049 1120 1170 1162 cum
1192 1105 1419 1174 dixerit,
1452 1106 1665 1160 multum
1688 1105 1879 1176 repleta

286 1212 363 1260 est
380 1205 558 1259 anima
588 1211 787 1270 nostra,
816 1200 1145 1272 opprobrium
1176 1198 1584 1268 abundantibus,
1614 1207 1661 1254 et
1697 1198 1876 1267 despe-

286 1298 391 1352 ctio
428 1296 683 1366 superbis,
732 1295 836 1351 hoc
881 1293 1096 1350 videtur
1135 1307 1255 1351 esse
1283 1291 1556 1364 proprium
1580 1290 1875 1362 Scriptura:

286 1389 504 1454 divinae,
538 1387 695 1461 quod.
708 1396 888 1444 tamen
918 1385 1057 1443 trahi
1085 1398 1192 1441 non
1218 1385 1383 1442 debet
1418 1385 1486 1440 ad
1513 1382 1728 1452 vitium,
1780 1381 1878 1439 sed

287 1480 544 1551 quoniam
609 1494 718 1536 non
759 1486 845 1537 est
898 1478 1079 1536 adhuc
1130 1477 1380 1535 humanis
1434 1475 1634 1549 regulis
1689 1489 1880 1547 appre-

290 1574 547 1633 hensum.

826 1687 1097 1745 Conclusio
1131 1688 1339 1759 psalmi.

360 1800 551 1857 Merito
580 1800 682 1857 iste
727 1798 817 1871 qui
866 1800 977 1870 jam
1018 1807 1245 1870 quatuor
1297 1797 1495 1869 gradus
1533 1796 1876 1863 ascenderat,

291 1894 619 1951 dementiam
649 1890 903 1948 invidiam
933 1889 1261 1960 sustinebat,
1291 1889 1417 1961 quia
1462 1903 1555 1945 res
1602 1902 1879 1959 prosperae

291 1987 539 2043 mordent
566 1999 776 2054 semper
798 1984 1071 2051 adversos,
1095 1983 1224 2040 dum
1257 1984 1407 2040 vanis
1430 1983 1878 2053 imputationibus

292 2076 557 2131 retardari
608 2073 845 2131 creditur
886 2077 978 2146 qui
1027 2076 1222 2131 animae
1267 2075 1610 2145 provectibus
1657 2075 1879 2131 studere

297 2164 646 2225 monstratur.
678 2170 982 2225 intueamur
1008 2168 1184 2223 virum
1204 2176 1262 2225 et
1291 2167 1345 2222 in
1373 2181 1596 2237 precum
1623 2180 1881 2237 perseve-

297 2264 507 2320 rationc
536 2263 855 2329 mirabilem,
881 2271 934 2319 et
956 2262 1115 2318 nullis
1140 2262 1484 2318 irrisionibus
1508 2261 1875 2331 intepentem;

290 2354 389 2411 sed
410 2350 653 2412 diversas
682 2356 975 2422 molestias,
1009 2356 1223 2413 diversa
1253 2356 1475 2412 vulnera
1500 2368 1611 2411 uno
1640 2355 1883 2413 medica-

291 2446 437 2503 mine
484 2446 800 2517 curantem;
828 2448 972 2521 quod
999 2448 1184 2505 oculos
1230 2461 1357 2505 suos
1393 2447 1538 2504 levat
1565 2461 1786 2519 semper
1811 2445 1881 2502 ad

291 2536 602 2597 Dominum.

790 2646 1103 2707 PSALMUS
1144 2649 1375 2707 CXXIII.

805 2742 1073 2796 Canticum
1102 2742 1377 2813 graduum.

368 2855 579 2914 Gradus
610 2858 748 2914 istos
778 2867 833 2915 et
857 2860 909 2914 in
942 2859 1127 2915 multis
1156 2874 1344 2926 unum,
1367 2867 1420 2914 et
1452 2856 1503 2914 in
1537 2873 1642 2914 uno
1684 2857 1882 2915 multos

296 2949 593 3008 ascendere
625 2950 889 3022 propheta
942 2960 1187 3018 testatur,
1221 2951 1437 3021 quando
1462 2950 1652 3022 plurali
1682 2959 1738 3008 et
1771 2951 1882 3008 sin-

294 3042 471 3113 gulari
500 3058 726 3099 numero
780 3043 835 3099 in
887 3042 971 3099 his
1025 3044 1243 3114 psalmis
1269 3042 1478 3099 locutus
1507 3041 1670 3101 fuisse
1696 3043 1879 3101 decla-

295 3142 464 3211 ratur.
487 3132 603 3189 Non
631 3132 847 3205 injuria,
879 3136 1003 3206 quia
1027 3145 1080 3191 et
1096 3134 1323 3208 populus
1352 3135 1446 3192 Dei
1479 3152 1641 3193 unum
1674 3151 1867 3209 corpus

292 3236 375 3283 eSt
404 3225 628 3295 Christi,
661 3236 716 3285 et
752 3227 903 3300 plebs
954 3228 1147 3285 iterum
1178 3227 1369 3283 devota
1403 3243 1498 3299 per
1521 3244 1875 3301 unumquem-

293 3336 398 3391 que
429 3321 665 3378 fldelium
697 3323 951 3394 probatur
997 3322 1187 3379 eﬁ‘usa.
1235 3322 1594 3394 Quapropter,
1624 3324 1739 3379 sive
1769 3322 1873 3379 hoc
1904 3312 1954 3384 C

295 3430 456 3493 unus,
488 3417 601 3472 sive
655 3416 836 3489 plures
886 3417 1197 3489 loquantur,
1255 3433 1359 3473 una
1412 3427 1589 3473 tamen
1629 3415 1884 3473 decantat

297 3507 557 3564 Ecclesia.
583 3507 689 3564 Sed
720 3510 807 3565 isti
830 3508 1027 3581 gradus
1072 3510 1125 3565 in
1176 3509 1267 3565 illo
1304 3516 1431 3565 sunt
1462 3509 1653 3563 itinere
1685 3508 1883 3563 consti-

297 3601 418 3673 tuti,
454 3600 544 3657 ubi
573 3601 687 3673 ipse
711 3602 824 3658 Rex
855 3603 1041 3673 patriae
1074 3604 1213 3658 viam
1248 3618 1308 3659 se
1355 3602 1507 3658 nobis
1539 3603 1883 3673 cognoscitur

296 3692 629 3763 praebuisse;
658 3709 817 3765 quam
843 3696 915 3761 si,
947 3695 1066 3766 ipso
1097 3704 1409 3768 pra-stante,
1454 3694 1685 3750 ﬁdeliter
1724 3706 1885 3766 atque

296 3781 576 3841 humiliter
601 3786 897 3858 gradimur,
932 3786 999 3844 ad
1026 3788 1144 3861 ejus
1195 3796 1382 3845 sancta
1424 3788 1708 3844 tribunalia
1759 3804 1882 3860 per-

298 3889 569 3935 venimus.

869 3995 1068 4053 Divisio
1101 3997 1310 4067 psalmi.

369 4108 632 4168 Memores
655 4112 824 4167 sancti
855 4112 1195 4169 confessores
1246 4122 1446 4185 quanta
1495 4114 1736 4185 pericula
1787 4128 1884 4187 per

298 4200 541 4259 divinam
575 4205 995 4262 misericordiam
1020 4206 1169 4262 velut
1189 4208 1449 4277 impetum
1475 4210 1735 4265 torrentis
1758 4223 1887 4265 eva-

294 4291 494 4361 serint,
525 4296 699 4364 primo
745 4298 918 4367 capite
967 4295 1206 4353 fatentur
1232 4312 1293 4355 se
1329 4298 1398 4354 de
1429 4307 1511 4356 tot
1535 4301 1885 4359 saevientibus

298 4382 558 4440 aerumnis
583 4386 698 4441 sola
728 4386 821 4442 Dei
852 4388 1219 4445 misericordia
1264 4388 1433 4447 fuisse
1477 4392 1751 4449 liberatos.
1784 4393 1888 4451 Se-

258 4544 261 4545 ,
292 4475 499 4545 eundo,
526 4478 725 4548 gratias
745 4479 904 4551 $37
928 4488 1111 4550 agunt,
1146 4482 1270 4552 quia
1292 4497 1400 4539 non
1430 4493 1557 4539 sunt
1595 4485 1811 4557 decepti
1855 4501 1887 4543 a

294 4573 740 4640 persecutoribus
780 4576 933 4641 suis;
969 4574 1068 4631 sed
1116 4586 1274 4632 versa
1303 4577 1421 4633 vice
1458 4576 1670 4633 insidias
1717 4577 1887 4649 magis

298 4661 548 4731 ipsarum
576 4666 822 4721 contritae
842 4675 987 4733 sunt,
1022 4682 1225 4739 eosque
1253 4677 1460 4727 constat
1507 4679 1745 4741 ereptos.

839 4777 1109 4851 Expositio
1148 4782 1353 4854 psalmi.

377 4887 531 4946 Vers.
584 4878 634 4945 Ι.
680 4892 800 4948 Nisi
844 4896 963 4965 quia
994 4896 1245 4952 Dominus
1292 4908 1399 4954 erat
1442 4900 1495 4953 in
1531 4900 1701 4967 nobis,
1754 4902 1889 4957 dicat

304 4997 443 5036 nunc
467 4981 653 5040 Israel.
688 4985 875 5042 Subita
906 4986 1087 5043 laetitia
1121 5004 1240 5059 quae
1272 4990 1339 5046 de
1380 4993 1633 5063 praeteriti
1664 4994 1888 5065 periculi

304 5077 684 5135 recordatione
710 5080 1011 5147 descendit,
1036 5082 1173 5138 solet
1202 5084 1491 5141 verborum
1515 5087 1757 5143 ordinem
1780 5103 1887 5144 non

305 5176 511 5227 tenere.
545 5172 894 5228 Admirantur
923 5173 1069 5229 enim
1096 5174 1439 5232 confessores
1468 5178 1735 5248 quomodo
1765 5194 1889 5235 eva-

303 5264 479 5317 serint
517 5265 884 5334 insequentes,
928 5265 1380 5336 quemadmodum
1418 5268 1759 5339 fragilitatem
1792 5269 1894 5326 hu-

303 5370 519 5412 manam
552 5366 816 5414 tormenta
854 5373 962 5414 non
993 5358 1258 5415 vicerint:
1284 5359 1577 5430 quomodo,
1606 5359 1893 5418 deficiente

302 5462 552 5520 corpore,
584 5466 736 5508 mens
755 5451 863 5508 ﬁde
891 5451 1119 5507 solidata
1145 5466 1252 5507 non
1275 5454 1529 5519 cesserit;
1562 5463 1615 5510 et
1646 5455 1890 5525 exiguam

303 5549 513 5610 partem
544 5543 850 5611 verborum,
896 5560 1015 5615 qua:
1056 5543 1124 5600 de
1161 5554 1326 5601 sensu
1367 5560 1561 5616 magno
1597 5547 1894 5604 descende-

304 5640 424 5701 rat,
457 5632 510 5687 in
541 5634 712 5704 capite
743 5646 1037 5705 posuerunt
1081 5652 1096 5689 :
1137 5650 1255 5706 qua:
1287 5644 1468 5692 tamen
1496 5636 1893 5709 subsequenter

308 5726 629 5793 explanant,
661 5737 717 5781 ut
742 5735 796 5783 et
825 5728 1076 5798 periculis
1100 5730 1258 5785 tantis
1286 5727 1414 5801 [ed.,
1441 5729 1663 5800 periculi
1684 5731 1891 5789 instan-

308 5812 408 5886 tis]
454 5828 560 5869 non
593 5815 869 5871 tolleretur
906 5817 1222 5887 admiratio,
1255 5827 1310 5874 ct
1339 5819 1496 5889 paulo
1523 5829 1648 5892 post
1680 5836 1887 5880 sermo-

309 5920 433 5960 num
463 5903 776 5961 redderetur
804 5907 1103 5979 integritas.
1132 5908 1404 5969 Consueta
1444 5912 1640 5985 quippe
1668 5924 1887 5974 senten-

1982 632 2125 689 ﬁicta
2171 647 2457 704 superare,
2502 636 2602 691 nisi
2648 634 2790 708 quod
2840 633 3096 691 Dominus
3144 630 3254 693 erat
3297 635 3352 690 in
3395 635 3565 695 nobis.

1983 723 2156 781 Simul
2183 734 2237 782 et
2266 729 2699 799 praesumptionis
2738 727 2984 784 humana:
3012 718 3313 799 perniciosa
3342 741 3571 785 consue-

1986 818 2114 875 tudo
2139 818 2206 876 de
2231 820 2409 879 medio
2451 822 2672 892 tollitur,
2703 818 2919 895 quando
2960 837 3067 879 non
3113 822 3313 879 divitiae
3342 832 3568 893 nostrae,

1983 931 2091 971 non
2123 916 2429 988 consilium,
2459 932 2562 973 non
2593 917 2766 975 virtus
2809 916 2969 975 nobis
2998 918 3314 975 subvenisse
3342 916 3568 986 dicitur;

1983 1005 2079 1062 sed
2102 1006 2376 1063 miseratio
2408 1005 2619 1063 Domini
2645 1007 2759 1064 sola
2797 1016 2896 1064 n‘os
2929 1007 3189 1064 liberasse
3216 1015 3571 1064 monstratur.

1984 1099 2261 1171 Sequitur,
2286 1102 2421 1156 dicat
2439 1118 2575 1157 nunc
2596 1098 2791 1158 Israel.
2815 1100 3241 1158 Saluberrimum
3269 1101 3430 1177 nimis
3452 1102 3573 1157 esse

1984 1195 2346 1266 COgnoscitur,
2378 1194 2519 1267 quod
2548 1194 2774 1277 tanta‘ut
2796 1195 2925 1252 ﬁant
2946 1193 2968 1269 [
2986 1212 3079 1253 ms.
3106 1193 3178 1252 F.
3204 1204 3251 1251 et
3283 1197 3391 1264 ed.,
3413 1190 3506 1252 ﬁat
3526 1192 3575 1267 ],

1985 1288 2303 1344 auctoritate
2330 1288 2545 1345 Domini
2584 1298 2855 1347 censetur.
2886 1289 3019 1346 Nam
3052 1288 3195 1348 unde
3221 1289 3323 1361 ipsi
3353 1282 3571 1347 fuerant

1985 1382 2199 1451 salvati,
2242 1383 2437 1440 merito
2464 1383 2653 1454 reliqui
2682 1384 2823 1441 beati
2852 1374 3050 1456 gratias
3079 1398 3242 1455 agere
3278 1384 3577 1440 moneban-

1985 1481 2093 1529 tur.
2127 1456 2252 1529 llaec
2280 1481 2365 1529 est
2404 1472 2549 1529 enim
2578 1473 2857 1531 charitatis
2884 1482 2939 1531 et
2965 1475 3183 1532 unitatis
3213 1472 3403 1541 virtus,
3428 1482 3491 1530 ut
3524 1473 3579 1532 si

1985 1565 2113 1637 quid
2142 1566 2233 1621 uni
2280 1580 2599 1637 prosperum
2636 1564 2986 1634 concedatur,
3019 1581 3207 1624 omnes
3239 1565 3342 1625 sibi
3376 1580 3576 1639 prove-

1986 1659 2132 1715 nisse
2172 1657 2577 1730 congaudeant;
2622 1674 2943 1732 rursumque
2989 1659 3035 1717 si
3074 1660 3202 1731 quid
3245 1658 3578 1718 contrarium

1987 1751 2271 1823 ingeritur,
2313 1751 2549 1809 universi
2588 1752 2690 1810 sibi
2738 1752 3001 1810 accidisse
3047 1751 3393 1810 condoleant.
3434 1753 3578 1822 Qua-

1987 1853 2208 1916 propter
2238 1842 2365 1916 quid
2408 1844 2543 1900 dicat
2586 1843 2776 1916 Israel,
2825 1844 3009 1902 subter
3048 1843 3310 1916 adiunxit.
3346 1841 3581 1915 Ideoque

1910 1923 1956 1984 Β
1986 1939 2079 2011 qui
2108 1938 2220 1994 vult
2246 1952 2367 2004 esse
2398 1937 2596 2008 Israel,
2625 1952 2759 2009 puro
2787 1934 2948 1997 corde
2975 1936 3157 1996 dicere
3186 1937 3313 1994 talia
3341 1940 3450 1994 non
3479 1950 3574 1995 re-

1984 2040 2153 2089 ουεθι.
3084 2084 3085 2087 η

2056 2122 2212 2179 Vers.
2245 2122 2300 2178 2.
2331 2121 2453 2179 Nisi
2474 2123 2597 2195 quia
2628 2122 2880 2179 Dominus
2910 2132 3019 2179 erat
3041 2123 3098 2179 in
3128 2124 3273 2180 nobis
3301 2138 3324 2180 :
3351 2136 3468 2179 cunt
3496 2122 3579 2178 in-

1983 2225 2249 2288 surgerent
2289 2216 2515 2271 homines
2558 2216 2612 2271 in
2654 2233 2766 2273 nos.
2811 2216 2875 2272 Et
2921 2215 3063 2274 hunc
3090 2231 3306 2274 versum
3350 2225 3406 2273 et
3439 2214 3579 2273 alios

1985 2316 2096 2363 tres
2127 2308 2217 2378 qui
2243 2316 2557 2379 sequuntur,
2590 2308 2664 2379 pii
2683 2308 3027 2366 confessores
3048 2309 3302 2366 lsraelem
3329 2322 3575 2365 commo-

1985 2409 2114 2457 nent
2142 2400 2353 2468 dicere,
2387 2400 2477 2471 qui
2519 2402 2574 2455 in
2634 2400 2825 2469 psalmi
2867 2399 3042 2471 capite
3079 2400 3227 2471 loqui
3267 2405 3577 2471 cmperunt;

1985 2493 2238 2564 quoniam
2264 2490 2368 2549 etsi
2397 2493 2766 2563 unusquisque
2793 2492 2971 2565 aliquo
3001 2506 3129 2549 casu
3159 2493 3391 2565 propriis
3434 2491 3583 2563 peri-

1986 2587 2125 2643 culis
2154 2588 2388 2655 exuitur,
2415 2588 2484 2644 ab
2506 2588 2878 2660 omnipotente
2906 2589 3133 2646 Domino
3162 2589 3442 2647 liberatur.
3465 2584 3582 2646 Sed

1984 2682 2232 2753 quamvis
2258 2683 2313 2739 in
2345 2683 2461 2739 istis
2489 2684 2737 2741 omnibus
2769 2684 3004 2756 pendeat
3025 2700 3129 2743 una
3157 2686 3445 2754 sententia,
3478 2698 3582 2742 nos

1986 2784 2168 2833 tamen
2190 2791 2342 2833 more
2361 2784 2547 2834 nostro
2579 2777 2821 2849 singulos
2853 2792 3041 2835 versus
3072 2778 3339 2850 ponimus,
3358 2774 3583 2850 utquod

1987 2870 2055 2929 de
2082 2872 2188 2928 alio
2210 2888 2305 2943 pro
2337 2887 2499 2929 sensu
2525 2872 2841 2945 explicando
2863 2872 3295 2945 subjungendum
3324 2881 3574 2928 estcom-

1986 2979 2322 3023 moneamus.
2351 2962 2573 3023 Inchoat
2600 2966 2779 3037 itaque
2807 2963 3076 3023 secundus
3097 2980 3287 3022 versus
3309 2962 3579 3037 pendente

1986 3072 2153 3135 sensu
2181 3058 2342 3133 (sicut
2378 3059 2434 3115 in
2466 3052 2640 3130 primo
2678 3057 2793 3128 jam
2832 3057 3031 3142 factum
3072 3058 3200 3129 est),
3239 3067 3297 3113 ut
3335 3055 3478 3113 dicat
3516 3068 3580 3113 se

1987 3152 2153 3211 Israel
2179 3167 2276 3224 per
2300 3151 2516 3210 Domini
2561 3151 2785 3226 gratiam
2816 3150 2982 3210 fuisse
3017 3151 3330 3218 liberatum,
3362 3149 3581 3224 quando

1989 3258 2084 3302 eos
2112 3242 2364 3301 scelerati
2394 3243 2639 3300 homines
2669 3244 3092 3317 insequebantur
3130 3244 3402 3301 atrociter.
3433 3242 3582 3311 Quo-

1986 3337 2149 3395 modo
2169 3337 2317 3394 enim
2342 3345 2435 3394 aut
2458 3351 2587 3394 caro
2626 3336 2833 3409 fragilis
2860 3335 3157 3406 sufﬁceret,
3186 3345 3278 3392 aut
3306 3334 3578 3393 mutabili-

1991 3438 2071 3486 tas
2094 3428 2308 3485 humani
2340 3428 2504 3485 animi
2531 3427 2688 3485 ﬁrma
2722 3438 3015 3497 conStaret,
3051 3428 3149 3484 nisi
3176 3429 3297 3501 quia
3320 3427 3574 3482 Dominus

1988 3526 2097 3578 erat
2124 3523 2179 3577 in
2220 3522 2327 3578 eis?
2353 3520 2449 3579 Ille
2474 3521 2618 3579 enim
2650 3520 2865 3592 quando
2906 3521 2960 3576 in
2994 3521 3147 3577 nobis
3178 3530 3280 3589 est,
3314 3534 3414 3576 nec
3441 3519 3575 3576 vitio

1990 3624 2187 3671 nostra:
2215 3614 2495 3685 pravitatis
2520 3612 2785 3684 abscedit,
2810 3627 3026 3686 semper
3046 3612 3203 3679 salvi,
3226 3626 3441 3683 semper
3462 3626 3575 3666 ma-

1989 3720 2177 3762 nemus
2206 3704 2389 3778 illaesi,
2415 3705 2537 3776 quia
2570 3705 3008 3776 persequentium
3034 3705 3283 3776 iniquitas
3308 3718 3413 3758 non
3437 3717 3577 3775 pra:-

1989 3796 2132 3852 valet
2162 3806 2350 3852 contra
2387 3809 2509 3851 eum
2541 3808 2639 3865 pro
2680 3808 2786 3863 quo
2828 3808 2887 3850 se
2922 3794 3091 3865 gratia
3129 3794 3323 3849 divinae
3366 3793 3581 3849 virtutis

1990 3888 2233 3959 opponit.
2275 3888 2616 3959 Quapropter
2655 3886 2969 3943 intuendum
3010 3896 3093 3943 est
3135 3886 3189 3941 in
3234 3887 3319 3943 his
3362 3884 3578 3942 duobus

1989 3979 2237 4036 versibus
2261 3977 2352 4049 qui
2378 3978 2506 4033 dicti
2534 3985 2678 4045 sunt,
2712 3986 2767 4033 et
2789 3976 2846 4034 in
2870 3966 3041 4033 tribus
3071 3977 3191 4032 aliis
3214 3977 3306 4046 qui
3342 3991 3578 4042 sequun-

1991 4083 2097 4143 tur,
2130 4074 2351 4146 ﬁguram
2376 4086 2498 4129 esse
2525 4070 2889 4142 anaphoram;
2914 4070 3162 4141 quoniam
3195 4070 3383 4125 eadem
3411 4070 3577 4126 verba

1990 4184 2087 4240 per
2106 4168 2372 4240 principia
2396 4180 2651 4224 versuum
2680 4163 2910 4237 repetita
2932 4177 3055 4221 esse
3083 4173 3396 4220 noscuntur.
3421 4160 3582 4230 Quod

1990 4260 2208 4316 schema
2239 4257 2529 4330 plurimum
2555 4256 2696 4312 valet
2720 4256 2789 4313 ad
2818 4256 3027 4313 animos
3062 4255 3504 4314 commovendos.

2064 4345 2219 4402 Vers.
2245 4343 2298 4399 5.
2326 4340 2571 4399 Forsitan
2594 4342 2731 4399 vivos
2752 4341 3081 4413 deglutissent
3104 4358 3218 4410 nos,
3244 4358 3359 4395 cum
3379 4341 3576 4397 irasce-

1993 4446 2133 4493 retur
2161 4436 2366 4492 animus
2408 4452 2585 4491 eorum
2623 4436 2892 4491 adversum
2927 4450 3040 4491 nos.
3088 4430 3345 4490 Medietas
3391 4445 3581 4488 versus

1992 4529 2150 4585 istius
2181 4527 2247 4584 ad
2294 4528 2572 4599 superiora
2614 4524 2925 4599 respondet.
2960 4525 3035 4580 ita
3078 4533 3162 4581 est
3202 4525 3348 4580 enim
3386 4537 3582 4579 sensus

1912 4676 1937 4693 ,
1993 4622 2093 4678 iste
2117 4619 2421 4693 iungendus
2449 4637 2463 4676 :
2488 4619 2607 4675 Nisi
2636 4620 2755 4689 quia
2782 4616 3035 4673 Dominus
3057 4627 3163 4673 erat
3192 4619 3245 4671 in
3272 4615 3436 4684 nobis,
3463 4632 3583 4671 cum

1911 4696 1970 4759 Ῑ)
1994 4715 2313 4787 insurgerent
2342 4712 2572 4769 homines
2599 4714 2654 4768 in
2682 4729 2807 4780 nos,
2834 4712 3053 4785 forsitan
3081 4712 3215 4768 vivos
3250 4711 3585 4784 deglutissent

1998 4824 2108 4863 nos.
2138 4806 2235 4863 ilic
2254 4804 2394 4861 enim
2419 4804 2818 4862 distinctionem
2842 4805 3051 4876 plenam
3075 4818 3276 4875 ponere
3303 4800 3580 4868 debemus,

1998 4908 2058 4956 ut
2085 4897 2293 4968 reliqua
2323 4896 2479 4953 nobis
2519 4897 2711 4954 iterum
2742 4897 2982 4955 absoluta
3023 4898 3310 4954 verborum
3351 4894 3575 4967 copula-

1998 4991 2145 5046 tione
2175 4989 2554 5060 respondeant.
2594 4986 2726 5045 Nam
2754 4979 2898 5061 quod
2928 4989 3059 5045 dicit
3084 4988 3219 5043 vivos
3246 4988 3586 5061 deglutissent

2000 5100 2127 5151 nos,
2174 5084 2405 5140 humana
2452 5085 2787 5141 consuetudo
2836 5098 2943 5140 non
2984 5092 3068 5140 est
3117 5084 3266 5140 vivos
3312 5083 3581 5154 deglutire

1999 5176 2324 5242 contrarios;
2350 5176 2445 5231 sed
2477 5175 2583 5231 vivi
2608 5176 2953 5247 deglutimur,
2978 5175 3191 5245 quando
3218 5185 3311 5231 aut
3332 5175 3386 5231 in
3410 5175 3585 5232 hatre-

1998 5269 2129 5325 ticas
2161 5268 2478 5339 pravitates,
2526 5278 2616 5324 aut
2661 5269 2712 5324 in
2746 5267 3063 5340 profundam
3103 5268 3583 5341 praecipitationem

1997 5363 2273 5435 culparum
2293 5362 2516 5418 nefanda
2535 5363 2797 5433 pravitate
2818 5362 3201 5436 demergimur.
3214 5360 3367 5432 Quod
3382 5363 3585 5421 sanctis

1999 5458 2129 5515 viris
2160 5458 2416 5529 potuisset
2443 5457 2710 5527 accidere,
2739 5458 2843 5517 nisi
2865 5473 2959 5516 eos
2988 5458 3158 5517 virtus
3183 5474 3420 5532 superna
3447 5460 3584 5519 libe—

1998 5560 2193 5609 rasset.
2219 5550 2474 5622 Sequitur
2502 5554 2763 5611 medietas
2784 5568 2976 5612 versus
3003 5554 3184 5627 hujus,
3209 5571 3372 5629 quam
3401 5564 3582 5614 tamen

1998 5647 2067 5703 ad
2108 5647 2414 5705 inferiorem
2455 5650 2781 5709 sententiam
2820 5662 3032 5710 constat
3070 5669 3193 5712 esse
3225 5655 3574 5725 jungendum.

1999 5741 2138 5797 Dicit
2163 5745 2306 5797 enim
2343 5758 2357 5796 :
2382 5739 2511 5797 Cum
2534 5744 2841 5800 irasceretur
2876 5747 3077 5802 animus
3104 5762 3284 5802 eorum
3304 5746 3577 5802 adversum

1998 5850 2107 5888 nos.
2140 5832 2472 5905 Irasceretur,
2512 5836 2678 5906 dixit,
2710 5840 2832 5910 quia
2868 5839 3200 5910 justissimas
3238 5852 3430 5895 causas
3468 5854 3580 5896 non

1999 5925 2280 5984 habebant.
2324 5928 2405 5986 lra
2449 5930 2592 5989 enim
2634 5939 2688 5989 et
2730 5930 2929 5992 invidia
2965 5930 3173 6003 judicio
3199 5937 3412 6000 carent,
3448 5930 3587 6003 dum
