4032 6340
486 397 590 457 919

1717 393 1784 448 Μ.
1825 389 2104 450 AURELll
2140 388 2538 450 CASSIODORI

3652 390 3756 448 ξ)ἳο

485 518 790 577 voluntates
818 528 944 574 suas
970 522 1149 573 mente
1176 464 1439 586 praecipiti
1467 514 1892 584 subsequuntur,
1923 510 2064 564 sicut
2091 510 2148 570 Α
2172 508 2312 579 quod
2340 522 2470 565 usus
2510 506 2816 583 mundanus
2849 508 2903 565 in
2942 508 3105 565 rebus
3133 506 3309 565 dubiis
3342 516 3506 580 atque
3536 508 3758 565 incertis

483 619 543 669 et
565 609 666 669 Job
693 612 820 667 dicit
848 604 1128 685 {Stultum
1150 608 1331 679 occidit
1370 604 1673 673 iracundia,
1715 612 1760 659 et
1801 602 2071 675 parvulum

484 714 634 763 necat
665 701 1047 772 invidia.(lob.
1073 715 1129 770 v,
1160 701 1248 771 2).
1290 697 1429 765 Quid
1464 698 1606 755 enim
1647 696 1930 752 adversum
1972 692 2071 748 Dei
2106 750 2109 751 ν

483 794 718 851 famulos
758 794 956 848 habere
973 792 1173 861 justum
1196 798 1463 860 poterant,
1484 788 1574 859 qui
1604 788 1656 843 in
1677 789 1756 843 eis
1782 787 2070 841 Auctorem

485 888 1100 963 omniumlcfontemnere
1120 882 1551 953 praesumebant?
1578 880 1826 944 Animus,
1853 877 2070 933 Graecus

485 994 668 1038 sermo
695 988 779 1036 est
809 981 910 1037 ἀπὸ
939 986 1031 1035 τοῦ
1060 979 1265 1049 ἀνέμου,
1296 976 1348 1032 id
1374 985 1458 1033 est
1486 974 1629 1046 quod
1657 974 1925 1031 mobilitas
1952 972 2071 1042 ejus

482 1074 659 1131 ventis
715 1073 1009 1129 celerrimis
1063 1056 1405 1141 comparetur
1454 1088 1470 1125 :
1510 1069 1625 1126 sive
1666 1067 1877 1141 ἄναιμος
1929 1068 2073 1137 quod

484 1167 803 1238 sanguinem
825 1181 933 1222 non
955 1166 1172 1235 habeat,
1196 1166 1381 1236 utique
1399 1164 1492 1235 qui
1513 1162 1807 1235 corporalis
1828 1177 1937 1217 non
1954 1170 2064 1228 est;

484 1242 624 1314 sicut
651 1258 704 1312 in
734 1257 872 1313 libro
913 1258 1112 1314 dictum
1151 1265 1261 1324 est,
1305 1271 1467 1328 quem
1489 1255 1557 1312 de
1586 1254 1799 1324 Anima,
1844 1254 2073 1311 Domino

484 1361 795 1423 praestante,
818 1352 1251 1424 conscripsimus.

563 1444 716 1500 Vers.
765 1446 820 1499 4.
870 1444 1117 1500 Forsitan
1154 1444 1289 1501 velut
1318 1462 1466 1520 aqua
1506 1444 1880 1501 absorbuissent
1917 1460 2009 1500 nos
2052 1459 2075 1501 :

496 1546 773 1594 torrentem
795 1540 1116 1610 pertransivit
1136 1540 1309 1594 anima
1335 1550 1532 1595 nostra.
1561 1540 1735 1595 Simili
1764 1540 1924 1597 modo
1946 1555 2076 1597 con-

485 1632 623 1689 texti
652 1641 779 1687 sunt
821 1640 876 1687 et
903 1632 988 1686 isti
1021 1632 1288 1687 versiculi.
1334 1632 1427 1688 Est
1473 1633 1638 1702 enim,
1669 1634 1714 1689 si
1742 1634 1813 1689 ita
1845 1632 2071 1705 legatur,

485 1726 647 1795 plena
667 1733 722 1779 et
752 1723 1047 1779 indubitata
1070 1726 1333 1781 sententia
1358 1741 1373 1780 :
1398 1723 1526 1780 Cum
1546 1726 1851 1781 irasceretur
1876 1729 2075 1783 animus

485 1832 661 1872 eorum
688 1800 957 1870 adversum
987 1832 1102 1884 nos,
1135 1818 1352 1888 forsitan
1377 1819 1510 1874 velut
1539 1835 1675 1889 aqua
1700 1819 2074 1875 absorbuissent

2173 608 2380 656 tantum
2409 615 2609 670 ponere
2641 602 2940 657 consuevit.
2979 602 3316 673 Quapropter
3337 601 3539 673 aliquid
3567 601 3758 672 hujus-

2174 693 2321 748 modi
2359 692 2557 749 dictum
2578 738 2594 764 ,
2624 708 2733 750 non
2759 704 2845 751 est
2881 695 3123 752 defectus
3164 694 3557 751 robustissima:
3600 694 3758 766 fidei,

2171 785 2267 842 sed
2293 788 2635 857 exaggeratio
2662 801 2856 859 magna
2889 788 3135 859 periculi.
3161 788 3293 844 Nam
3322 802 3422 845 cur
3447 788 3761 845 dubitarent

2173 895 2359 949 aquam
2393 880 2765 936 intolerabilem
2806 881 3042 938 evasisse
3081 882 3281 936 animas
3317 896 3466 951 suas,
3494 897 3622 940 cum
3659 883 3762 953 ipsi

2174 969 2229 1025 in
2257 970 2622 1040 superioribus
2654 971 2882 1042 professi
2908 981 3034 1029 sunt
3064 988 3079 1026 :
3108 973 3408 1029 Torrentem
3430 975 3762 1046 pertransisit

2173 1064 2346 1119 anima
2392 1065 2609 1119 nostra?
2658 1063 2922 1136 Subjecit,
2956 1082 3146 1137 aquam
3190 1066 3586 1123 intolerabilem.
3641 1067 3763 1138 Ipso

2173 1156 2335 1212 modo
2372 1173 2558 1226 aquam
2596 1156 2970 1214 intolerabilem
3010 1159 3161 1225 dicit,
3208 1174 3367 1231 quam
3405 1173 3465 1216 se
3505 1159 3765 1218 tolerasse

2177 1248 2448 1319 professus
2475 1259 2578 1307 est.
2610 1249 2783 1307 Aliter
2826 1252 2972 1308 enim
3013 1253 3244 1309 evadere
3277 1267 3386 1309 non
3429 1254 3624 1324 potuit,
3659 1254 3764 1310 nisi

2173 1344 2508 1401 confortatus
2537 1359 2635 1416 per
2664 1346 2759 1402 Dei
2804 1345 3029 1417 gratiam
3068 1347 3246 1402 omnia
3275 1348 3583 1403 tolerasset.
3614 1345 3760 1403 Istc-

2175 1438 2402 1494 lerabilis
2428 1455 2555 1510 ergo
2592 1456 2727 1511 aqua
2758 1439 2973 1508 dicitur,
3006 1439 3220 1511 quando
3260 1447 3445 1495 nostra
3480 1440 3754 1497 inﬁrmitas

2176 1533 2459 1605 cogitatur.
2484 1532 2617 1590 Nam
2640 1541 2978 1605 peccatorum
3006 1547 3196 1605 gurges
3216 1533 3610 1603 criminumque
3628 1542 3760 1590 tem-

2177 1632 2358 1693 pestas
2387 1625 2605 1681 tolerari
2646 1640 2754 1681 non
2786 1633 2986 1696 potest,
3016 1625 3231 1697 quando
3260 1640 3290 1680 a
3315 1624 3633 1681 defensione
3662 1624 3763 1681 Do.

2179 1719 2309 1774 mini
2337 1729 2645 1791 segregatos
2675 1718 2958 1775 invenerit.
2988 1719 3223 1776 Econtra
3269 1719 3449 1774 omnia
3469 1717 3760 1774 tolerabilia

2180 1814 2334 1882 fiunt,
2364 1829 2486 1869 cum
2519 1814 2662 1870 Deus
2701 1813 2756 1868 in
2785 1814 2991 1869 sanctis
3016 1814 3130 1868 suis
3171 1813 3403 1879 habitat;
3449 1820 3580 1867 tunc
3624 1812 3760 1867 enim

484 1923 599 1963 nos.
630 1907 831 1978 Aquam
869 1908 957 1963 hic
986 1907 1197 1979 iniquos
1236 1909 1463 1980 populos
1507 1911 1621 1965 vult
1662 1902 1893 1983 intelligi
1917 1926 2076 1983 paga—
2105 1899 2155 1960 Β
2181 1920 2281 1961 uec
2328 1919 2480 1962 error
2506 1905 2765 1975 subripit,
2802 1918 2903 1960 nec
2930 1903 3138 1959 luxuria
3167 1902 3362 1972 trahit,
3391 1917 3494 1958 nec
3517 1903 3759 1971 superbia

486 2014 714 2065 norum,
757 2000 848 2067 qui
880 1999 1144 2055 idolorum
1176 2000 1421 2071 culturis,
1454 2000 1608 2072 quasi
1650 2002 1813 2056 nimia
1844 2002 2075 2069 quadam

487 2090 857 2159 inundatione,
882 2099 1094 2149 terrena
1122 2094 1285 2150 corda
1317 2108 1610 2165 occupasse
1636 2094 1975 2153 videbantur.
2010 2095 2077 2152 lli

489 2198 678 2242 servos
703 2186 801 2242 Dei
827 2186 1118 2243 absorbere
1140 2188 1447 2258 cupiebant,
1470 2203 1591 2244 cum
1615 2189 1669 2244 in
1694 2202 1819 2245 suas
1839 2189 2077 2246 culturas

484 2277 820 2335 Christianos
851 2279 1151 2356 perducere
1174 2279 1501 2336 nitebantur.
1530 2279 1636 2336 Sed
1667 2295 1761 2337 eos
1792 2281 1966 2336 virtus
1989 2281 2071 2337 di-

485 2369 615 2423 vina
642 2369 906 2435 liberavit,
938 2385 1059 2440 quae
1092 2370 1252 2426 Petro
1281 2370 1531 2441 apostolo
1562 2385 1803 2438 manum,
1834 2387 1903 2429 ne
1932 2388 2076 2430 mer-

483 2471 723 2531 geretur,
765 2463 1029 2520 extendit.
1076 2464 1273 2535 Aquam
1318 2479 1447 2521 vero
1491 2465 1747 2522 dixerunt
1774 2466 2009 2537 antiqui,
2041 2482 2074 2523 a

486 2569 592 2626 qua
627 2564 752 2612 sunt
779 2559 980 2624 omnia,
1009 2558 1293 2614 credentes
1318 2558 1514 2615 exinde
1543 2560 1724 2614 omnia
1751 2559 1918 2616 fuisse
1944 2574 2074 2631 pro-

488 2654 689 2701 creata.
717 2647 986 2717 Sequitur,
1018 2658 1289 2703 torrentem
1316 2651 1644 2720 pertransivit
1672 2652 1843 2705 anima
1875 2661 2071 2709 nostra.

486 2733 713 2791 Torrens
742 2746 824 2793 est
855 2738 1025 2810 (sicut
1049 2739 1157 2809 jam
1187 2741 1451 2813 diximus)
1483 2741 1674 2799 ﬂuvius
1706 2743 1946 2801 hibernis
1974 2746 2073 2801 im-

482 2827 671 2886 bribus
701 2830 878 2886 subito
906 2832 1240 2901 concitatus,
1272 2835 1361 2905 qui
1392 2843 1446 2891 et
1473 2835 1695 2905 rapidus
1732 2838 2076 2907 cognoscitur

482 2930 541 2978 et
578 2937 857 2993 cmnosus,
897 2926 1021 2995 quia
1064 2940 1171 2980 non
1213 2941 1346 2997 puro
1392 2928 1542 2985 fonte
1572 2929 1933 3000 profunditur,
1979 2931 2075 2987 sed

481 3016 716 3071 terrenis
746 3016 1122 3073 infectionibus
1148 3018 1479 3075 sordidatur.
1507 3020 1642 3077 Huic
1686 3021 1878 3078 merito
1920 3037 2072 3079 com-

485 3114 706 3174 paratur
734 3106 918 3161 saeculi
946 3108 1099 3163 istius
1127 3108 1371 3164 turbidus
1398 3124 1609 3177 cursus,
1638 3113 1729 3183 qui
1758 3113 1909 3168 nullo
1934 3113 2078 3170 veri-

482 3195 608 3252 tatis
638 3196 783 3253 fonte
811 3196 1028 3266 deﬂuit,
1062 3198 1157 3253 sed
1187 3201 1447 3255 malorum
1474 3201 1715 3257 omnium
1757 3190 2075 3274 tempestate

2180 2005 2405 2054 ventosa
2445 1997 2727 2068 praevalet,
2760 2009 2860 2053 nec
2906 1995 3077 2052 hostis
3101 1993 3306 2065 antiqui
3340 1993 3616 2065 suggestio
3656 2008 3760 2048 ma-

2179 2090 2322 2162 ligna
2351 2099 2643 2161 grassatur.

2257 2181 2406 2240 Vers.
2438 2182 2492 2237 6.
2534 2179 2840 2237 Benedictus
2865 2179 3141 2245 Dominus,
3165 2178 3257 2250 qui
3282 2193 3387 2233 non
3414 2177 3558 2233 dedit
3598 2192 3689 2231 nos
3713 2176 3762 2231 in

2179 2278 2468 2354 captionem
2502 2276 2737 2332 dentibus
2765 2291 2964 2332 eorum.
2996 2275 3275 2332 Venerunt
3309 2274 3383 2344 pii
3424 2270 3763 2328 confessores

2181 2371 2249 2428 ad
2293 2371 2657 2427 narrationem
2686 2369 3011 2434 secundam,
3056 2368 3112 2423 in
3154 2381 3261 2439 qua
3301 2365 3537 2422 Domino
3568 2363 3764 2435 gratias

2178 2474 2365 2539 agunt,
2393 2465 2516 2537 quia
2532 2465 2752 2520 minime
2779 2478 2878 2534 pro
2898 2463 3236 2519 inimicorum
3262 2456 3636 2516 voluntatibus
3655 2470 3767 2512 cor-

2178 2562 2433 2622 ruerunt;
2465 2554 2562 2610 sed
2607 2554 2684 2610 illi
2728 2553 2908 2625 potius
2948 2550 3166 2608 contriti
3209 2558 3359 2617 sunt,
3387 2549 3481 2629 qui
3511 2561 3613 2605 eos
3650 2560 3768 2617 per-

2180 2649 2311 2705 dere
2338 2647 2664 2703 maluerunt.
2692 2645 2762 2702 Et
2793 2645 2920 2702 vide
2942 2643 3393 2715 quemadmodum
3422 2642 3768 2697 inimicorum

2179 2741 2430 2797 voluntas
2473 2753 2617 2796 steva
2644 2738 2989 2819 describitur,
3021 2747 3079 2793 ut
3116 2751 3270 2793 more
3312 2735 3549 2792 ferarum
3575 2732 3768 2789 huma-

2181 2849 2305 2891 nam
2360 2832 2725 2889 innocentiam
2789 2831 3040 2889 dentibus
3106 2838 3363 2901 appetere
3429 2829 3767 2886 viderentur.

2181 2928 2332 2997 Quod
2358 2928 2519 2983 etiam
2549 2927 2618 2983 de
2646 2924 2864 2982 diabolo
2906 2925 3108 2981 dictum
3149 2933 3233 2981 est
3268 2943 3284 2981 :
3316 2923 3566 2979 Inimicus
3607 2930 3767 2977 vester

2181 3020 2415 3075 diabolus
2445 3027 2687 3090 tanquam
2715 3019 2793 3074 leo
2840 3018 3048 3091 rugiens
3085 3018 3302 3086 circuit,
3344 3032 3572 3089 quarens
3614 3032 3763 3087 quem

2180 3113 2384 3167 devoret
2404 3110 2459 3183 (I
2488 3110 2631 3167 Petr.
2663 3126 2719 3180 v,
2749 3108 2829 3183 8).
2903 3183 2906 3186 ἢ

2258 3204 2410 3260 Vers.
2439 3204 2493 3257 7.
2516 3204 2703 3259 Anima
2724 3212 2900 3259 nostra
2927 3202 3054 3259 sicut
3090 3220 3264 3274 passer
3288 3211 3465 3275 erepta
3490 3210 3571 3260 est
3599 3203 3667 3260 de
3687 3202 3767 3259 la-

482 3289 764 3345 coalescit.
793 3290 901 3345 lste
932 3300 1145 3346 torrens
1171 3303 1254 3348 est
1283 3293 1425 3348 unde
1450 3294 1584 3349 bibit
1606 3305 1659 3351 et
1692 3296 1971 3367 Dominus,
2006 3299 2076 3356 de
2100 3280 2148 3347 (ἶ
2179 3314 2306 3369 queo
2331 3299 2643 3354 venantium.

484 3395 595 3451 quo
629 3382 739 3451 jam
766 3382 966 3437 dictum
997 3393 1081 3440 est
1112 3403 1124 3437 :
1154 3385 1232 3440 De
1271 3395 1491 3442 torrente
1527 3387 1583 3441 in
1618 3389 1701 3443 via
1730 3389 1884 3455 bibit,
1922 3407 2077 3462 prop-
2116 3388 2121 3392 ’

485 3481 627 3527 terea
655 3472 897 3527 exaltabit
928 3482 1082 3543 caput
1106 3474 1276 3547 (Psal.
1300 3491 1411 3545 crs,
1435 3478 1511 3549 7).
1538 3479 1727 3536 Merito
1756 3495 1889 3552 ergo
1912 3492 1968 3539 et
1995 3482 2074 3538 ls-

485 3552 601 3621 racl
644 3566 817 3636 ipsum
852 3567 1230 3637 pertransiisse
1268 3570 1601 3639 perhibetur,
1636 3572 1777 3629 unde
1819 3581 1875 3630 et
1914 3581 2077 3645 caput

485 3656 605 3727 ejus
636 3666 849 3727 potasse
878 3658 1186 3729 praedictum
1218 3670 1319 3717 est.
1353 3663 1459 3719 Sed
1486 3665 1540 3719 in
1573 3664 1658 3721 his
1697 3666 1946 3722 omnibus
1969 3682 2075 3724 una

485 3756 573 3802 est
611 3764 845 3821 veraque
884 3750 1180 3817 confessio;
1223 3754 1472 3823 quoniam
1508 3755 1577 3812 de
1618 3758 1779 3811 tantis
1816 3756 2072 3826 periculis

482 3839 600 3894 sola
632 3839 846 3897 Domini
874 3842 1221 3899 miseratione
1243 3843 1557 3901 liberamur.

554 3932 711 3989 Vers.
738 3936 787 3989 5.
816 3933 1065 3990 Forsitan
1086 3939 1464 4009 pertransiisset
1493 3941 1669 3994 anima
1689 3948 1865 3995 nostra
1885 3957 2073 4012 aquam

479 4025 870 4082 intolerabilem.
897 4028 1173 4105 Debemus,
1195 4030 1264 4085 ad
1290 4032 1662 4102 inquirendum
1686 4047 1806 4088 esse
1833 4033 2069 4100 solliciti,

484 4129 651 4181 quare
696 4118 795 4171 ista
826 4132 951 4187 pars
982 4120 1263 4188 orationis,
1294 4121 1535 4191 forsitan,
1565 4121 1724 4179 fuerit
1760 4124 1922 4180 toties
1964 4125 2071 4182 ite-

481 4214 631 4273 rata,
676 4222 799 4262 cum
844 4208 1085 4265 dubitare
1122 4211 1367 4269 fidelibus
1414 4230 1522 4269 non
1562 4215 1848 4271 conveniat
1885 4216 2071 4274 mundi

478 4298 724 4369 pericula
758 4314 855 4369 per
885 4303 1247 4373 nosmetipsos
1275 4290 1382 4360 non
1414 4306 1656 4375 potuisse
1684 4308 1937 4377 transire,
1968 4311 2071 4363 nisi

477 4391 605 4461 quia
633 4390 884 4447 Dominus
920 4402 1028 4449 erat
1065 4394 1120 4449 in
1160 4398 1319 4451 nobis.
1348 4396 1461 4455 Hoc
1487 4401 1631 4455 enim
1660 4415 1812 4468 vera,
1845 4402 1946 4459 hoc
1974 4416 2070 4458 ca-

480 4480 683 4539 tholica
715 4484 999 4541 confitetur
1026 4485 1300 4556 Ecclesia;
1328 4490 1422 4546 sed
1451 4504 1581 4547 usus
1608 4500 1689 4548 est
1719 4494 1895 4564 magni
1924 4495 2070 4563 peri-

479 4574 614 4645 culi,
644 4584 701 4631 ut
727 4578 937 4647 quoties
958 4592 989 4634 a
1013 4578 1245 4635 maxima
1272 4581 1426 4637 clade
1445 4581 1762 4653 liberamur,
1787 4585 1886 4641 sub
1908 4584 2071 4642 dubi-

2256 3391 2410 3447 γεγε.
2441 3392 2496 3447 8.
2528 3391 2766 3462 Laqueus
2795 3392 3041 3447 contritus
3079 3399 3188 3460 est,
3232 3400 3282 3447 et
3310 3407 3404 3446 nos
3442 3391 3649 3446 liberati
3686 3407 3769 3445 stt-

2184 3496 2317 3536 ntus.
2349 3481 2493 3538 Bene
2525 3480 2667 3537 istud
2708 3481 2878 3538 sancti
2908 3481 3124 3552 dicunt,
3167 3496 3396 3553 quorum
3437 3483 3546 3538 etsi
3575 3494 3770 3552 corpus

2184 3570 2461 3639 afflictum,
2490 3573 2667 3629 anima
2692 3581 2893 3642 tamen,
2914 3573 3142 3630 Domino
3163 3574 3520 3642 custodiente,
3547 3584 3764 3631 servata

2183 3672 2285 3720 est.
2313 3662 2504 3719 Passer
2528 3665 2670 3721 enim
2700 3664 2873 3736 (sicut
2913 3680 3056 3736 saepe
3079 3666 3347 3739 diximus)
3383 3668 3501 3723 avis
3531 3675 3617 3723 est
3646 3682 3761 3723 om-

2178 3756 2310 3811 nino
2338 3756 2666 3824 cautissima,
2689 3755 2743 3810 in
2776 3756 3065 3827 parietibus
3094 3757 3362 3827 habitans,
3390 3774 3512 3829 qua:
3541 3759 3765 3815 insidias

2178 3850 2379 3920 positas
2416 3850 2646 3906 solerter
2685 3850 2881 3917 evitat,
2928 3864 3027 3907 uec
3065 3850 3225 3907 facile
3269 3852 3502 3923 capitur,
3533 3866 3652 3923 qua:
3693 3849 3763 3907 ad

2178 3955 2333 3997 escas
2370 3942 2689 4013 quaerendas
2735 3956 2950 4013 semper
2987 3943 3231 3998 noscitur
3278 3942 3467 3999 venire
3505 3942 3753 3998 sollicita.

2177 4031 2416 4104 Laqueus
2453 4040 2537 4090 est
2557 4043 2736 4090 autem
2765 4034 3078 4104 venantium,
3115 4033 3305 4090 mundi
3332 4035 3490 4091 istius
3514 4033 3766 4106 quaslibet

2177 4124 2405 4181 dulcedo
2449 4116 2779 4205 proposita,
2804 4126 2861 4180 in
2899 4140 3006 4198 qua
3048 4134 3178 4182 tunc
3220 4128 3497 4198 capimur,
3545 4126 3767 4198 quando

2175 4217 2355 4273 suavis
2381 4230 2503 4273 esse
2526 4204 2832 4287 iudicatur,
2869 4217 3008 4274 sicut
3046 4216 3116 4275 de
3143 4219 3467 4275 mulieribus
3499 4220 3769 4290 scriptum

2175 4316 2260 4366 est
2292 4328 2303 4363 :
2341 4309 2533 4365 Oculus
2565 4296 3085 4380 meretricislaqueus
3122 4312 3405 4380 peccatoris
3438 4309 3624 4382 (Prov.
3649 4312 3770 4383 vn).

2174 4402 2270 4462 Sic
2312 4404 2381 4460 de
2406 4403 2655 4473 avaritia,
2682 4404 2760 4460 sic
2782 4403 2851 4462 de
2876 4405 3152 4476 superbia,
3180 4406 3260 4462 sic
3288 4405 3359 4463 de
3379 4406 3593 4463 cunctis
3622 4406 3768 4462 vitiis

2173 4494 2534 4552 sentiendum.
2567 4494 2674 4552 Sed
2702 4494 2825 4552 vide
2854 4495 2986 4565 quid
3016 4495 3335 4567 adiecerint,
3358 4496 3644 4552 contritum
3681 4496 3765 4550 la-

2173 4609 2381 4663 queum,
2410 4601 2460 4647 et
2486 4606 2547 4649 se
2573 4593 2730 4663 fuisse
2755 4592 3017 4648 liberatos.
3058 4591 3299 4660 Revera,
3330 4592 3455 4663 quia
3488 4605 3553 4649 se
3577 4598 3766 4663 gravat

462 4665 688 4755 ‘tatione
712 4666 954 4723 dicamus
991 4685 1004 4721 :
1047 4669 1208 4725 Putas
1236 4672 1544 4727 evasimus?
1569 4686 1692 4728 cum
1738 4689 1835 4730 nos
1863 4690 2065 4747 nequa-
2088 4669 2147 4732 D
2175 4684 2267 4753 qui
2294 4685 2458 4740 alium
2494 4692 2723 4739 onerare
2750 4680 3002 4749 festinat;
3027 4690 3083 4738 et
3110 4682 3254 4740 sicut
3289 4682 3521 4753 legitur:
3558 4684 3684 4755 Ipse
3708 4685 3763 4738 is

478 4772 640 4828 quam
670 4762 909 4818 evasisse
927 4760 1253 4819 dubitemus.
1277 4763 1411 4819 Nam
1431 4772 1486 4821 et
1512 4765 1636 4822 alibi
1659 4769 1713 4822 in
1736 4783 1795 4825 re
1815 4779 1963 4825 certa
1985 4771 2066 4828 sic

464 4842 697 4917 "ponitur
728 4870 742 4905 :
782 4852 905 4908 Nisi
932 4844 1069 4924 quod
1101 4853 1187 4908 lex
1212 4864 1304 4909 tua
1331 4857 1596 4911 meditatio
1636 4874 1747 4913 mea
1784 4869 1891 4927 est,
1944 4869 2065 4916 tunc

477 4943 697 5014 forsitan
712 4947 973 5017 periissem
999 4947 1053 5001 in
1077 4947 1367 5001 humilitate
1392 4963 1505 5002 mea
1536 4947 1707 5018 (Psal.
1733 4967 1915 5023 cxvtn,
1944 4952 2061 5023 92).

463 5035 683 5118 ‘Tobias
711 5053 923 5107 quoque
953 5038 1211 5110 propheta
1238 5038 1319 5094 sic
1348 5039 1448 5094 ait:
1468 5039 1854 5112 Convertimini,
1881 5060 2065 5109 pecca-

464 5126 638 5199 tores,
673 5138 720 5183 et
761 5129 925 5202 [.38
973 5134 1123 5203 facile
1155 5134 1421 5205 justitiam
1455 5150 1631 5189 coram
1666 5136 1920 5204 Domino;
1949 5139 2067 5210 quis

478 5223 578 5276 scit
629 5223 677 5277 si
722 5223 840 5276 velit
892 5239 1011 5291 vos,
1062 5236 1111 5281 et
1157 5228 1310 5298 faciet
1352 5227 1612 5283 vobiscum
1658 5231 2066 5288 misericordiam

460 5308 505 5385 “(
530 5312 661 5367 Tob.
693 5329 808 5382 xui,
832 5314 924 5387 8)?
954 5315 1022 5371 Et
1062 5317 1187 5373 alibi
1209 5319 1465 5390 scriptum
1495 5329 1580 5378 est
1605 5340 1618 5376 :
1645 5320 1715 5377 Et
1742 5324 1932 5379 elevate
1950 5341 2067 5379 cum

460 5394 609 5476 'fletu
637 5405 807 5459 oculos
848 5415 1037 5461 vestros
1081 5408 1136 5461 in
1194 5410 1376 5463 calum
1400 5455 1415 5480 ,
1467 5413 1689 5483 forsitan
1748 5408 2065 5471 miserebitur

481 5497 647 5551 nostri
677 5493 950 5563 Dominus,
978 5508 1025 5551 et
1051 5499 1265 5553 salvabit
1303 5517 1391 5556 vos
1420 5501 1649 5573 (Iudith.
1684 5519 1779 5571 Vll,
1823 5507 1911 5573 {8,
1941 5506 2059 5579 ‘24).

460 5580 650 5645 Vides
695 5590 854 5644 tantis
902 5587 1033 5644 locis
1074 5592 1337 5662 positum,
1390 5595 1630 5663 forsitan,
1677 5597 1767 5651 ubi
1810 5613 1916 5654 non
1951 5608 2067 5655 erat

483 5687 751 5741 ullatenus
778 5682 1183 5751 ambigendum;
1219 5684 1359 5739 unde
1391 5700 1495 5740 non
1539 5688 1735 5745 merito
1770 5690 1909 5746 hanc
1938 5707 2061 5748 vcr-

482 5773 674 5829 borum
706 5771 1067 5838 titubantiam,
1104 5773 1197 5827 sed
1224 5774 1350 5828 fidei
1380 5790 1625 5844 magnam
1655 5779 2061 5853 absolutamque

486 5865 841 5923 constantiam
900 5866 1170 5937 proprium
1221 5864 1512 5935 Scriptura:
1557 5867 1753 5926 divinae
1801 5873 2059 5945 dicimus;

2172 4776 2368 4847 foveam
2398 4775 2599 4841 incidit,
2628 4775 2716 4844 qui
2735 4789 2848 4829 eam
2872 4773 3025 4829 alteri
3051 4791 3239 4845 parare
3265 4776 3531 4831 contendit
3564 4774 3757 4848 (Eecli.

2170 4882 2337 4935 xxvn,
2366 4867 2493 4937 29).
2530 4866 2797 4922 Praeterea
2827 4866 3037 4936 respice
3064 4866 3209 4937 quod
3235 4880 3344 4922 non
3372 4870 3619 4938 ruptum,
3662 4867 3755 4923 sed

2170 4962 2440 5015 contritum
2471 4960 2705 5031 laqueum
2726 4956 2877 5014 dicit.
2902 4955 3193 5014 Contritum
3218 4958 3362 5015 enim
3403 4972 3507 5014 nec
3549 4958 3755 5016 loreum

2170 5050 2390 5121 aliquid,
2416 5063 2518 5106 nec
2538 5059 2787 5120 stupeum
2814 5048 3062 5115 dicimus,
3095 5050 3197 5105 nisi
3226 5050 3370 5121 quod
3399 5050 3630 5122 alicujus
3651 5066 3759 5108 me-

2173 5145 2285 5200 talli
2315 5144 2565 5200 duritiam
2606 5143 2807 5199 habere
2848 5148 3207 5211 monstratur;
3256 5151 3313 5200 et
3349 5144 3473 5201 ideo
3506 5147 3756 5201 contritus

2173 5235 2347 5291 dictus
2372 5244 2473 5301 est,
2498 5241 2555 5289 ut
2583 5233 2634 5288 in
2656 5233 2775 5302 ipso
2805 5232 3119 5289 ostenderet
3151 5232 3522 5291 fortitudinem
3553 5236 3755 5305 passio-

2173 5329 2276 5399 nis,
2304 5336 2357 5385 et
2384 5328 2673 5396 potentiam
2720 5326 3023 5383 liberantis.
3061 5327 3401 5398 Quapropter
3427 5334 3647 5387 contrito
3680 5330 3755 5385 la-

2171 5434 2323 5489 queo,
2354 5418 2548 5474 merito
2588 5432 2649 5473 se
2691 5416 2874 5472 dicunt
2916 5433 3025 5473 esse
3067 5418 3338 5487 liberatos,
3370 5420 3587 5490 quando
3628 5421 3751 5477 insi-

2174 5512 2411 5569 diatores
2446 5511 2811 5582 perducuntur
2851 5510 2918 5566 ad
2962 5510 3220 5579 nihilum,
3263 5527 3385 5569 cum
3422 5528 3623 5586 capere
3662 5529 3750 5571 ne-

2172 5614 2373 5673 queunt
2399 5616 2532 5672 quos
2554 5600 2802 5670 decipere
2818 5596 3189 5659 'tentaverunt.

2244 5694 2396 5749 Vers.
2430 5693 2483 5749 9.
2518 5694 2850 5764 Adjutorium
2894 5702 3123 5748 nostrum
3162 5696 3215 5748 in
3263 5700 3466 5752 nomine
3509 5700 3747 5768 Domini,

2148 5787 2256 5854 qui
2281 5787 2398 5855 fecit
2442 5784 2621 5839 caelum
2650 5796 2696 5837 et
2717 5793 2926 5839 terram.
2954 5785 3205 5841 Reddunt
3231 5801 3447 5843 causam
3473 5804 3641 5861 quare
3667 5792 3740 5844 la-

2171 5893 2338 5949 queus
2379 5879 2472 5935 ille
2522 5877 2785 5935 contritus
2833 5888 2944 5944 est,
2996 5880 3118 5952 quia
3159 5878 3290 5935 nihil
3333 5880 3408 5936 illi
3456 5884 3740 5954 praevalere
