4032 6340
140 3821 158 3951 l

259 349 392 406 921
1203 347 1569 408 EXPOSITIO
1607 349 1675 406 IN
1717 349 2169 411 PSALTERlUM.
2211 354 2405 413 PSAL.
2445 357 2684 418 CXXIV.
3467 366 3572 424 922

260 470 471 539 potest
495 463 806 530 adversum,
838 462 924 518 cui
952 461 1134 519 divina
1160 464 1331 520 virtus
1351 473 1569 536 praestat
1589 465 1869 522 auxilium.
1900 467 1954 528 Δ
1976 474 2120 523 tame
2146 484 2180 523 n
2210 478 2264 523 ct
2285 471 2458 542 ipsum
2490 474 2541 528 in
2572 474 2678 530 ﬁne
2706 472 2889 532 mundi
2914 475 3190 534 credamus
3215 477 3354 534 inter
3378 485 3574 535 caetera

260 560 428 629 Quid
457 558 736 614 dementes
763 555 1025 627 quaeritis,
1058 565 1246 612 contra
1276 556 1423 612 illius
1443 572 1634 613 servos
1658 558 1877 613 insidias
1986 565 2327 619 commutari.
2369 564 2476 621 Sed
2525 567 2617 624 ille
2667 569 2820 640 Sion,
2851 570 2904 626 id
2931 579 3013 627 est
3042 571 3300 627 Dominus
3331 571 3574 630 Christus

261 652 533 719 tendere,
557 663 718 722 quem
739 647 964 704 audistis
983 648 1178 705 ctelum
1201 656 1257 705 et
1281 656 1476 705 terram
1500 649 1742 720 jussione
1762 664 1877 706 mo-
1987 668 2094 708 non
2125 658 2540 727 commovebitur,
2571 661 2661 731 qui
2691 660 2792 718 hac
2822 661 3213 733 signiﬁcatione
3250 664 3574 720 declaratur.

258 753 575 801 mentanea
600 742 938 800 condidisse?
981 742 1158 799 Facile
1185 743 1262 798 illi
1294 751 1377 799 est
1408 743 1630 801 insidias
1669 755 1879 802 vestras
1983 743 2054 801 Et
2100 749 2383 805 considera
2429 751 2557 821 quia
2606 766 2770 824 supra
2813 755 3014 824 posuit,
3058 756 3145 825 qui
3187 756 3482 825 conﬁdunt;
3521 763 3578 812 et

260 837 419 910 [θείη
448 834 686 908 nostras]
713 837 1019 906 destruere,
1050 836 1140 906 qui
1169 836 1453 895 consuevit
1483 837 1667 910 iniqua
1697 839 1878 897 omnia
1980 847 2164 908 postea
2204 842 2551 914 singulariter
2593 844 2765 915 dixit,
2813 863 2917 902 non
2963 848 3386 914 cemmevebitur;
3426 847 3575 904 vide-

176 998 181 1002 _
256 939 408 984 cum
435 927 668 986 voluerit
688 927 976 998 dissipare.

823 1039 1096 1098 Conclusio
1127 1043 1339 1113 psalmi.

353 1155 528 1222 Quam
558 1152 700 1211 bene
729 1153 782 1209 in
811 1154 1000 1225 quinto
1028 1155 1199 1226 gradu
1229 1155 1603 1214 confessorem
1633 1159 1875 1215 ascendit

263 1249 443 1305 beata
471 1247 724 1313 devotio,
748 1255 807 1302 ut
837 1248 929 1318 qui
955 1262 1247 1320 corporees
1276 1264 1489 1318 sensus,
1524 1251 1744 1322 juvante
1770 1251 1876 1308 Do-

262 1340 453 1405 mino,
485 1353 746 1409 superare
775 1338 1078 1407 valuerunt,
1118 1341 1346 1411 quinarii
1379 1341 1482 1398 loci
1526 1344 1874 1412 provectiene

261 1431 611 1502 gauderent!
639 1431 747 1488 Sed
775 1432 829 1488 hi
857 1448 923 1488 ne
952 1433 1231 1502 caderent,
1261 1450 1329 1492 ne
1374 1438 1615 1508 corporis
1647 1437 1874 1494 inﬁrmi-

263 1533 393 1582 tate
421 1525 736 1596 titubarent,
769 1526 859 1583 illa
888 1526 1108 1583 humani
1148 1532 1364 1600 generis
1398 1531 1709 1589 remedialis
1735 1548 1875 1603 prae-

261 1618 457 1673 stabat
493 1617 796 1688 humilitas,
846 1627 906 1674 ut
949 1632 1100 1690 spem
1141 1634 1294 1676 suam
1336 1628 1501 1679 totam
1546 1623 1603 1678 in
1646 1623 1872 1683 Domino

267 1719 585 1779 ponerent,
618 1725 718 1766 nec
763 1710 864 1766 sibi
921 1710 1048 1768 boni
1091 1712 1296 1783 aliquid
1338 1714 1572 1773 ruinosis
1611 1730 1871 1787 praesum-

262 1800 550 1870 ptionibus
579 1803 935 1873 applicarent.

773 1919 1093 1978 PSALMUS
1124 1920 1362 1978 CXXIV.

772 2013 1041 2070 Canticum
1083 2017 1360 2088 graduum.

345 2125 536 2183 Sciens
560 2127 813 2183 Dominus
841 2127 1170 2185 inﬁrmitatis
1193 2128 1444 2186 humanae
1473 2129 1688 2187 labilem
1712 2145 1865 2203 gres-

261 2230 423 2288 sum,
454 2218 556 2273 iter
580 2219 718 2275 istud
748 2221 1004 2277 virtutum
1036 2222 1356 2293 quibusdam
1403 2224 1657 2295 gradibus
1697 2224 1863 2280 fabri-

259 2311 450 2378 cavit,
490 2321 546 2366 ut
574 2313 814 2368 securius
842 2314 906 2369 ad
943 2315 1108 2370 ardua
1148 2315 1394 2372 tenderet
1414 2316 1736 2372 desiderium
1765 2331 1863 2372 ne-

265 2411 470 2473 strum,
502 2418 621 2459 cum
654 2405 936 2476 vestigium
969 2414 1260 2476 poneretur
1283 2406 1338 2462 in
1372 2407 1552 2477 plane.
1589 2405 1678 2464 Sic
1715 2406 1860 2462 cnim

263 2497 544 2553 calcamus
572 2498 729 2555 dorsa
765 2498 1062 2570 graduum,
1096 2508 1152 2555 ut
1191 2499 1509 2571 inaequalem
1540 2514 1648 2555 non
1692 2500 1864 2570 patia-

263 2603 391 2644 mur
419 2604 722 2646 ascensura.
748 2591 855 2647 Sed
880 2591 1121 2662 quamvis
1148 2592 1290 2648 scala
1313 2594 1412 2649 ista
1441 2591 1690 2648 salutaris
1712 2605 1860 2647 com-

262 2682 471 2751 petenti
489 2681 731 2738 remedio
745 2683 991 2739 videatur
1013 2697 1134 2739 esse
1157 2691 1483 2749 constructa,
1508 2683 1652 2738 nulla
1679 2691 1858 2738 tamen

262 2771 524 2827 ﬁrmitate
577 2773 958 2841 consistimus,
1017 2774 1122 2831 nisi
1173 2775 1282 2830 illic
1337 2776 1546 2831 Domini
1598 2774 1858 2846 regimine

263 2869 550 2920 teneamur
577 2864 724 2936 [mss.
745 2866 832 2934 A.,
853 2866 942 2935 B.,
968 2865 1062 2938 F.,
1088 2868 1376 2941 tueamur].
1399 2867 1530 2935 Quae
1566 2876 1745 2925 tamen
1773 2883 1858 2926 as-

264 2955 454 3011 censio
476 2956 535 3012 ﬁt
560 2967 759 3026 mente,
790 2973 896 3016 non
925 2973 1170 3030 corpore.
1194 2960 1326 3016 Nam
1344 2961 1395 3016 in
1420 2975 1527 3016 uno
1548 2961 1718 3032 magis
1740 2961 1857 3018 loco

261 3047 541 3116 sedentes,
574 3058 629 3105 et
656 3051 866 3107 cellulae
893 3052 998 3107 situ
1028 3054 1246 3123 retrusi,
1276 3051 1548 3110 efﬁcacius
1573 3055 1705 3110 istos
1733 3069 1856 3125 gra-

262 3139 370 3196 dus
399 3142 758 3210 ascendimus,
801 3160 959 3216 quam
996 3147 1041 3202 si
1081 3161 1178 3216 per
1207 3146 1482 3204 hominum
1524 3163 1622 3204 ora
1666 3149 1854 3204 velite-

1983 932 2112 992 licet
2143 946 2199 993 ut
2224 953 2564 996 numerosam
2586 940 2883 997 Christiani
2910 941 3091 1013 populi
3114 941 3423 998 ostenderet
3453 941 3572 997 uni-

1979 1037 2164 1085 tatem.
2189 1029 2427 1100 Addidit,
2451 1032 2539 1103 qui
2564 1032 2756 1087 habitat
2781 1034 2836 1087 in
2860 1031 3319 1088 Jerusalem.Cum
3340 1032 3572 1088 sciamus

1976 1118 2275 1178 Jerusalem
2299 1137 2328 1177 a
2356 1122 2584 1180 diversis
2612 1123 2860 1194 gentibus
2883 1123 3126 1180 funditus
3155 1123 3324 1178 fuisse
3348 1123 3573 1178 subver-

1977 1225 2092 1269 sam
2115 1256 2130 1282 ,
2160 1212 2385 1284 ejusque
2428 1215 2576 1270 cives
2606 1199 2912 1285 frequenter
2943 1214 3131 1271 ductos
3153 1228 3276 1269 esse
3304 1213 3569 1282 captives,

1977 1306 2432 1378 quemadmodum
2463 1307 2551 1364 hic
2592 1308 2923 1364 habitatores
2959 1308 3076 1378 ejus
3105 1307 3236 1363 dicit
3259 1306 3568 1362 nullatenus

1977 1400 2431 1456 commovendos?
2454 1401 2561 1458 Sed
2594 1400 2681 1456 hic
2709 1415 2925 1471 quoque
2951 1399 3263 1468 Jerusalem,
3295 1400 3571 1456 caelestem

1977 1495 2202 1563 patriam
2233 1493 2493 1551 debemus
2515 1494 2822 1563 advertere,
2855 1509 2976 1563 quae
3011 1494 3276 1564 signiﬁcat
3307 1493 3571 1549 visionem

1977 1586 2125 1654 pacis
2158 1604 2171 1639 :
2206 1585 2274 1641 de
2313 1601 2415 1656 qua
2448 1586 2625 1642 nullus
2669 1594 2844 1656 potest
2873 1587 2983 1641 ulle
3025 1585 3187 1640 modo
3236 1585 3574 1651 commoveri;

1973 1680 2066 1749 qui
2113 1680 2372 1736 meruerit
2414 1681 2470 1735 in
2515 1679 2631 1750 ejus
2673 1680 2948 1736 soliditate
2993 1678 3269 1735 constitui.
3304 1677 3394 1733 Sic
3427 1678 3572 1733 enim

1975 1771 2134 1826 nobis
2179 1771 2379 1827 veritas
2415 1779 2584 1842 patet,
2628 1779 2684 1826 et
2721 1772 2860 1827 ratio
2897 1772 3142 1827 absoluta
3190 1770 3480 1836 constabit,
3527 1769 3572 1826 si

1897 1850 1947 1912 Β
1974 1864 2190 1919 nomina
2219 1862 2526 1934 hujusmedi
2547 1861 2612 1919 ad
2637 1877 2933 1933 congruam
2956 1862 3369 1940 signiﬁcantiam
3393 1869 3570 1916 trans-

1973 1955 2234 2013 feramus.

2041 2047 2196 2105 Vers.
2227 2046 2283 2104 2.
2331 2046 2534 2102 Montes
2571 2048 2625 2102 in
2671 2048 2884 2100 circuitu
2921 2062 3035 2118 ejus
3068 2059 3087 2100 :
3118 2053 3165 2100 et
3217 2044 3471 2099 Dominus
3517 2043 3573 2097 in

1968 2141 2183 2194 circuitu
2211 2140 2388 2212 pepuli
2418 2141 2532 2206 sui,
2568 2155 2631 2194 ex
2659 2139 2754 2194 hoc
2781 2153 2916 2192 nunc
2945 2146 2992 2192 et
3023 2154 3180 2208 usque
3211 2138 3263 2191 in
3299 2135 3566 2190 sarculum.

1966 2229 2055 2286 Sic
2084 2229 2253 2284 forma
2289 2239 2520 2285 terrente
2547 2228 2846 2284 Jerusalem
2886 2226 3140 2296 praesenti
3172 2239 3331 2281 versu
3362 2222 3571 2279 descri-

1965 2321 2129 2388 bitur,
2171 2329 2230 2377 ut
2258 2321 2349 2377 illa
2383 2320 2537 2376 nobis
2576 2319 2814 2376 caelestis
2845 2318 3018 2387 patria
3063 2315 3240 2386 potius
3281 2314 3568 2369 indicetur.

1965 2417 2176 2473 Etenim
2200 2415 2500 2474 Jerusalem
2525 2415 2626 2470 ista
2651 2453 2666 2479 ,
2693 2412 2935 2482 quamvis
2959 2418 3015 2467 et
3043 2409 3158 2479 ipsa
3181 2409 3235 2462 in
3257 2413 3439 2462 monte
3463 2405 3565 2470 sit,

1964 2508 2322 2579 circumjectis
2348 2506 2626 2564 montibus
2644 2547 2660 2573 ,
2686 2505 2738 2560 in
2762 2502 2942 2560 medio
2961 2501 3251 2558 constituta
3271 2539 3288 2565 ,
3312 2512 3432 2568 qute
3452 2495 3569 2552 cel-

1963 2599 2040 2657 sis
2074 2599 2440 2657 cacuminibus
2476 2598 2622 2655 velut
2665 2595 2910 2667 quaedam
2949 2608 3075 2650 area
3118 2590 3395 2648 circuitur.
3441 2587 3569 2643 Haec

1961 2691 2136 2748 forma
2158 2689 2412 2746 dictionis
2441 2687 2629 2744 Graece
2656 2687 2854 2743 dicitur
2880 2683 3179 2755 topothesia
3202 2723 3218 2750 ,
3244 2681 3435 2736 Latine
3461 2679 3566 2736 loci

1961 2784 2178 2856 positio.
2203 2781 2406 2838 Montes
2433 2782 2577 2839 enim
2606 2789 2662 2836 et
2681 2780 2736 2835 in
2761 2780 2903 2835 bene
2931 2786 2986 2833 et
3011 2778 3064 2832 in
3086 2776 3230 2831 male
3258 2780 3562 2844 ponuntur,

1961 2877 2212 2948 quoniam
2241 2875 2456 2946 utrique
2499 2887 2660 2944 super
2706 2885 3050 2928 communem
3088 2877 3334 2926 naturam
3367 2879 3563 2936 magna

1961 2968 2245 3024 altitudine
2265 2967 2614 3037 prmeminere
2633 2972 2950 3020 cernuntur.
2977 2961 3034 3016 In
3055 2961 3198 3016 male
3219 2967 3344 3014 sunt
3362 2956 3525 3028 positi
3546 2973 3562 3010 :

1960 3060 2030 3115 In
2072 3060 2295 3114 Domine
2336 3059 2539 3128 conﬁde
2585 3073 2604 3112 :
2644 3055 2896 3128 quomodo
2943 3052 3114 3107 dicitis
3159 3052 3344 3106 animm
3386 3063 3511 3103 mete
3541 3061 3564 3101 :

1960 3149 2296 3221 Transmigra
2324 3149 2379 3202 in
2420 3154 2642 3201 montem
2683 3147 2816 3200 sicut
2855 3159 3028 3215 passer
3058 3141 3244 3214 (Psal.
3273 3157 3340 3206 ι,
3366 3139 3464 3210 2)?
3503 3137 3562 3194 In

261 3246 420 3300 mus;
450 3242 507 3290 et
534 3234 655 3291 ideo
683 3237 880 3292 clamat
919 3238 1179 3308 prepheta
1206 3240 1363 3296 nobis
1394 3255 1514 3296 esse
1536 3241 1591 3296 in
1626 3241 1852 3298 Domino
1882 3241 1930 3307 C
1958 3239 2102 3298 bene
2139 3259 2150 3294 :
2180 3239 2476 3310 Suscipiunt
2505 3247 2697 3292 montes
2725 3252 2901 3308 pacem
2944 3233 3135 3304 populo
3166 3243 3251 3287 tuo
3271 3272 3286 3298 ,
3315 3240 3362 3286 et
3403 3230 3559 3284 colles

261 3328 666 3400 conﬁdendum,
697 3348 766 3389 ne
796 3333 1101 3390 laboremus
1129 3334 1419 3392 incassum.

841 3443 1036 3500 Divisio
1073 3447 1281 3518 psalmi.

335 3551 722 3612 Conscendens
751 3557 1012 3628 propheta
1042 3560 1312 3615 senarium
1338 3561 1584 3631 gradum,
1613 3563 1702 3632 qui
1733 3578 1854 3632 per-

262 3644 435 3702 fectus
459 3647 690 3704 habetur
738 3651 791 3704 in
846 3649 1126 3720 disciplina
1167 3666 1548 3721 numerorum,
1594 3653 1852 3722 populum

261 3735 475 3793 ﬁdelem
501 3739 670 3808 prima
697 3742 1119 3799 commonitione
1148 3744 1455 3812 conﬁrmat,
1478 3745 1659 3800 dicens
1681 3745 1853 3800 nulla-

262 3839 421 3886 tenus
447 3835 773 3890 commoveri
817 3849 996 3904 posse,
1047 3837 1137 3906 qui
1182 3838 1561 3894 cenﬁdentiam
1594 3855 1744 3896 suam
1797 3841 1851 3897 in

261 3917 475 3977 Domini
517 3925 717 3981 virtute
758 3933 1083 3995 posuerunt;
1122 3926 1354 3982 reddens
1393 3942 1642 3998 causam,
1686 3944 1853 4000 quare

261 4024 580 4084 peccatores
629 4033 791 4089 supra
845 4030 1046 4077 sortem
1095 4020 1367 4090 justerum
1415 4038 1522 4078 non
1576 4022 1850 4092 permittat

260 4121 594 4167 escrescere.
615 4110 714 4168 Sec
738 4114 882 4170 unde
899 4113 1240 4186 deprecatur,
1265 4124 1322 4172 ut
1341 4117 1504 4173 rectis
1524 4116 1851 4189 prosperitas

260 4201 444 4271 pravis
465 4204 700 4262 vindicta
727 4208 1029 4279 proveniat.

801 4315 1069 4391 Expositio
1103 4321 1310 4391 psalmi.

333 4427 492 4486 Vers.
524 4430 577 4486 1.
611 4431 712 4498 Qui
733 4433 997 4500 confidunt
1019 4433 1072 4488 in
1101 4433 1326 4489 Domine
1351 4435 1486 4490 sicut
1510 4451 1653 4490 meus
1679 4435 1806 4492 Sion
1831 4451 1850 4490 :

259 4539 364 4580 non
386 4526 780 4580 commovebitur
809 4527 862 4581 in
889 4537 1162 4594 teternum,
1207 4535 1295 4599 qui
1334 4529 1527 4584 habitat
1555 4531 1610 4585 in
1636 4530 1850 4587 Jerusa-

1953 3334 2215 3408 justitiam
2240 3331 2426 3405 (Psal.
2456 3345 2579 3387 LXXI
2600 3373 2616 3401 ,
2645 3329 2734 3400 5).
2755 3327 2904 3386 Sicut
2928 3337 2980 3383 et
3009 3325 3096 3382 hic
3121 3334 3316 3378 montes
3345 3328 3560 3378 sanctos

1960 3429 2106 3482 viros
2138 3423 2456 3495 designant,
2487 3421 2578 3492 qui
2608 3420 2908 3477 Jerusalem
2940 3419 3087 3474 illam
3126 3416 3404 3473 caelestem
3431 3424 3563 3484 qua‘

1957 3530 2251 3589 quaversus
2281 3513 2601 3570 inhabitant.
2638 3510 2771 3566 Nam
2802 3517 2860 3566 ut
2889 3509 3074 3566 beatos
3104 3508 3248 3562 vires
3277 3505 3560 3562 debuisses

1959 3609 2239 3665 advertere
2261 3646 2277 3674 ,
2299 3605 2560 3676 sequitur,
2589 3611 2637 3659 et
2667 3602 2918 3657 Dominus
2943 3601 2996 3655 in
3017 3599 3233 3655 circuitu
3255 3596 3436 3669 pepuli
3456 3595 3559 3651 sui.

1959 3700 2054 3756 Ille
2094 3699 2237 3755 enim
2283 3713 2390 3753 non
2437 3696 2666 3765 circuit,
2700 3695 2799 3749 nisi
2828 3708 2987 3763 quem
3026 3692 3127 3746 sibi
3172 3690 3390 3746 fidelem
3436 3702 3562 3746 esse

1957 3791 2264 3862 cognoscit;
2298 3790 2492 3846 circuit
2517 3788 2661 3844 enim
2691 3786 2760 3841 ad
2789 3795 3004 3840 (eterna:
3036 3782 3367 3838 defensionis
3405 3781 3561 3834 auxi-

1958 3883 2087 3939 lium
2113 3923 2129 3950 ,
2153 3889 2206 3936 et
2229 3880 2393 3935 totius
2415 3878 2636 3935 honoris
2657 3875 2930 3932 cumulum
2953 3873 3359 3930 conferendum.
3393 3871 3563 3925 Adest

1956 3975 2100 4032 enim
2140 3987 2238 4044 per
2279 3970 2603 4027 ineﬁ‘abilem
2650 3976 2893 4022 naturam
2938 3979 3090 4020 suam
3138 3963 3336 4034 ubique
3381 3969 3561 4030 totus,

1955 4067 2136 4125 omnia
2179 4072 2500 4136 penetrans,
2548 4067 2847 4129 cunctaque
2894 4057 3214 4123 continens;
3263 4069 3363 4110 nec
3409 4069 3562 4111 more

1954 4170 2352 4226 creaturarum,
2401 4165 2462 4212 ut
2505 4154 2630 4211 alibi
2675 4155 2745 4208 sit
2784 4151 2997 4210 diunde
3040 4149 3295 4216 discedit;
3348 4159 3402 4206 et
3441 4164 3561 4205 cum

1957 4263 2134 4310 tamen
2161 4252 2340 4308 omnia
2368 4249 2664 4320 compleat,
2697 4245 2850 4303 bonis
2882 4259 3118 4317 praesens
3138 4284 3155 4313 ,
3183 4243 3340 4301 malis
3366 4242 3562 4300 absens

1953 4361 2075 4404 esse
2103 4343 2452 4415 dignoscitur.
2475 4340 2627 4409 Quod
2657 4339 2724 4396 de
2753 4347 2862 4396 tota
2889 4337 3151 4395 Trinitate
3174 4338 3475 4408 intelligere
3501 4351 3563 4392 ac

1953 4441 2172 4499 credere
2194 4440 2307 4497 sine
2332 4438 2665 4496 dubitatione
2689 4436 2969 4493 debemus.
3001 4434 3132 4489 Nam
3160 4434 3303 4505 quod
3331 4433 3555 4504 adjecit,

1954 4549 2015 4587 ea:
2043 4532 2140 4587 hoc
2167 4547 2339 4599 nunc,
2385 4529 2525 4585 istud
2570 4528 2821 4584 steculum
2867 4525 3164 4596 signiﬁcat,
3198 4524 3264 4580 de
3291 4538 3397 4594 quo
3433 4524 3561 4581 dicit

258 4615 378 4671 lem.
411 4613 743 4673 Generaliter
790 4629 1013 4676 cunctos
1050 4620 1338 4691 alloquitur
1388 4635 1568 4678 sermo
1613 4622 1843 4693 prophe-
1873 4625 1928 4686 D
1951 4623 2208 4679 Dominus
2242 4641 2260 4678 ε
2291 4623 2422 4676 Ecce
2448 4637 2539 4692 ego
2584 4621 2836 4674 vobiscum
2865 4634 2978 4672 sum
3009 4617 3242 4672 omnibus
3269 4616 3444 4672 diebus
3475 4633 3563 4673 us-

258 4709 427 4778 ticus,
477 4712 732 4778 quoniam
777 4714 866 4783 qui
919 4713 1007 4769 hic
1050 4714 1249 4772 fuerint
1302 4716 1357 4771 in
1404 4731 1529 4772 vera
1582 4717 1842 4788 religione

257 4811 591 4871 constantes,
623 4813 677 4859 et
703 4818 850 4874 spem
881 4819 1032 4861 suam
1072 4807 1126 4862 in
1161 4808 1372 4863 Domini
1404 4807 1718 4865 defensione
1750 4824 1844 4879 po-

255 4895 486 4962 suerint,
513 4898 641 4950 sicut
674 4897 826 4967 Sien,
851 4898 1200 4971 Jeroselyma:
1230 4916 1404 4968 mons,
1438 4901 1512 4956 ita
1538 4901 1845 4957 ﬁrmissima

257 4988 527 5044 soliditate
548 4990 869 5046 consistunt.
884 4990 990 5047 Sed
1015 4991 1100 5047 hic
1121 4993 1355 5048 nominis
1373 5003 1454 5048 est
1473 4994 1846 5064 interpretatio

257 5080 636 5152 perquirenda.
664 5082 793 5137 Sion
819 5083 960 5138 enim
986 5084 1184 5139 dicitur
1203 5085 1498 5154 speculatie
1520 5085 1704 5158 439,
1726 5099 1847 5157 quas

257 5173 513 5229 convenit
553 5175 760 5230 Pastori
813 5175 1040 5231 Domine
1088 5176 1214 5232 Jesu
1256 5175 1488 5233 Christo.
1541 5177 1658 5234 Non
1703 5179 1848 5234 enim

257 5276 422 5323 tanta:
463 5269 733 5340 majestati
766 5270 1099 5326 insensatum
1139 5270 1340 5341 aliquid
1377 5280 1589 5342 poterat
1629 5289 1850 5345 compa-

260 5362 386 5427 rari,
423 5361 527 5417 nisi
552 5362 651 5418 sub
677 5362 856 5434 aliqua
886 5361 1277 5432 signiﬁcatione
1302 5363 1599 5433 probabili,
1623 5367 1764 5436 quod
1793 5367 1847 5422 in

260 5451 553 5524 Scripturis
584 5454 781 5511 divinis
813 5455 1124 5524 frequenter
1168 5455 1442 5521 invenies;
1475 5471 1597 5510 nam
1627 5467 1680 5510 ct
1722 5457 1848 5513 alibi

260 5544 459 5601 dictum
485 5555 568 5602 est
607 5566 618 5599 :
657 5547 858 5602 Montes
900 5547 1281 5601 exsultarerunt
1308 5556 1362 5601 ut
1391 5546 1591 5613 arietes,
1619 5556 1664 5600 et
1694 5546 1849 5602 colles

259 5648 395 5695 velut
425 5641 545 5710 agni
576 5641 746 5692 ovium
776 5639 945 5712 (Psal.
973 5655 1128 5708 cxut,
1158 5641 1248 5711 lt);
1282 5648 1336 5695 et
1364 5640 1447 5693 his
1474 5637 1687 5692 similia.
1713 5638 1850 5693 Dicit

262 5747 393 5802 ergo
420 5733 487 5786 de
515 5732 752 5797 homine,
785 5734 872 5803 qui
902 5732 1112 5799 conﬁdit
1135 5732 1188 5785 in
1219 5731 1464 5798 Domino,
1493 5747 1594 5784 non
1621 5745 1846 5784 commo-

261 5827 479 5881 vendum
522 5841 627 5882 esse
676 5827 728 5877 in
776 5835 1050 5892 wternum,
1080 5826 1214 5880 sicut
1258 5835 1475 5881 utentem
1527 5824 1694 5889 Sion;
1729 5837 1849 5879 cum

1948 4733 2043 4788 que
2081 4718 2149 4770 ad
2192 4715 2681 4770 consummationem
2721 4711 2894 4765 swculi
2931 4709 3160 4781 (Matth.
3197 4725 3394 4777 xxvm,
3427 4709 3558 4782 20).

1955 4809 2125 4880 Usque
2163 4810 2217 4862 in
2258 4806 2531 4875 sceculum,
2577 4805 2707 4861 illud
2747 4805 2907 4873 dicit,
2942 4803 3036 4859 ubi
3064 4803 3177 4874 jam
3221 4803 3420 4860 sanctis
3464 4819 3562 4874 po-

1951 4903 2247 4959 tentissima
2290 4901 2569 4972 majestate
2607 4902 2691 4958 sui
2734 4901 2951 4956 luminis
2991 4899 3286 4970 apparebit.
3328 4898 3432 4956 Sed
3465 4913 3561 4957 cur

1953 4995 2252 5067 praebeatur
2280 4995 2380 5050 ista
2421 4995 2660 5050 defensio
2698 5000 3088 5063 consequenter
3113 4991 3418 5061 exponitur.

2026 5087 2179 5143 Vers.
2209 5088 2263 5142 ὖ.
2295 5086 2429 5153 Quia
2460 5103 2562 5140 non
2599 5086 2909 5154 derelinquet
2940 5083 3105 5157 [mss.
3139 5085 3202 5136 Α.
3223 5121 3236 5148 ,
3271 5083 3330 5137 Β.
3353 5123 3368 5149 ,
3399 5082 3559 5138 relin—

1951 5179 2108 5254 quet]
2150 5180 2395 5236 Dominus
2434 5180 2628 5249 virgam
2677 5187 3000 5249 peccatorum
3042 5192 3196 5247 super
3239 5184 3424 5231 sortem
3461 5178 3558 5247 ju-

1951 5284 2146 5330 sterum
2181 5289 2197 5326 :
2239 5280 2292 5325 ut
2325 5287 2426 5325 non
2455 5271 2732 5325 extendant
2751 5269 2886 5342 justi
2916 5268 2984 5322 ad
3028 5268 3345 5337 iniquitatem
3375 5283 3559 5322 manus

1951 5383 2092 5422 suas.
2153 5365 2309 5434 Virga
2341 5363 2466 5419 boni
2507 5362 2744 5432 malique
2789 5369 3026 5431 potestas
3073 5359 3421 5429 signiﬁcatur.
3465 5358 3559 5415 Sic

1953 5462 2098 5517 cnim
2131 5462 2182 5515 in
2212 5463 2356 5514 bene
2387 5457 2588 5512 dictum
2621 5466 2703 5513 est
2734 5459 2801 5511 de
2828 5457 2943 5526 ipso
2976 5454 3204 5510 Domine
3232 5452 3506 5509 Salvatore
3540 5470 3553 5507 :

1963 5553 2176 5623 Virgam
2206 5551 2407 5605 virtutis
2439 5559 2538 5603 tua:
2578 5549 2768 5602 emittet
2814 5547 3064 5600 Dominus
3108 5561 3170 5600 ea:
3202 5545 3329 5601 Sion
3357 5544 3376 5614 (
3403 5543 3555 5600 Psal.

1958 5661 2042 5700 tux
2062 5687 2076 5711 ,
2101 5645 2176 5714 “2)
2208 5663 2220 5711 ;
2255 5653 2301 5699 et
2333 5641 2673 5698 dominaberis
2703 5643 2754 5695 in
2783 5641 2951 5694 medio
2988 5640 3312 5694 inimicorum
3353 5647 3555 5691 tuorum

1957 5737 2170 5806 (Exod.
2204 5738 2333 5808 vn).
2383 5737 2602 5805 Accepit
2643 5735 2802 5789 ctiam
2832 5733 3040 5804 Moyses
3084 5732 3317 5799 virgam,
3353 5730 3418 5783 de
3450 5743 3553 5798 qua

1955 5829 2215 5887 miracula
2249 5843 2537 5886 numerosa
2578 5826 2826 5884 faciebat.
2871 5826 3036 5882 Datur
3063 5822 3323 5892 siquidem
3353 5829 3409 5876 et
3446 5822 3554 5879 illis
