4032 6340
503 469 608 530 925
1751 460 1820 516 Μ.
1861 457 2115 517 AURELI

2237 455 2590 516 ASSIODORI
3693 447 3802 514 9η

507 591 562 648 in
591 587 768 657 malo,
798 587 886 660 qui
927 597 1138 656 semper
1180 581 1366 640 ﬁdeles
1404 583 1581 641 studio
1630 584 1908 656 pravitatis
1951 581 2092 638 attli-
2119 579 2176 643 Α
2201 579 2360 637 nibus
2408 579 2613 638 diceret
2660 576 2944 637 Dominum
2991 579 3324 652 praestitisse.
3371 577 3497 652 ipse
3536 576 3684 636 enim
3729 577 3798 637 ad

510 691 672 755 gunt;
715 696 836 738 nam
876 690 932 737 et
974 685 1344 750 persecutores
1388 688 1512 734 sunt
1555 678 1701 748 virga
1745 675 2094 748 martyribus;
2201 672 2420 730 meliora
2463 683 2612 743 parat
2651 688 2967 742 ascensum,
3010 674 3100 746 qui
3139 673 3243 730 sibi
3285 675 3340 731 in
3378 665 3672 746 prateritis
3699 672 3798 731 ad

510 783 636 832 item
668 781 724 829 et
745 771 983 829 iracundi
1008 773 1213 828 domini
1243 771 1454 827 famulis
1480 771 1620 835 suis,
1649 777 1708 826 ut
1729 769 1828 824 luit
1857 768 2098 836 Pharao,
2201 767 2365 827 luisse
2386 770 2596 828 Domini
2617 773 2898 842 cognoscit
2923 771 3198 827 auxilium.
3227 770 3375 828 Ultra
3399 770 3545 827 enim
3568 784 3678 826 non
3703 783 3800 840 po-

509 865 1022 933 Nabuehodonozor,
1057 874 1112 922 et
1156 866 1338 924 caeteri
1381 868 1468 937 qui
1517 864 1810 936 asperrima
1853 862 2098 918 domina-
2202 866 2390 922 tuisset
2414 867 2739 936 ascendere,
2765 866 3142 940 siAﬂOquid
3172 865 3239 922 de
3260 880 3320 922 se
3341 857 3676 936 praesumere
3704 864 3802 919 vo;

511 957 657 1013 tione
696 967 1006 1028 regnarunt.
1040 955 1146 1014 Sed
1178 957 1316 1013 hanc
1361 956 1592 1026 iniquam
1640 961 1956 1026 potestatem
1992 968 2101 1011 non
2200 956 2407 1015 luisset.
2433 959 2766 1030 Quapmpter
2789 960 3076 1016 salutarem
3104 941 3344 1031 regulam
3371 956 3806 1028 complectamur

509 1047 766 1119 permittit
796 1048 1051 1104 Dominus
1092 1047 1301 1104 diutina
1339 1047 1587 1105 libertate
1617 1047 1882 1119 grassari;
1924 1055 1984 1101 ut
2015 1046 2100 1102 in-
2203 1059 2315 1108 toto
2345 1053 2539 1109 mentis
2582 1051 2806 1120 auectu,
2847 1061 2905 1108 ut
2943 1053 3056 1122 ipse
3101 1051 3257 1108 nobis
3301 1035 3566 1107 concedat
3608 1031 3808 1120 gradus

508 1137 746 1210 telligant
793 1138 978 1196 ﬁdeles
1020 1141 1089 1197 ad
1120 1141 1391 1213 patientiae
1435 1157 1548 1198 sua:
1591 1141 1958 1213 probationem
1998 1141 2103 1198 hoc
2202 1143 2336 1201 istos
2364 1143 2682 1212 ascendere,
2717 1143 2806 1214 qui
2838 1157 2936 1198 nos
2965 1142 3234 1212 magnalia
3263 1153 3359 1199 sua
3391 1141 3522 1198 fecit
3559 1139 3772 1196 audire.

507 1231 753 1301 superbis
782 1231 1097 1289 brevissimo
1131 1243 1370 1306 tempore
1407 1235 1574 1293 fuisse
1614 1251 1951 1294 concessum.
1995 1235 2100 1291 Po-
2721 1247 3034 1316 pSALMUS
3071 1255 3263 1315 cxxv

512 1328 687 1379 terant
717 1324 858 1379 enim
888 1326 1028 1381 servi
1053 1327 1142 1383 Dei
1168 1328 1376 1384 animos
1404 1343 1530 1386 suos
1556 1329 1621 1384 ad
1651 1329 1962 1402 iniquitates
1991 1327 2101 1385 fnr-
2722 1296 2740 1315 ³
2762 1296 3034 1383 ⁸³⁸³ξ⁴⁵¹¹⁹⁹
3073 1296 3214 1315 ⁸⁸⁸³⁸⁵

512 1414 647 1442 an“
702 1416 988 1442 """J‘"
1067 1419 1110 1442 ’³
1143 1421 1569 1442 “’“’“···²··---Α
1608 1421 1882 1442 --Αιηη
1929 1420 2099 1442 I-—_2-
2717 1372 2985 1428 Canticum
3010 1371 3282 1442 graduum,

509 1414 649 1470 sitan
699 1416 1020 1486 extendere,
1063 1419 1112 1474 si
1133 1421 1572 1490 persecutionem
1601 1421 1886 1478 crederent
1927 1420 2101 1492 longis
2275 1487 2310 1492 _
2553 1485 2566 1492 _
2609 1486 2620 1492 _
2719 1414 2985 1492 “mw”:
3010 1414 3282 1442 ⁷”’”””””
3675 1475 3701 1492 ι

511 1507 844 1576 temporibus
865 1475 1200 1580 perm'aner'e,
1231 1475 1362 1568 sin-3
1383 1475 1900 1584 ve,,jug,o,u}nes,
2275 1487 2406 1544 Post
2427 1485 2792 1558 captivitatem
2828 1483 3067 1539 omnium
3092 1488 3438 1554 peccatorum
3453 1519 3471 1547 ,
3499 1489 3657 1534 voces
3675 1475 3811 1532 bea-

509 1570 651 1657 ditas
677 1570 921 1664 Domini,
951 1601 1007 1657 id
1035 1611 1120 1658 est
1147 1603 1334 1675 religio
1362 1570 1697 1670 Christiana,
1739 1618 1897 1674 supra
1939 1617 2102 1674 quam
2205 1589 2382 1637 ῑοτυω
2426 1578 2830 1636 “cendenda”!
2872 1577 2939 1632 ad
2980 1588 3270 1646 supernam
3309 1570 3616 1629 Jerusalem
3651 1579 3816 1638 «ιιιιιιι

2207 1675 2446 1731 suaviter
2465 1672 2762 1730 oﬁ‘eruntur
2780 1714 2794 1737 ,
2825 1681 2884 1727 ut
2907 1670 2960 1726 in
2990 1669 3185 1724 itinere
3205 1665 3372 1722 arduo
3399 1663 3596 1735 positi,
3625 1666 3816 1716 sancto

509 1705 619 1748 non
660 1694 789 1750 sinit
833 1695 1032 1752 diutius
1077 1697 1324 1755 crudeles
1370 1707 1626 1770 tyrannos
1673 1698 1982 1769 insurgere,
2036 1712 2104 1755 ne

515 1783 724 1853 possint
769 1785 1067 1844 Ecclesiam
1116 1789 1328 1846 Domini
1379 1755 1694 1862 ιὀηείεεειηη
1733 1755 2105 1862 ρει-ξεουίίοηθ
2207 1769 2526 1825 secarmine
2553 1764 3062 1823 consolenturllter
3081 1755 3818 1823 felicissimueructuosus

512 1885 812 1933 conterere.
845 1879 1081 1937 Dicendo
1107 1883 1280 1951 enim,
1310 1899 1413 1939 non
1452 1851 1796 1957 derelinquat,
1841 1886 2105 1957 signiﬁcat

2237 1862 2384 1930 abor,
2417 1876 2515 1917 nec
2550 1859 2838 1932 aliquando
2867 1857 3170 1927 decipiens,
3203 1854 3248 1911 si
3281 1853 3371 1908 ille
3397 1851 3466 1907 ad
3497 1864 3666 1922 quem
3695 1857 3816 1904 ten-

515 1969 769 2038 quoniam
789 2009 804 2037 ,
862 1973 961 2027 etsi
989 1973 1054 2028 ad
1087 1940 1296 2043 tempus
1339 1940 1582 2032 tentatio
1605 1940 1964 2048 permutatum
1989 1940 2102 2034 non
2134 1983 2184 2046 Β
2208 1955 2371 2020 dim"
2404 1953 2458 2008 in
2489 1953 2653 2008 corde
2683 1965 2898 2018 semper
2929 1948 3211 2048 habeatur.“
3229 1945 3600 2034 .Quapmpmr
3627 1940 3820 2048 .anm

515 2064 694 2116 tamen
741 2060 906 2119 libera
939 2064 992 2119 in
1019 2078 1116 2120 sua
1148 2033 1411 2136 potestate
1455 2033 1742 2136 deseritur,
1799 2069 1884 2125 cui
1926 2033 2104 2141 potius
2134 2033 2182 2046 ν
2211 2059 2470 2116 Pomm“
2501 2057 2714 2108 aurem,
2739 2050 2979 2097 mentem
3011 2037 3352 2108 puriSSimam
3377 2033 3820 2092 θοωωθάθωηε·

518 2148 640 2208 ﬁnis
667 2153 838 2210 malus
869 2163 924 2211 et
953 2157 1312 2214 lamentabilis
1340 2169 1668 2230 prmparatur
1694 2162 1960 2219 interitus.

588 2265 744 2322 Vers.
769 2266 830 2322 Il.
863 2264 1118 2342 Benefac,
1153 2271 1402 2342 Domine,
1437 2274 1616 2342 battis,
1658 2285 1704 2330 et
1739 2277 1891 2331 rectis
1930 2279 2102 2334 corde.

509 2356 832 2414 Conﬁrmato
855 2363 1052 2431 popqu
1073 2371 1125 2418 et
1151 2362 1273 2420 ﬁdei
1296 2354 1549 2420 ﬁrmitate
1569 2366 1800 2422 solidato
1819 2409 1834 2436 ,
1862 2368 2013 2424 venit
2033 2368 2102 2424 ad

509 2450 802 2506 secundam
831 2459 1038 2521 partem
1057 2494 1071 2518 ,
1103 2453 1156 2508 in
1191 2470 1294 2526 qua
1325 2455 1561 2512 breviter
1593 2459 1876 2516 Dominum
1908 2461 2108 2530 depre-

2207 2134 2421 2207 Aliquid
2452 2134 2594 2189 enim
2619 2133 2686 2188 de
2713 2133 2804 2188 illa
2827 2131 3155 2187 beatitudine
3177 2127 3473 2196 sumimus,
3502 2125 3555 2182 si
3577 2133 3821 2182 sanctum

2208 2241 2426 2284 carmen
2451 2226 2629 2283 cordis
2657 2223 3028 2295 penetralibus
3060 2222 3390 2277 hauriemus.

2788 2341 2982 2395 Divisio
3033 2338 3236 2410 psalmi.

2281 2459 2614 2519 Sanctissimi
2643 2456 2743 2512 viri
2771 2454 2951 2511 divina
2981 2451 3323 2508 miseratione
3352 2447 3612 2516 liberati,
3651 2445 3822 2516 prima

509 2551 681 2648 catur,
709 2545 853 2648 quod
881 2546 1138 2648 scit-eum
1169 2550 1614 2648 essetacturum;
1647 2563 1705 2608 ut
1737 2553 1892 2609 bonis
1935 2553 2107 2620 bona,
2213 2563 2366 2627 parte
2391 2552 2584 2624 psalmi
2611 2551 2810 2619 gratias
2838 2557 3036 2620 agunt,
3066 2545 3208 2617 quod
3235 2544 3304 2601 de
3331 2542 3694 2599 obnoxietate
3721 2553 3823 2595 sre-

511 2633 668 2690 malis
693 2635 850 2707 digna
875 2639 1142 2695 restituat.
1171 2639 1301 2696 Boni
1325 2652 1503 2698 autem
1529 2653 1653 2699 sunt
1677 2643 1956 2714 homines,
1989 2659 2112 2703 cum
2213 2646 2432 2705 vissima
2463 2653 2804 2717 peccatorum
2833 2641 2889 2697 in
2920 2649 3122 2696 tantam
3150 2638 3377 2711 gratiam
3419 2643 3551 2708 sunt
3601 2631 3820 2700 recepti,

510 2728 678 2795 gratia
697 2728 872 2786 divina
894 2734 1181 2802 praeventi,
1205 2735 1468 2805 coeperint
1487 2736 1794 2794 desiderare
1811 2747 1870 2795 et
1887 2739 2115 2810 implere
2217 2748 2277 2796 ut
2303 2739 2443 2795 inter
2463 2747 2651 2810 gentes
2679 2720 3039 2805 probarentur
3066 2744 3187 2788 esse
3214 2726 3537 2784 laudabiles.
3577 2721 3822 2780 Secunda

511 2831 630 2890 quaI
651 2821 800 2891 iussa
823 2835 967 2882 sunt.
991 2827 1247 2899 Legimus
1273 2831 1416 2886 enim
1447 2847 1462 2886 :
1494 2831 1661 2888 Nemo
1687 2833 1849 2888 bonas
1867 2875 1882 2900 ,
1907 2834 2007 2890 nisi
2030 2851 2118 2889 so-
2217 2839 2371 2903 parte
2399 2830 2778 2900 deprecantur,
2819 2835 2878 2882 ut
2915 2823 3202 2894 captivitas
3239 2834 3432 2877 eorum
3459 2824 3822 2872 commutetur

512 2913 593 2969 h“
619 2915 752 2971 Dm
773 2916 794 2990 (
814 2917 976 2973 βιαιο.
1007 2936 1060 2986 x,
1090 2921 1215 2992 18).
1239 2921 1346 2979 Sed
1370 2934 1653 2996 utrumque
1669 2940 1888 2994 verum,
1915 2933 2116 2982 utrum.
2221 2927 2274 2982 in
2301 2923 2554 2995 gaudium
2583 2938 2596 2976 :
2633 2919 3019 2991 subjungentes
3047 2913 3351 2972 mirabilem
3381 2921 3668 2978 veramque
3696 2918 3827 2960 sen-

512 3011 616 3078 qne
631 3009 922 3078 perfectum
943 3020 1047 3068 est.
1067 3007 1198 3069 Nam
1218 3015 1264 3069 si
1291 3016 1492 3072 nostris
1507 3016 1712 3072 viribus
1734 3017 2116 3087 relinquimur,
2222 3018 2443 3075 tentiam
2473 3036 2489 3072 :
2522 3017 2647 3088 quia
2689 3013 2790 3082 Qui
2816 3012 3070 3068 seminans
3109 3011 3164 3064 in
3213 3006 3486 3080 uagatis,
3523 3003 3580 3058 iu
3621 3000 3830 3074 gaudio

516 3105 644 3159 mali
659 3108 780 3163 sine
804 3106 966 3163 dubio
990 3109 1405 3180 eom'probamur
1428 3129 1443 3180 ;
1468 3113 1512 3170 si
1540 3113 1718 3169 divina
1747 3115 2118 3171 misericordia

517 3197 845 3271 suffragante
866 3203 1207 3273 respicimur,
1239 3205 1412 3264 donec
1432 3207 1743 3265 obedientes
1762 3223 1947 3264 sumus
1963 3251 1977 3277 ,
2000 3209 2120 3266 boni

517 3291 700 3361 utique
722 3295 1037 3362 reperimur.
1059 3295 1336 3367 Sequitur,
1354 3306 1402 3354 et
1421 3301 1566 3355 rectis
1583 3301 1754 3357 corde.
1777 3301 1947 3356 Raetis
1966 3301 2120 3358 corde
2150 3313 2162 3367 λ

519 3387 645 3434 sunt
664 3381 754 3451 qui
777 3381 1060 3440 Dominum
1085 3395 1398 3457 sequuntur,
1415 3407 1525 3446 non
1543 3391 1741 3462 praeire
1763 3394 2116 3464 contendunt,

522 3479 580 3524 ut
601 3469 764 3527 Petro
793 3476 1038 3562 apostolo
1058 3477 1260 3534 dictum
1289 3489 1374 3536 est
1407 3482 1637 3538 humana
1671 3485 1903 3554 sapienti
1939 3505 1951 3541 :
1985 3487 2122 3543 Redi

521 3573 681 3633 retro,
708 3565 929 3624 Satanas
947 3569 1138 3642 (Marc.
1164 3587 1280 3642 vm,
1303 3573 1416 3648 55).
1437 3575 1526 3632 Illi
1541 3578 1682 3633 enim
1705 3580 1793 3648 qui
1817 3580 2122 3649 prmeedere

521 3657 743 3727 volunt,
778 3676 960 3719 errare
990 3679 1094 3720 non
1135 3666 1416 3734 desinunt;
1467 3670 1557 3741 qui
1599 3671 1853 3744 subsequi
1899 3673 2121 3730 deside-

525 3759 680 3820 rant,
703 3754 853 3809 rectis
872 3757 1023 3811 corde
1041 3758 1159 3815 sine
1182 3757 1345 3815 dubio
1367 3763 1808 3835 comprobantur.
1839 3763 1932 3820 liis
1962 3766 2124 3837 igitur

527 3850 678 3913 optat
706 3845 965 3916 propheta
1005 3848 1202 3905 bonum
1235 3851 1349 3908 ﬁeri
1371 3895 1386 3921 ,
1420 3854 1510 3923 qui
1553 3856 1804 3912 nesciunt
1833 3869 1862 3910 a
1895 3856 2123 3914 Domino

523 3935 689 4004 prava
723 3937 992 3996 voluntate
1022 3943 1278 4011 separari.
1313 3940 1318 3946 ’

604 4051 757 4109 Vers.
782 4055 835 4112 5.
863 4053 1186 4114 Dcclinantes
1207 4068 1375 4114 autem
1396 4061 1464 4116 ad
1475 4059 1615 4136 [ed.,
1642 4063 1715 4138 in]
1735 4065 2094 4137 obligationem
2109 4106 2124 4132 ,

532 4141 748 4200 adducet
775 4144 1025 4204 Dominus
1049 4167 1166 4205 cum
1193 4153 1522 4229 operantibus
1545 4157 1896 4227 iniquitatem:
1923 4175 2024 4229 pa:
2043 4167 2128 4215 s'u-

533 4170 746 4200 uuuucer
775 4170 1025 4204 uommus
1049 4170 1166 4205 cum
1193 4170 1223 4206 ο
1261 4170 1522 4209 erantwus
1545 4170 1859 4227 iniquitatem
1881 4175 1896 4212 :
1923 4175 2024 4229 pax
2043 4170 2128 4215 su-

533 4252 626 4326 per
654 4235 840 4295 Israel.
864 4242 1012 4298 Sicut
1033 4245 1189 4302 bonis
1210 4170 1278 4302 (ᾖ
1283 4249 1444 4306 rectis
1466 4253 1626 4306 corde
1653 4251 1788 4309 bene
1809 4249 1927 4311 ﬁeri
1951 4264 2129 4326 postu-

533 4323 698 4401 lavit,
723 4334 793 4389 ita
818 4351 959 4392 nunc
983 4339 1296 4396 declinantes
1327 4343 1396 4398 ad
1426 4344 1782 4416 obligationem
1812 4323 2129 4418 dicit‘posse

534 4421 773 4493 perduci.
801 4423 1029 4486 Pulchre
1049 4440 1226 4488 autem
1259 4433 1478 4491 deﬁnita
1501 4447 1583 4494 est
1608 4453 1772 4509 opera
1799 4429 2126 4514 iniquitatis,

537 4515 1015 4614 obligatio‘scilicet
1041 4539 1161 4594 qum
1189 4541 1287 4583 nos
1315 4520 1543 4585 vinculis
1570 4529 1845 4601 pravitatis
1874 4534 2126 4601 innectit;

535 4612 593 4694 ut
621 4625 742 4667 esse
790 4612 941 4669 liberi
973 4631 1300 4688 nequeamus
1324 4665 1340 4691 ,
1373 4635 1496 4677 cum
1528 4621 1725 4681 talibus
1769 4625 1974 4694 laqueis
2012 4631 2128 4681 tan-

2223 3119 2430 3168 metant.

2761 3217 3036 3290 Expositio
3061 3215 3268 3287 psalmi.

2303 3339 2455 3395 Vers.
2481 3337 2532 3392 l.
2557 3333 2625 3390 In
2645 3336 2982 3390 convertenda
3012 3315 3267 3386 Dominus
3291 3327 3641 3400 captivitatem
3669 3321 3823 3391 Sidi“,

2231 3431 2354 3502 facti
2383 3445 2559 3486 sumus
2595 3427 2728 3482 sicut
2768 3424 3038 3480 consolati.
3083 3421 3182 3478 Hic
3221 3420 3523 3492 spiritualis
3565 3413 3827 3488 expositio

2231 3521 2487 3594 probatur
2516 3533 2637 3575 esse
2680 3517 3003 3574 necessaria.
3037 3514 3170 3574 Nam
3205 3527 3326 3570 cum
3357 3513 3568 3568 nullam
3617 3510 3824 3566 desola-

2231 3616 2430 3672 tionem
2461 3612 2790 3682 temporibus
2835 3608 3008 3666 David
3050 3608 3180 3666 Sion
3211 3606 3546 3662 sustinuisse
3586 3604 3823 3661 declare-

2231 3719 2347 3776 tur,
2377 3715 2542 3764 restat
2571 3705 2880 3778 perquirere
2902 3703 3113 3774 qualem
3141 3701 3484 3772 captivitatem
3509 3711 3706 3753 versus
3732 3694 3824 3768 ista

2232 3802 2470 3858 indicare
2499 3799 2777 3864 videatur;
2807 3796 2994 3868 utique
3022 3793 3170 3851 illam
3200 3792 3430 3860 diaboli,
3461 3804 3568 3863 qua
3598 3788 3826 3861 mundus

2232 3892 2514 3949 tenebatur
2559 3889 2842 3946 obnoxius.
2875 3887 3151 3959 Captivitas
3189 3885 3334 3941 enim
3367 3884 3500 3940 Sion
3533 3882 3662 3947 fuit,
3703 3892 3824 3935 cum

2233 3983 2531 4040 Eeclesiam
2561 3983 2690 4050 Dei,
2735 3996 2857 4052 quae
2897 3989 3025 4036 tunc
3063 3981 3117 4034 in
3161 3977 3346 4049 paucis
3373 3983 3518 4042 erat,
3547 3972 3824 4029 idolorum

2233 4079 2512 4149 premebat
2550 4076 2824 4147 iniquitas.
2857 4073 2964 4130 Sed
2993 4085 3252 4128 conversa
3287 4078 3372 4126 est
3402 4069 3453 4125 in
3483 4067 3827 4129 libertatem,

2233 4171 2452 4242 quando
2477 4169 2710 4227 adventu
2739 4166 2951 4223 Domini
2981 4163 3174 4221 inferni
3203 4163 3413 4218 vincula
3439 4159 3656 4230 dirupta
3681 4165 3825 4211 sunt.

2199 4332 2205 4337 ι
2233 4263 2505 4334 Sequitur,
2535 4261 2663 4332 facti
2683 4274 2858 4315 sumus
2880 4258 3012 4313 sicut
3034 4253 3314 4318 consolati;
3341 4251 3551 4307 scilicet
3570 4248 3828 4320 quoniam

2233 4355 2497 4427 captivitas
2524 4353 2610 4408 illa
2637 4367 2754 4424 qua:
2783 4351 2910 4416 luit,
2941 4345 3182 4418 quamvis
3203 4361 3235 4400 a
3253 4343 3410 4400 nobis
3441 4340 3603 4398 fuerit
3629 4339 3828 4395 auxilio

2233 4448 2533 4504 Divinitatis
2561 4445 2813 4515 explosa,
2841 4431 2969 4497 sicut
2999 4439 3287 4496 consolatos
3322 4451 3419 4493 nos
3459 4433 3673 4516 reddit,
3723 4445 3827 4508 non

2232 4539 2456 4598 omnino
2499 4551 2738 4595 securos.
2771 4534 2884 4590 Illic
2920 4521 3004 4590 est
3032 4532 3175 4588 enim
3205 4537 3350 4586 certa
3379 4521 3706 4592 consolatio,
3738 4522 3828 4580 ubi

2233 4635 2335 4691 erit
2377 4634 2490 4705 jam
2533 4637 2588 4688 et
2615 4627 2932 4699 complenda
2982 4624 3284 4697 promissio.
3327 4619 3603 4678 Habemus
3643 4616 3824 4674 uinea

539 4702 712 4790 ιὶείιιιθ
739 4707 1179 4781 οοηειτίηείωιιτο
1208 4711 1275 4768 Εἴ
1301 4723 1425 4770 ηοω
1459 4707 1602 4787 (ιυοά
1632 4715 1760 4773 die“
1789 4717 2126 4789 άεείίηαηιεει
2154 4713 2209 4778 D
2234 4702 2392 4785 interi
2417 4728 2546 4782 istas
2595 4721 2779 4778 mundi
2826 4720 3202 4790 ambiguitates
3245 4714 3530 4773 maximam
3573 4709 3821 4768 consula-

535 4793 589 4852 id
619 4795 700 4855 est
723 4795 874 4870 iussa
916 4799 1125 4860 Domini
1169 4821 1275 4862 non
1313 4819 1621 4877 sequentes.
1654 4811 1780 4867 Pari
1818 4813 1960 4868 enim
2001 4829 2123 4870 sen-

536 4892 700 4948 tentia
740 4905 991 4968 pereunt,
1041 4899 1132 4970 qui
1164 4908 1216 4955 et
1260 4899 1532 4959 declinare
1571 4907 1716 4974 jussa
1759 4905 2038 4978 principis,
2074 4917 2127 4962 et

535 4984 1058 5084 operari-malitiam
1097 4988 1237 5046 velle
1280 4993 1634 5051 contendunt.
1673 4995 1939 5067 Adjicitur
1979 5007 2125 5054 certa

539 5077 841 5143 promissio,
874 5095 976 5148 pax
1013 5097 1168 5153 super
1197 5081 1382 5139 Israel.
1415 5085 1612 5142 Verum
1647 5087 1750 5142 ista
1792 5102 1919 5156 pace
1947 5087 2126 5144 omnia

535 5163 919 5234 promittuntur
942 5173 1166 5242 eximia,
1193 5192 1311 5247 quae
1338 5178 1646 5235 universum
1672 5177 2002 5238 intellectum
2032 5196 2126 5238 su-

543 5268 760 5326 perant,
785 5277 903 5331 qua:
928 5263 1104 5322 omnia
1129 5275 1250 5324 vota
1280 5273 1692 5340 transcendunt;
1726 5283 1780 5328 et
1806 5281 1864 5330 ut
1891 5275 2129 5332 breviter

537 5347 704 5407 multa
725 5351 1033 5412 claudamus
1051 5399 1067 5426 ,
1089 5357 1203 5416 haec
1217 5377 1320 5431 pax
1341 5363 1456 5433 ipse
1479 5363 1725 5420 Salvator
1745 5373 1826 5421 est
1845 5365 2126 5424 Dominus.

534 5437 642 5498 Sed
671 5442 828 5500 istam
857 5463 1034 5516 pacem
1061 5451 1384 5510 omnimodis
1416 5471 1523 5513 non
1551 5455 1852 5524 habebunt,
1887 5458 1977 5528 qui
2007 5473 2128 5514 cum

537 5533 744 5685 uuittitte
787 5537 1029 5612 litigant,
1075 5552 1130 5600 et
1156 5545 1422 5603 catholico
1463 5549 1659 5620 populo
1705 5550 2000 5620 probantur
2036 5549 2132 5607 ad-

537 5639 659 5684 vers
683 5668 700 5685 .

537 5639 700 5686 versi.

1086 5744 1353 5803 Conclusio
1380 5750 1579 5820 psalmi.

613 5858 1024 5917 Considamus
1049 5875 1206 5932 quam
1233 5862 1372 5920 bene
1398 5865 1593 5934 gradus
1621 5866 1720 5922 iste
1745 5866 1987 5922 ﬁrmatus
2016 5874 2096 5922 est
2116 5907 2132 5932 ,

547 5957 610 6004 ut
641 5962 695 6007 et
741 5955 1012 6024 praeterita
1059 5953 1202 6012 mala
1245 5956 1504 6028 propheta
1534 5956 1824 6023 recoleret,
1854 5967 1909 6014 et
1930 5958 1984 6014 in
2020 5973 2137 6015 om-

2231 4821 2432 4876 tionem
2448 4858 2462 4883 ,
2491 4815 2708 4888 quando
2729 4811 2879 4870 illum
2902 4823 3226 4868 conservare
3246 4807 3385 4862 dona
3409 4817 3505 4862 sua
3527 4805 3820 4870 creditoris,

2232 4927 2389 4984 quem
2415 4910 2568 4966 nobis
2593 4908 2757 4980 gratis
2787 4901 3091 4976 pepercisse
3118 4902 3398 4959 sentimus.

2308 5023 2458 5080 Vers.
2490 5021 2545 5076 2.
2584 5001 2728 5075 Tunc
2765 5017 3015 5085 repletum
3051 5023 3126 5069 est
3153 5011 3345 5086 gaudio
3372 5025 3428 5065 os
3473 5017 3738 5070 nostrum,
3775 5009 3821 5056 et

2233 5122 2408 5194 lingua
2437 5113 2614 5172 nostra
2639 5113 2996 5171 exsultatione.
3042 5108 3186 5164 Tunc
3223 5105 3428 5162 scilicet
3457 5101 3672 5175 quando
3713 5099 3822 5153 Do-

2234 5213 2364 5270 mini
2396 5211 2689 5266 Salvatoris
2728 5205 2988 5262 adventus
3029 5201 3209 5274 (sicut
3230 5199 3341 5271 jam
3361 5197 3563 5252 dictum
3586 5194 3706 5265 est)
3729 5210 3822 5249 ea-

2233 5306 2532 5379 ptivitatem
2557 5311 2794 5359 nostram
2823 5297 3172 5355 commutavit
3202 5295 3252 5349 in
3283 5293 3532 5365 gaudium
3554 5333 3568 5358 ,
3603 5293 3729 5347 vitia
3771 5291 3825 5348 in

2235 5403 2489 5466 virtutes,
2525 5395 2877 5468 ignorantiam
2919 5392 2970 5448 in
3007 5389 3365 5462 cognitionem
3399 5387 3700 5443 divinarum
3733 5402 3828 5442 re-

2234 5509 2384 5562 rum,
2425 5467 2699 5548 interitum
2743 5487 2797 5542 in
2841 5485 3004 5542 vitam
3035 5467 3418 5553 sempiternam
3447 5481 3460 5551 l
3485 5479 3604 5549 ed.,
3643 5479 3830 5535 vivere

2243 5579 2698 5655 sempiternum];
2752 5587 2810 5635 ut
2854 5575 3043 5635 merito
3089 5575 3387 5647 impleretur
3425 5589 3481 5628 os
3521 5572 3738 5645 gaudio,
3779 5587 3830 5625 es

2241 5679 2417 5750 lingua
2437 5674 2804 5740 exsultatione,
2830 5670 3024 5742 quibus
3045 5669 3168 5725 talia
3192 5665 3401 5723 Domini
3428 5679 3651 5721 munere
3681 5677 3830 5734 prae-

2242 5772 2537 5828 stabantur.
2569 5767 2674 5824 Sed
2706 5766 2790 5821 hic
2818 5781 2873 5819 os
2903 5762 3167 5834 signiﬁcat
3199 5759 3379 5818 cordis
3422 5771 3709 5821 arcanum,
3739 5753 3831 5809 ubi

2243 5867 2474 5935 primum
2493 5860 2684 5933 gaudia
2706 5858 2969 5915 seminata
2991 5855 3332 5934 coalescunt,
3357 5862 3411 5908 et
3429 5848 3610 5906 ofﬁcio
3630 5847 3833 5917 lingua

2244 5959 2301 6014 in
2330 5957 2554 6012 fructum
2586 5952 2731 6011 vocis
2761 5955 3067 6021 erumpunt.
3099 5947 3175 6004 De
3196 5947 3312 6016 ipso
3337 5960 3422 6000 ore
3445 5939 3637 5998 dicitur
3665 5956 3679 5992 :
3713 5937 3831 5992 Gu-
