4090 6346
306 489 410 549 925

1214 479 1571 542 EXPOSITIO
1613 478 1681 536 IN
1716 475 2180 536 PSAL'I'ERIUM.
2218 472 2412 534 PSAL.
2451 473 2664 531 CXXV.

304 613 435 664 state
480 611 528 659 et
572 600 733 676 uidete
783 599 1026 673 quoniam
1070 600 1240 657 suavis
1292 611 1366 656 est
1420 599 1669 654 Dominus
1698 594 1884 663 (Psal.
1916 606 1967 668 Α
1991 594 2207 666 spiritu,
2243 594 2309 648 de
2343 594 2528 664 spiritu
2562 595 2713 647 metet
2741 590 2895 644 vitam
2922 584 3339 659 teternam(Cal.
3367 598 3455 656 vt,
3479 570 3588 659 8)..

308 712 511 767 χχχιιι,
539 695 619 768 9).
648 697 765 767 Ipse
788 698 951 752 etiam
978 695 1173 752 clausis
1200 695 1356 752 labiis
1383 694 1579 750 clamat
1608 691 1675 747 ad
1708 689 1891 745 Domi-

304 806 430 847 num
451 835 467 855 ,
498 798 554 847 et
583 790 756 847 otioso
798 804 893 846 ore
920 789 1206 846 efﬁcaciter
1238 803 1343 843 vox
1373 784 1675 856 compuncti
1715 782 1895 839 cordis

305 883 535 938 auditur.
573 869 598 881 ”’
644 874 649 879 ’

377 975 530 1029 Vere.
562 975 617 1033 5.
641 973 787 1029 Tune
806 972 974 1028 dicent
995 975 1128 1029 inter
1153 976 1328 1043 gentes
1358 986 1379 1025 ,ν
1405 968 1756 1040 Magni/ienuit
1785 967 1896 1023 Bo-

303 1067 473 1122 niinus
497 1065 667 1137 facere
695 1080 812 1120 eum
837 1064 963 1119 illis.
1014 1062 1246 1120 Omnino
1276 1069 1421 1118 certa
1467 1062 1582 1116 laus
1609 1068 1692 1116 est
1733 1072 1897 1129 quam

300 1160 597 1219 adversarii
641 1158 982 1232 proﬁteatur,
1012 1166 1068 1214 et
1114 1172 1368 1228 magnum
1398 1155 1611 1226 pondus
1654 1153 1897 1211 veritatis

303 1255 453 1311 illum
483 1254 682 1310 bonum
713 1251 1078 1308 testimonium
1110 1249 1266 1316 dare,
1299 1249 1391 1320 qui
1421 1249 1675 1319 probatur
1708 1255 1898 1309 contra

297 1345 560 1404 sensisse.
586 1344 650 1400 Et
669 1342 890 1400 intende
910 1341 1212 1413 diligentius
1229 1382 1245 1409 ,
1265 1342 1385 1411 quia
1402 1356 1509 1395 non
1530 1339 1660 1395 dicit
1679 1344 1898 1410 gentes,

293 1436 401 1496 sed
425 1438 555 1494 inter
583 1446 777 1510 gentes.
809 1436 923 1492 Non
954 1437 1097 1492 enim
1129 1437 1180 1491 in
1211 1435 1440 1492 adventu
1473 1434 1681 1491 Domini
1710 1440 1900 1505 gentes

246 1552 249 1553 ν
298 1529 679 1586 υιιὶγειεειιὶιει·
705 1528 1081 1593 crediderunt;
1113 1526 1207 1584 sed
1248 1528 1379 1582 inter
1417 1538 1588 1597 gentes
1628 1522 1901 1596 erantqui

293 1620 609 1693 compuncti
638 1621 763 1677 talia
791 1619 973 1677 dicere
997 1620 1310 1690 potuissent.
1343 1618 1598 1675 Videntes
1618 1632 1747 1688 ergo
1776 1616 1903 1673 reli-

294 1708 520 1788 gionem
542 1714 736 1772 ﬂorere
756 1714 809 1771 in
831 1713 1029 1786 populo
1051 1713 1377 1783 Christiano,
1404 1720 1516 1783 jam
1546 1712 1689 1769 bene
1709 1710 1904 1767 intellio

230 1820 233 1825 '
296 1817 492 1880 gentes
537 1808 760 1880 professi
793 1816 920 1864 sunt
948 1821 1137 1863 revera
1183 1806 1467 1861 Dominum
1496 1818 1618 1861 esse
1658 1818 1781 1859 cum
1821 1810 1905 1857 ta-

302 1896 483 1967 libus,
538 1901 629 1969 qui
682 1898 959 1956 studentes
1014 1906 1179 1953 rectae
1233 1896 1580 1953 conscientiae
1637 1894 1787 1949 nulla
1841 1906 1902 1948 se

1997 685 2301 756 Spiritualis
2343 699 2472 756 ergo
2517 682 2798 739 seminatio
2846 694 3057 750 semper
3078 682 3133 737 in
3182 679 3433 752 Iacrymis
3463 685 3585 747 est;

1996 779 2117 849 quia
2145 780 2267 833 licet
2296 777 2506 842 ﬁdeles,
2561 774 2787 832 Domino
2826 782 3149 845 praestante,
3190 772 3414 829 virtutes
3441 786 3587 843 ονε-ι
3636 826 3656 853 ,_

1996 881 2205 939 rentur,
2248 879 2341 926 aut
2369 872 2637 941 praeterita
2676 876 2891 940 peccata
2926 866 3232 938 deplorant,
3262 875 3348 921 aut
3390 866 3586 923 futuris
3642 858 3645 861 λ

1998 982 2056 1024 se
2084 965 2257 1036 culpis
2280 964 2553 1021 involvere
2572 965 2976 1034 pertimescunt.
3003 960 3092 1017 Sic
3114 960 3255 1015 enim
3276 959 3477 1015 dictum
3498 965 3588 1016 est

2001 1060 2069 1116 de
2090 1059 2217 1130 ipsis
2242 1076 2255 1113 :
2278 1057 2428 1114 Beati
2452 1060 2537 1129 qui
2557 1058 2729 1129 lugent
2745 1098 2759 1124 ,
2784 1056 3028 1126 quoniam
3064 1053 3169 1123 ipsi
3188 1051 3588 1107 consolabuntur

2000 1154 2229 1224 (Matth.
2273 1169 2326 1219 v,
2369 1152 2456 1222 5).
2498 1151 2585 1207 Isti
2626 1165 2754 1223 ergo
2786 1148 2922 1205 tales
2949 1149 3037 1220 qui
3058 1149 3309 1204 seminant
3336 1147 3391 1201 in
3417 1148 3590 1216 lacryo

2000 1251 2128 1316 mis,
2153 1247 2343 1304 futura:
2365 1246 2740 1317 promissionis
2762 1244 2955 1315 gaudia
2975 1250 3356 1312 cenSequntur.
3384 1239 3588 1308 Quibus

2000 1344 2160 1398 etiam
2188 1342 2326 1398 Osee
2355 1340 2611 1412 propheta
2650 1340 2778 1397 dicit
2807 1356 2823 1394 :
2858 1338 3025 1395 Serite
3051 1331 3212 1411 M1
3242 1334 3381 1391 nobis
3406 1334 3475 1389 ad
3496 1336 3590 1407 ju-

2000 1437 2212 1502 stitiam,
2224 1444 2273 1489 et
2285 1434 2453 1489 metite
2463 1432 2881 1489 misericordiam.
2897 1429 3071 1509 (Ose.,
3087 1444 3138 1495 ι,
3157 1427 3269 1500 η).
3288 1425 3586 1483 Seminane

2003 1542 2129 1585 vero
2148 1540 2335 1585 eorum
2349 1534 2432 1581 est
2445 1540 2627 1596 pacem
2643 1532 2906 1596 querere,
2920 1522 3198 1578 charitatis
3215 1519 3391 1576 studio
3405 1518 3585 1575 omnia

2001 1621 2306 1685 sustinere,
2335 1620 2550 1689 jejuniis
2581 1634 2775 1688 corpus
2806 1617 3090 1681 edomare,
3130 1613 3485 1686 eleemosynis
3522 1627 3584 1670 se

2002 1723 2058 1772 et
2087 1718 2285 1785 pietate
2308 1715 2532 1771 reﬁcere
2550 1754 2565 1781 ,
2593 1721 2648 1770 et
2676 1711 2930 1784 quidquid
2957 1710 3024 1765 ad
3050 1710 3381 1780 disciplinam
3415 1716 3592 1780 potest

2004 1807 2239 1864 ﬁdelium
2283 1808 2569 1876 pertinere.
2617 1805 2813 1860 Contra
2864 1802 3238 1875 temporalium
3282 1816 3462 1857 rerum
3500 1816 3593 1855 cu-

2006 1900 2145 1969 pidi,
2188 1908 2242 1954 et
2269 1913 2405 1953 vana
2438 1898 2618 1954 saeculi
2651 1896 3021 1953 desiderantes
3047 1910 3168 1952 cum
3202 1892 3385 1950 laetitia
3423 1893 3596 1949 semi-

302 1992 594 2061 cupiebant
643 1990 1024 2062 superstitione
1075 1988 1335 2059 polluere-
1382 1988 1449 2041 Et
1487 1986 1738 2057 quoniam
1780 1985 1902 2040 illos
1931 1995 1978 2056 Β
2005 2002 2167 2060 nant,
2216 1989 2429 2058 quando
2461 1989 2716 2045 adulteria
2746 1988 3120 2056 committunt,
3150 1986 3430 2042 avaritiam
3466 1984 3600 2040 dili-

299 2083 565 2139 videbant
588 2083 747 2139 etiam
776 2084 1000 2137 virtutes
1033 2081 1282 2152 operari,
1329 2078 1577 2137 dicebant
1610 2098 1621 2132 :
1655 2078 1904 2135 Decrevit

299 2176 568 2233 Dominus
597 2176 859 2246 magnalia
887 2178 1060 2233 facere
1082 2191 1203 2231 cum
1231 2175 1370 2242 illis,
1397 2190 1625 2246 quorum
1652 2173 1903 2245 precibus

295 2270 606 2326 cernebant
634 2270 871 2340 expetita
899 2270 1174 2342 compleri.

379 2358 535 2418 Vers.
582 2362 635 2417 4.
677 2360 1033 2432 Magniﬁcam
1083 2360 1335 2417 Dominus
1373 2360 1542 2432 facere
1590 2360 1902 2416 nobiscum:

296 2455 433 2526 facti
449 2472 623 2511 sumus
645 2456 892 2512 latentes.
915 2455 992 2511 Ne
1012 2456 1317 2526 superiores
1330 2469 1609 2512 sermones
1627 2453 1904 2525 gentilium

293 2547 411 2605 sub
448 2547 719 2606 dubietate
745 2548 1142 2616 relinquerent,
1176 2563 1318 2603 nunc
1346 2548 1412 2603 ad
1438 2563 1589 2605 suam
1619 2562 1905 2619 personam

293 2637 584 2696 trahentes
637 2653 826 2696 eorum
869 2640 1009 2697 dicta
1057 2640 1395 2696 conﬁrmant.
1452 2639 1709 2695 Faciebat
1757 2639 1905 2695 enim

297 2732 566 2787 Dominus
612 2746 733 2788 cum
776 2732 905 2801 ipsis
949 2732 1235 2801 magnalia,
1263 2730 1477 2803 quando
1514 2745 1611 2786 eos
1643 2730 1907 2801 propitius

290 2821 628 2892 dignabatur
669 2823 873 2880 audire.
923 2824 993 2880 Et
1041 2834 1168 2879 nota
1215 2839 1384 2896 genus
1437 2824 1719 2879 locutionis
1760 2824 1907 2893 quod

298 2910 437 2973 dicit
468 2935 482 2970 :
523 2917 877 2989 Magniﬁcavit
905 2916 1160 2973 Dominus
1197 2918 1367 2986 [acere
1405 2917 1698 2986 nobiscum,
1740 2916 1794 2972 id
1823 2921 1911 2972 est

298 3004 545 3069 decrevit
586 3025 808 3080 magnos
851 3026 951 3068 nos
990 3010 1278 3067 ostendere
1318 3009 1569 3081 gentibus
1615 3009 1909 3066 donatione

300 3104 587 3160 virtutum.
638 3103 788 3171 Quod
814 3112 871 3160 et
910 3118 1079 3176 genus
1121 3103 1410 3159 locutionis
1439 3102 1582 3158 inter
1613 3101 1906 3171 Scriptum

300 3196 500 3252 divinae
530 3196 744 3266 propria
772 3193 1177 3265 suscipiendum
1202 3201 1571 3264 competenter
1588 3192 1905 3265 accipimus.

300 3282 578 3358 Sequitur,
600 3287 724 3357 facti
745 3303 921 3342 sumus
947 3288 1179 3342 laetantes
1192 3302 1213 3353 ;
1237 3285 1424 3358 utique
1448 3286 1518 3343 de
1541 3296 1686 3344 tanta
1713 3289 1903 3361 gratia.

2007 2093 2157 2157 gunt,
2175 2084 2459 2140 deliciosas
2483 2082 2902 2139 comessationes
2915 2082 3222 2152 exquirunt,
3238 2078 3597 2137 idololatriam

2007 2177 2226 2244 colunt,
2257 2186 2310 2232 et
2338 2184 2531 2232 caetera
2562 2190 2683 2246 quae
2708 2175 2847 2229 ﬁunt
2867 2173 3064 2230 diaboli
3096 2173 3440 2243 instigatione
3469 2185 3599 2241 pec-

2007 2278 2149 2326 cata.
2183 2270 2285 2325 Sed
2321 2271 2373 2325 in
2402 2269 2496 2325 illo
2528 2268 2617 2325 die
2638 2269 2824 2340 iudicii
2849 2283 2972 2325 cum
3003 2267 3219 2323 tristitia
3240 2276 3294 2323 et
3317 2267 3446 2323 ﬁetu
3466 2280 3600 2335 ope.

2008 2378 2096 2419 ras
2138 2378 2262 2417 snas
2302 2370 2538 2427 metent,
2580 2361 2649 2416 de
2686 2361 2877 2430 quibus
2916 2362 3178 2429 scriptum
3225 2367 3350 2415 est:
3384 2357 3469 2412 Ibi
3504 2357 3604 2414 erit

2009 2456 2156 2525 ﬂetus
2208 2462 2253 2510 et
2292 2454 2483 2509 stridor
2519 2453 2748 2508 dentium
2799 2453 3030 2525 (Matth.
3058 2468 3178 2519 VIII,
3206 2451 3305 2522 12)
3327 2488 3342 2505 .
3375 2452 3464 2506 Sic
3492 2464 3603 2507 uno

2008 2546 2275 2604 versiculo
2294 2554 2348 2603 et
2370 2544 2628 2601 bonarum
2652 2559 2831 2601 rerum
2852 2545 3240 2616 compensatio,
3265 2550 3321 2600 et
3339 2543 3603 2599 malarum

2010 2641 2291 2699 retributio
2334 2641 2697 2701 declarantur.
2748 2640 2880 2709 Quae
2924 2640 3092 2711 ﬁgura
3136 2639 3334 2695 dicitur
3374 2638 3603 2693 antista-

2011 2733 2254 2800 tbmisis,
2291 2733 2391 2788 hoc
2418 2741 2501 2788 est
2540 2732 2992 2803 recompensatio,
3023 2731 3238 2803 quando
3262 2733 3404 2803 justs
3447 2730 3604 2786 factis

2013 2824 2232 2895 recipit,
2278 2827 2368 2894 qui
2410 2837 2469 2879 se
2510 2832 2605 2879 aut
2644 2832 2813 2891 recta,
2856 2832 2945 2881 aut
2987 2836 3149 2895 prava
3190 2821 3604 2880 conversatione

2013 2916 2341 2974 tractaverit.

2089 3024 2243 3081 Vers.
2274 3027 2325 3079 7.
2372 3025 2567 3081 Ettntes
2614 3026 2759 3081 ibant
2796 3034 2847 3083 et
2888 3027 3100 3097 ﬂebant,
3132 3027 3383 3083 mittentes
3412 3031 3606 3086 semina

2012 3136 2126 3174 ειια.

2088 3212 2245 3268 Vers.
2282 3212 2335 3267 8.
2377 3211 2650 3268 Venientes
2686 3221 2858 3267 autem
2893 3214 3093 3269 venient
3126 3213 3181 3270 in
3207 3215 3360 3290 [mss.
3393 3214 3485 3282 A.,
3515 3212 3604 3284 15.,

2014 3302 2153 3375 cum]
2187 3303 2527 3358 exsultatione
2557 3312 2819 3373 portantes
2864 3305 3152 3377 manipulos
3182 3321 3319 3362 suos.
3353 3305 3607 3374 Quamvis

300 3380 438 3436 Ετδί
480 3381 733 3435 Nimirum
771 3379 989 3451 copiosa
1036 3378 1255 3451 Imma.
1298 3380 1513 3452 quando
1553 3395 1615 3437 εθ
1654 3381 1910 3438 ﬁdem"!
1936 3383 1985 3448 ϐ
2013 3402 2071 3449 et
2111 3394 2197 3449 hic
2236 3409 2426 3451 versus
2473 3395 2540 3450 ad
2585 3396 2861 3468 generales
2907 3396 3155 3454 videatur
3199 3399 3368 3456 bonas
3413 3414 3607 3471 operas

297 3472 617 3544 specialiter
654 3473 829 3544 diligi,
876 3474 966 3544 qui
1010 3473 1223 3530 luceant
1249 3489 1281 3530 a
1320 3475 1555 3546 pessima
1594 3476 1909 3547 captivitate

300 3554 541 3624 liberati.
565 3567 693 3635 Qua:
717 3565 881 3637 ﬁgura
898 3566 1089 3622 dicitur
1108 3566 1426 3638 diatyposis,
1457 3568 1512 3624 id
1527 3577 1611 3625 est
1630 3572 1912 3639 expressio

299 3657 544 3715 habitus.
582 3656 832 3714 Habitum
862 3666 1041 3714 autem
1075 3659 1214 3714 hunc
1258 3660 1589 3729 appellamus
1617 3662 1782 3717 animi
1817 3670 1914 3718 aut

301 3752 561 3819 carperis
586 3758 955 3817 constantem,
984 3759 1039 3806 et
1069 3750 1369 3807 absolutam
1399 3751 1575 3823 aliqua
1621 3752 1676 3807 in
1702 3769 1761 3809 re
1790 3768 1912 3825 per-

302 3841 618 3899 (cationem.

389 3933 546 3991 Vers.
586 3938 643 3991 5.
696 3935 959 4005 Converte,
999 3936 1241 4004 Domine,
1289 3937 1635 4008 captivitatem
1663 3948 1908 4007 nostram,

302 4030 447 4085 sicut
472 4040 668 4086 torrens
696 4032 753 4087 in
780 4039 975 4086 austro.
999 4032 1275 4087 Adventus
1304 4031 1512 4086 Domini
1544 4032 1913 4102 redemptione

308 4124 630 4195 praedicata,
667 4124 853 4181 ﬁdeles
889 4124 1070 4197 populi
1102 4124 1330 4181 veniunt
1349 4123 1417 4179 ad
1461 4125 1750 4181 secundam
1790 4141 1912 4195 pare

308 4228 459 4288 tem,
496 4218 849 4290 deprecantes
889 4234 984 4275 sua
1015 4219 1207 4274 iterum
1249 4226 1469 4285 peccata
1495 4218 1709 4275 dimitti.
1767 4220 1911 4276 Scri-

308 4320 468 4384 ptum
494 4322 578 4368 est
604 4312 744 4368 enim
772 4312 999 4368 :lustus
1018 4314 1072 4367 in
1093 4312 1349 4382 principio
1372 4313 1618 4368 sermonis
1646 4323 1914 4368 accusator

309 4412 394 4460 est
422 4408 501 4460 sui
522 4405 712 4475 (Prov.
740 4421 871 4461 xvnt
891 4447 907 4474 ,
935 4407 1056 4474 17).
1091 4407 1157 4462 Et
1186 4421 1402 4462 rursum
1437 4425 1452 4462 :
1484 4407 1580 4461 Dic
1607 4418 1663 4462 tu
1689 4410 1910 4480 primum

308 4498 612 4571 iniquitates
641 4507 790 4566 tuas,
818 4506 875 4553 ut
891 4497 1347 4571 justiﬁcerisUsa.
1382 4514 1536 4570 mn,
1574 4498 1639 4554 26
1652 4500 1691 4571 ).
1723 4500 1911 4556 Merito

309 4603 451 4661 ergo
495 4597 553 4645 et
588 4589 647 4645 in
677 4588 915 4661 generali
962 4590 1284 4646 remissione
1320 4591 1489 4661 gavisi
1525 4599 1683 4657 sunt,
1715 4600 1770 4646 et
1810 4592 1911 4648 sibi

310 4682 529 4738 veniam
559 4690 843 4751 precantur
881 4682 1120 4739 attribui.
1153 4682 1409 4755 Sequitur
1450 4682 1647 4739 decora
1693 4698 1912 4755 compa-

2015 3488 2308 3555 pertinere,
2344 3497 2522 3542 tamen
2554 3488 2928 3560 eleemosynas
2956 3492 3191 3548 maxime
3225 3491 3389 3563 (sicut
3410 3500 3466 3547 et
3489 3492 3608 3548 aliis

2017 3577 2186 3633 visum
2228 3578 2333 3649 est)
2379 3577 2710 3649 dignoscitur
2755 3596 3135 3652 commonere;
3170 3584 3314 3640 unde
3348 3585 3607 3655 scriptum

2016 3676 2099 3723 est
2125 3687 2136 3721 :
2162 3668 2310 3724 Sicut
2357 3685 2490 3738 aqua
2538 3672 2811 3742 exstinguit
2842 3672 3031 3744 ignem,
3057 3674 3130 3727 ita
3171 3674 3493 3745 eleemosyna
3520 3692 3610 3731 ea:-

2015 3761 2233 3833 stinguit
2274 3769 2537 3833 peccatum
2569 3761 2759 3834 (Eccli.
2811 3780 2888 3833 ιιι,
2919 3766 3029 3835 53).
3078 3765 3212 3821 Nam
3262 3781 3383 3822 cum
3434 3766 3603 3822 dicit:

2016 3853 2237 3921 Euntes,
2269 3866 2553 3924 provectus
2597 3855 2717 3910 vitae
2766 3858 3120 3912 sanctissimae
3165 3859 3518 3930 signiﬁcatur,
3549 3858 3606 3915 in

2017 3961 2122 4017 qua
2152 3948 2287 4001 bene
2312 3946 2638 4002 ambulando
2668 3962 2882 4017 semper
2908 3950 3201 4006 acceditur.
3230 3948 3449 4007 Flebant
3477 3967 3609 4025 ergo

2016 4038 2231 4108 quando
2280 4052 2542 4110 pauperes
2603 4041 3011 4110 conspiciebant
3057 4043 3297 4101 nuditate
3343 4045 3606 4117 deiectos,

2017 4131 2217 4201 frigore
2243 4132 2590 4199 constrictos,
2624 4133 2799 4203 inopia
2841 4149 2984 4213 εφη
3015 4146 3342 4206 maceratos;
3372 4148 3434 4196 ut
3460 4142 3610 4211 prius

2018 4226 2271 4296 pietatem
2322 4225 2485 4282 corde
2534 4226 2794 4295 facerent,
2837 4238 3123 4301 antequam
3172 4247 3362 4289 manus
3406 4234 3608 4305 aliquid

2017 4319 2164 4389 larga
2196 4326 2496 4389 prmstaret.
2526 4317 2803 4391 Sequitur,
2834 4323 3085 4378 mittentes
3116 4326 3312 4381 semina
3331 4342 3446 4383 sua.
3476 4326 3606 4383 Hit-

2019 4419 2195 4477 tentes,
2230 4410 2280 4465 in
2323 4410 2413 4466 illo
2460 4412 2660 4470 saeculo
2709 4417 3122 4485 praemittentes,
3157 4419 3247 4475 ubi
3294 4429 3421 4495 ante
3469 4420 3609 4479 facta

2018 4515 2199 4559 nostra
2231 4505 2571 4575 perveniunt,
2596 4522 2755 4577 quam
2780 4523 2877 4564 nos
2902 4509 3030 4566 illuc
3060 4509 3138 4566 ire
3162 4509 3450 4581 possimus,
3470 4512 3612 4569 sicut

2017 4598 2273 4668 scriptum
2312 4608 2395 4655 est
2430 4616 2444 4654 :
2485 4598 2848 4658 Thesaurizate
2884 4613 3052 4657 autem
3086 4602 3225 4658 vobis
3253 4604 3308 4659 in
3336 4604 3494 4671 calo,
3525 4604 3613 4660 ubi

2018 4704 2180 4759 neque
2217 4706 2414 4761 terugo,
2458 4708 2618 4763 neque
2666 4694 2801 4748 tinea
2849 4693 3218 4760 demetiuntur,
3264 4710 3428 4766 neque
3470 4697 3615 4767 fures

308 4773 477 4840 ratio,
520 4770 669 4829 Sicut
699 4780 897 4828 torrens
926 4773 982 4828 in
1027 4782 1227 4830 austro.
1269 4775 1456 4830 Auster
1484 4784 1674 4831 ventus
1713 4784 1797 4832 est
1823 4790 1911 4833 ca-
1938 4775 1992 4838 D
2016 4780 2269 4849 e/fodiunt
2299 4794 2346 4837 et
2380 4781 2624 4853 furantur
2657 4783 2871 4856 (Matth.
2906 4801 2977 4852 vi,
3008 4784 3125 4855 20).
3148 4785 3259 4843 Nec
3284 4795 3441 4844 vacat
3468 4790 3615 4859 quod

310 4865 503 4934 lidus,
540 4867 633 4937 qui
674 4866 875 4938 frigore
917 4867 1111 4939 ligatas
1140 4883 1307 4939 aquas
1335 4868 1549 4938 vaporis
1598 4870 1681 4924 sui
1718 4872 1912 4927 virtute

310 4955 602 5023 dissolvit,
645 4965 699 5011 et
727 4962 1022 5012 torrentem
1066 4957 1195 5013 facit
1233 4972 1452 5015 currere
1496 4958 1566 5015 de
1603 4973 1713 5014 sine
1760 4960 1912 5014 affla-

313 5047 486 5105 tionis
515 5047 742 5114 ardore;
772 5047 850 5102 sic
879 5062 1006 5116 ergo
1027 5048 1220 5105 delicta
1242 5051 1433 5106 mortis
1457 5051 1576 5121 gelu
1598 5052 1911 5120 constricta,

313 5141 446 5214 quia
470 5142 599 5217 [etl.,
631 5138 773 5212 quae]
796 5142 848 5196 in
879 5156 938 5196 se
958 5155 1065 5197 non
1090 5141 1286 5197 habent
1316 5142 1479 5197 vitam
1501 5182 1520 5209 ,
1550 5145 1786 5200 caelestis
1810 5147 1913 5201 mi»

314 5233 636 5294 sericordue
661 5234 839 5289 calore
860 5233 1162 5300 solvuntur,
1187 5243 1241 5288 et
1261 5234 1410 5289 velut
1433 5235 1675 5291 turbidus
1706 5246 1917 5294 torrens

316 5333 424 5389 sub
467 5332 744 5388 celeritate
782 5329 1085 5387 discedunt.
1126 5329 1232 5388 Sed
1266 5339 1323 5386 ut
1351 5332 1509 5387 nobis
1534 5347 1723 5390 sensus
1750 5337 1920 5402 possit

316 5433 575 5483 constare
617 5422 925 5497 plenitudo,
972 5422 1420 5493 pronuntiandum
1460 5432 1547 5479 est
1588 5442 1602 5479 :
1645 5424 1916 5497 Converte,

318 5517 546 5576 Domine
564 5562 579 5587 ,
603 5520 947 5589 captivitatem
971 5528 1233 5586 nostram,
1267 5518 1399 5573 sicut
1430 5528 1629 5575 torrens
1652 5522 1705 5574 in
1747 5530 1919 5576 austro

318 5615 655 5670 convertitur
686 5615 738 5669 in
776 5613 1061 5684 liquorem.

401 5706 557 5762 Vere.
586 5705 638 5762 6.
673 5706 773 5775 Qui
802 5704 1059 5761 seminam
1087 5706 1141 5759 in
1172 5701 1440 5777 lacrumis,
1488 5706 1541 5759 in
1584 5705 1775 5778 gaudio
1814 5721 1917 5759 me-

321 5807 455 5855 tent.
486 5800 627 5855 Duas
656 5798 1038 5855 seminationes
1067 5812 1186 5854 esse
1212 5798 1264 5853 in
1293 5798 1396 5854 hoc
1418 5798 1638 5864 saeculo,
1660 5798 1916 5869 Apostolo

321 5889 581 5961 docente,
609 5906 981 5964 cognovimus,
1011 5891 1147 5946 sicut
1178 5892 1295 5960 ipse
1316 5893 1423 5948 ait:
1453 5894 1552 5960 Qui
1580 5895 1631 5948 in
1658 5908 1809 5948 carne
1833 5910 1915 5948 se-

323 5986 527 6052 minat,
558 5986 621 6040 de
644 6000 800 6041 cerne
828 5992 974 6041 metet
1000 5986 1407 6055 corruptionem;
1432 5995 1480 6041 et
1509 5990 1596 6058 qui
1621 5988 1832 6046 seminat
1863 5989 1914 6043 in

2022 4876 2225 4931 addidit
2250 4892 2363 4943 sua,
2398 4886 2453 4931 ut
2485 4875 2551 4932 de
2580 4878 2813 4949 propriis
2845 4878 3141 4948 laboribus,
3171 4895 3280 4935 non
3308 4880 3379 4937 de
3407 4881 3615 4954 rapinis

2022 4967 2395 5040 eleemosynas
2419 4969 2598 5026 facere
2624 4970 2936 5029 debeamus.
2967 4973 3331 5030 Misericordia
3356 4977 3505 5034 enirn
3522 4978 3613 5034 illa

2020 5065 2123 5123 est,
2155 5059 2223 5113 de
2249 5076 2352 5129 qua
2381 5059 2516 5115 alter
2545 5076 2649 5115 non
2679 5063 2865 5131 gemit,
2895 5062 2963 5117 de
2993 5079 3094 5133 qua
3127 5065 3306 5123 nullus
3328 5069 3614 5125 contrista-

2022 5158 2106 5205 tus
2127 5150 2393 5217 abscedit;
2418 5152 2538 5221 quia
2561 5152 2692 5207 illud
2715 5152 3047 5209 offerendum
3072 5157 3457 5228 estmajestati,
3473 5162 3613 5233 quod
3676 5198 3680 5201 -

2019 5251 2197 5313 potest
2222 5243 2321 5298 sub
2346 5244 2545 5313 pietate
2574 5244 2842 5314 conquiri.
2866 5245 3002 5300 Nam
3033 5262 3154 5304 cum
3188 5249 3331 5306 dicat
3355 5252 3613 5309 Dominus
3706 5274 3711 5275 ί

2023 5336 2122 5391 sibi
2151 5335 2286 5403 dari,
2318 5336 2597 5392 considera
2630 5337 2676 5391 si
2707 5337 2784 5391 illi
2820 5337 3019 5421 aliquid
3051 5340 3118 5396 de
3159 5344 3421 5413 pravitate
3449 5346 3615 5416 possit

2022 5428 2223 5486 oﬁ‘erri.
2276 5427 2514 5499 Addidit,
2554 5429 2823 5487 Venientes
2855 5439 3027 5488 autem
3054 5437 3250 5491 venient
3292 5438 3347 5492 in
3386 5438 3613 5493 exsulta-

2024 5522 2178 5588 tione,
2204 5529 2472 5592 portantes
2498 5523 2791 5595 manipulos
2818 5543 2955 5582 θυοδ.
2992 5528 3285 5598 Venientes,
3307 5530 3383 5587 illi
3408 5532 3616 5588 ueniunt

2025 5612 2079 5667 in
2104 5612 2466 5681 exsultatione,
2497 5614 2689 5685 quibus
2715 5617 2827 5687 jam
2857 5620 3227 5678 misericordia
3272 5623 3449 5680 divina
3478 5638 3617 5694 prat-

2024 5719 2261 5779 paratur,
2308 5710 2399 5782 qui
2445 5710 2532 5767 hic
2579 5712 2755 5769 taliter
2809 5726 3056 5787 egerunt,
3107 5719 3335 5789 qualiter
3384 5732 3617 5789 superna

2021 5798 2168 5871 jussa
2216 5802 2550 5873 principium.
2601 5802 2681 5859 illi
2711 5814 2888 5862 autem
2932 5809 2997 5863 ad
3044 5811 3291 5877 gaudium
3338 5811 3623 5871 venientes

2024 5907 2132 5949 non
2176 5896 2415 5963 veniunt,
2449 5897 2536 5967 qui
2578 5896 2666 5953 hic
2702 5911 2760 5953 se
2792 5898 3134 5969 nequissimis
3170 5904 3374 5959 actibus
3410 5905 3610 5975 pollue-

2026 5996 2172 6044 runt.
2227 5988 2488 6050 Omnibus
2531 5990 2676 6049 enim
2727 5991 2913 6050 venire
2955 6007 3240 6052 commune
3266 6001 3379 6065 est;
3407 5996 3501 6054 sed
3543 5997 3608 6051 ad
