4032 6340
338 396 361 423 ~
404 416 510 477 9,7
1636 401 1701 456 Μ.
1747 400 1829 456 an
1842 382 2019 454 [teut
2057 394 2457 453 CASSIODORI
3562 374 3698 460 sas

409 530 664 606 gaudium
690 525 992 601 pervenire,
1019 523 1315 579 beatorum.
1346 518 1471 574 Haec
1492 516 1750 572 dicuntur
1776 514 1995 621 nomina
2025 512 2081 575 Α
2104 509 2357 621 ἰηιίίιιίεἷι
2407 509 2622 621 Domini
2669 507 3009 621 ordinatione
3055 510 3400 621 dispositum.
3440 512 3696 621 secundo

410 604 715 697 eonjugata',
739 635 858 693 quae
891 618 1026 674 ﬁunt
1059 631 1125 673 ex
1168 614 1349 670 verbis
1383 612 1597 683 generis
1632 610 1902 680 ejusdem.
1931 606 2000 662 Et
2104 604 2381 713 modo'de
2410 605 2528 708 ipso
2556 604 3074 713 Dominoloquitun
3101 605 3231 713 Jesu
3272 606 3511 713 Christo,
3540 619 3596 668 et
3625 610 3699 671 de

412 717 665 789 quoniam
719 714 966 783 superius
1012 708 1261 765 dixerant
1307 713 1511 762 metere
1564 714 2001 773 unumquemque
2103 697 2362 768 apostolis
2409 697 2548 769 ejus,
2579 699 2665 757 vel
2715 698 3018 770 quicunque
3058 699 3227 772 ipsius
3272 703 3525 762 mandata
3573 720 3697 777 per-

413 822 633 879 Operam
662 818 835 873 suam,
864 804 919 858 in
950 800 1140 859 eadem
1172 798 1488 869 metaphora
1528 794 1710 853 veraci
1737 793 2002 851 sententia
2105 790 2311 848 liciunt.

414 906 787 972 perseverant.
811 895 1150 952 Addiderunt
1168 905 1400 963 quoque,
1420 897 1682 962 portantes
1709 886 2006 994 manipulos

413 1009 553 1050 suos.
597 991 865 1048 Messores
913 988 1091 1057 enim,
1129 1001 1294 1059 opere
1340 994 1749 1053 consummato,
1799 988 2006 1055 gremio

416 1086 591 1160 [mss.,
619 1081 843 1157 gremia]
872 1089 1087 1154 portant
1112 1082 1179 1137 ad
1214 1095 1394 1137 aream
1437 1094 1559 1151 qua:
1586 1078 1643 1135 in
1672 1092 1802 1150 agro
1832 1076 2007 1149 spica-

416 1193 540 1234 rum
578 1176 992 1248 congregatione
1038 1174 1353 1245 ligaverint;
1404 1174 1484 1230 sic
1527 1172 1673 1229 beati
1714 1170 1899 1228 ferunt
1950 1170 2007 1226 in

417 1282 599 1324 aream
647 1268 860 1323 Domini
911 1265 1363 1323 lructuosissimas
1411 1264 1673 1323 actiones.
1724 1263 1831 1321 Sed
1879 1262 2007 1320 felix

422 1361 555 1419 illud
583 1361 869 1434 gremium,
901 1360 1043 1432 quod
1067 1360 1294 1416 triticeis
1321 1359 1650 1431 ponderibus
1670 1357 2005 1429 ingravatur,

422 1462 494 1504 ne
522 1448 709 1505 levitas
737 1447 1056 1518 stipularum
1084 1454 1207 1502 vota
1234 1445 1489 1502 messoris
1530 1444 1743 1510 eludat;
1788 1451 1841 1499 et
1881 1454 2008 1498 tunc

424 1540 791 1611 deprehendat
812 1539 1127 1595 inanitatem
1150 1538 1353 1595 laboris
1392 1537 1499 1607 sui,
1527 1536 1742 1609 quando
1765 1536 1874 1607 jam
1898 1551 2008 1593 non

314 1640 319 1646 ‘
423 1635 678 1706 praevalet
700 1634 934 1703 operari.
1450 1698 1453 1701 _

598 1730 609 1733 “
950 1724 1222 1781 Conclusio
1261 1722 1467 1795 psalmi.

498 1836 667 1905 Quam
712 1837 851 1895 bene
894 1837 1154 1908 septimus
1193 1837 1294 1892 iste
1330 1834 1628 1908 gradalium
1674 1837 1731 1892 in
1775 1835 2007 1908 ﬁguram

2649 884 2920 959 Expositio
2945 887 3155 958 psalmi.

2178 975 2336 1032 Vere.
2366 977 2420 1033 1.
2469 976 2590 1032 Nisi
2619 977 2873 1033 Dominus
2900 978 3229 1050 ludiﬁcaverit
3257 980 3488 1051 domum,
3520 983 3577 1039 in
3608 1001 3694 1041 om

2107 1081 2234 1123 num
2281 1066 2641 1123 laboraverunt
2689 1068 3005 1139 ludiﬁcantes
3046 1085 3181 1126 eam.
3229 1070 3454 1129 Planum
3501 1084 3588 1131 est
3631 1076 3696 1135 ad

2109 1157 2370 1231 quosdam
2392 1161 2751 1218 aediﬁcatores
2780 1160 3123 1218 Psalmistam
3143 1162 3326 1235 loqui;
3350 1165 3448 1221 sed
3475 1180 3587 1223 non
3614 1176 3697 1225 est

2108 1249 2327 1322 dignum
2357 1259 2417 1308 ut
2446 1251 2732 1309 credamus
2761 1253 2865 1310 hoc
2900 1254 2971 1311 de
3016 1256 3377 1314 structoribus
3405 1270 3702 1317 caemento‘

2112 1358 2252 1412 rum,
2302 1343 2396 1401 aut
2441 1361 2694 1403 saxorum
2742 1347 3100 1419 quadratariis
3149 1350 3385 1419 dictum;
3432 1353 3525 1409 sed
3568 1352 3698 1410 illos

2110 1438 2289 1508 potius
2332 1438 2688 1496 :ediﬁcatores
2737 1439 2997 1497 debemus
3048 1441 3314 1514 accipere,
3364 1446 3459 1516 qui
3499 1460 3691 1501 unum-

2111 1547 2379 1605 quemque
2425 1533 2788 1591 Christianum
2827 1537 3053 1593 veritate
3099 1538 3224 1595 lidei
3263 1539 3530 1599 fabricare
3567 1556 3700 1599 con-

2111 1626 2357 1683 tendunt.
2384 1627 2493 1698 Ipsi
2520 1628 2665 1684 enim
2694 1636 2819 1684 sunt
2847 1629 3053 1699 domus,
3083 1632 3277 1703 quibus
3303 1632 3437 1689 dicit
3464 1633 3704 1708 Aposto-

2112 1716 2237 1773 lus:
2269 1718 2373 1774 Vos
2400 1720 2537 1775 enim
2590 1719 2714 1775 estis
2771 1719 3016 1792 templum
3063 1720 3184 1791 Dei,
3215 1734 3264 1779 et
3315 1724 3550 1793 Spiritus
3604 1726 3707 1783 Dei

2113 1808 2311 1864 habitat
2339 1810 2393 1865 in
2423 1810 2564 1866 vobis
2592 1809 2649 1883 (Ι
2671 1809 2791 1868 Cor.
2821 1812 2995 1883 1,16).
3025 1812 3130 1871 Sed
3158 1816 3203 1870 si
3222 1815 3310 1872 isti
3326 1816 3578 1875 homines
3592 1821 3706 1878 suis

427 1904 637 1987 Veteris
664 1904 992 1987 Testamenti
1020 1930 1253 2001 primum
1283 1904 1574 1986 adventum
1616 1930 1772 1987 nobis
1794 1904 2009 1986 Domini
2035 1905 2086 1968 Β
2114 1904 2321 1960 Viribus
2370 1904 2641 2001 πᾳίξῖθπθ
2672 1905 3052 2001 ,θοῗίθηῳηζ
3078 1907 3325 2001 “me”?
3366 1911 3625 1968 Videam”
3650 1915 3705 1971 in

426 2021 790 2093 prophetavit,
820 2022 1168 2094 laetitiamque
1209 2022 1420 2093 pepulis
1447 2023 1735 2080 salutarem
1781 2024 2013 2094 largien-

429 2114 553 2171 dam
605 2129 727 2172 esse
774 2116 1083 2187 praecinuit,
1126 2124 1186 2171 ut
1226 2116 1427 2187 ogdoas
1474 2126 1621 2174 esset
1670 2117 1723 2172 in
1761 2116 2008 2189 reliquis,

428 2220 590 2276 quam
617 2206 685 2262 ad
714 2208 1164 2264 resurrectionem
1196 2207 1411 2263 Domini
1454 2209 1724 2280 pertinere
1759 2210 2013 2281 praedixi-

428 2308 569 2350 mus.
623 2293 759 2352 Nam
801 2304 856 2351 et
894 2295 1288 2353 distinctionem
1347 2296 1487 2354 hanc
1538 2312 1771 2370 sequens
1825 2299 2014 2358 titulus

427 2384 762 2451 manilestat;
796 2386 1052 2443 scribitur
1076 2387 1220 2443 enim
1249 2386 1528 2444 Canticum
1571 2389 1833 2460 graduum
1860 2391 2013 2471 Salp-

431 2476 630 2534 monis.
661 2475 921 2533 Salomon
945 2485 1124 2534 autem
1156 2479 1543 2549 interpretatur
1570 2482 1843 2551 paciﬁcus,
1867 2484 2013 2556 quod

428 2580 625 2625 nomen
648 2569 715 2625 ad
745 2569 1031 2625 Dominum
1059 2570 1337 2628 Christum
1371 2575 1607 2631 maxime
1635 2577 1890 2648 pertinet,
1920 2578 2015 2650 qui

430 2659 691 2716 mundum
737 2661 1114 2718 reconciliavit
1140 2662 1273 2732 Deo,
1301 2665 1391 2735 qui
1432 2665 1601 2722 dixit:
1629 2666 1821 2723 Pacem
1850 2662 2017 2724 meam

428 2753 497 2807 do
526 2753 686 2823 vobis,
726 2770 906 2826 pacem
929 2771 1092 2812 meam
1118 2755 1349 2828 relinquo
1378 2759 1519 2815 vobis
1548 2757 1729 2833 (Joan.
1755 2778 1865 2832 xtv,
1896 2762 2013 2835 27).

430 2843 673 2916 Denique
702 2846 938 2917 psalmus
966 2848 1083 2919 ipse
1108 2848 1217 2919 jam
1251 2865 1359 2907 non
1389 2851 1621 2909 futuram
1654 2853 2013 2925 prophetiam,

426 2936 523 2993 sed
554 2937 728 3008 ipsum
759 2938 989 2996 fructum
1035 2943 1241 2999 ventris
1271 2945 1559 3003 ostendere
1583 2948 1969 3017 comprobatur
1989 2992 2005 3017 ,

428 3036 487 3084 ut
529 3029 737 3085 cunctis
783 3030 1152 3090 indubitanter
1192 3044 1483 3106 appareat,
1516 3037 1570 3093 in
1616 3030 2015 3112 septuagesimo

430 3117 605 3188 primo
626 3119 835 3189 psalmo
875 3136 974 3192 per
1001 3122 1231 3180 decadas
1263 3127 1424 3182 totius
1454 3128 1633 3198 operis
1661 3129 1799 3186 Novi
1832 3141 1885 3188 et
1911 3131 2016 3190 Ve-

430 3211 563 3267 teris
603 3211 932 3272 Testamenti
973 3216 1171 3274 indicia
1220 3221 1513 3289 contineri;
1566 3225 1654 3280 hic
1697 3234 1876 3283 autem
1920 3242 2019 3299 per

427 3302 758 3376 singularem
785 3323 1067 3366 numerum
1104 3311 1290 3369 eadem
1319 3313 1487 3372 fuisse
1506 3314 1799 3377 declarata.

928 3422 1241 3483 PSALMUS
1278 3427 1511 3486 CXXVI.

772 3513 1039 3571 Canticum
1067 3520 1323 3591 graduum
1352 3521 1674 3583 Salomonis.

504 3623 747 3682 Diximus
775 3642 881 3684 non
909 3643 1101 3688 vacare
1143 3634 1285 3704 quod
1316 3645 1371 3692 et
1396 3636 1484 3693 isti
1515 3640 1669 3695 titulo
1718 3640 2014 3700 Salomonis

432 3729 647 3787 quoque
675 3733 877 3800 nomen
902 3721 1211 3792 adjunctum
1239 3736 1347 3795 est,
1384 3729 1538 3800 cujus
1564 3731 2016 3801 interpretatione

431 3803 487 3860 in
514 3805 700 3862 Latina
745 3807 923 3880 lingua
958 3812 1208 3882 paciﬁcus
1240 3826 1342 3873 est.
1378 3818 1445 3874 Et
1469 3821 1555 3875 cui
1583 3821 1759 3892 aptius
1791 3823 1895 3881 hoc
1922 3840 2020 3882 vo-

430 3894 677 3954 cabulum
724 3902 924 3971 poterit
970 3906 1292 3977 convenire,
1321 3909 1422 3965 nisi
1471 3912 1561 3980 qui
1611 3906 1868 3984 populum
1912 3918 2019 3973 cir-

430 3987 776 4047 cumcisionis
804 4001 863 4049 et
889 3996 1136 4065 praeputii
1165 3997 1385 4055 unitatis
1414 4003 1586 4072 gratia
1630 4004 1931 4077 colligavit;
1964 4017 2021 4065 et

431 4081 584 4148 quasi
612 4085 884 4154 angularis
909 4087 1045 4157 lapis
1074 4091 1351 4148 venientes
1373 4094 1441 4149 ad
1474 4110 1533 4151 se
1552 4112 1583 4152 e
1603 4097 1818 4156 diverso
1841 4100 2023 4172 parie-

433 4178 515 4226 tes
542 4174 848 4233 stabilitatis
895 4178 1093 4236 robore
1140 4182 1423 4253 solidavit;
1452 4186 1520 4243 de
1552 4203 1661 4259 quo
1701 4190 1833 4247 dicit
1877 4193 2024 4263 Apo-

432 4264 601 4321 stolus
624 4284 636 4319 :
663 4266 784 4339 Ipse
830 4278 906 4324 est
950 4274 1087 4327 enim
1131 4292 1235 4347 pax
1278 4286 1477 4346 nostra,
1506 4282 1594 4351 qui
1635 4283 1759 4352 fecit
1802 4294 2022 4358 utraque

431 4369 594 4411 unum
624 4356 841 4430 (Ep/les.
874 4377 935 4432 ιι,
968 4364 1081 4436 te).
1124 4368 1352 4425 Additur
1380 4385 1596 4444 quoque
1626 4377 1767 4446 quod
1797 4356 2022 4437 octavus

431 4460 604 4519 usque
628 4450 695 4505 ad
721 4449 884 4508 linem
913 4456 1213 4525 gradalium
1241 4472 1345 4529 esr,
1374 4464 1467 4534 qui
1500 4480 1756 4527 numerus
1784 4474 2022 4541 pertinet

431 4540 500 4596 ad
527 4546 975 4605 resurrectionem
1009 4550 1219 4608 Domini
1261 4554 1484 4625 Christi,
1528 4558 1596 4616 de
1640 4576 1748 4632 quo
1786 4540 2019 4622 omnino

432 4630 709 4690 locuturus
753 4645 837 4693 est
873 4654 888 4692 :
923 4639 1166 4698 indicans
1215 4642 1419 4703 Novum
1468 4630 1914 4725 Testamentum,
1947 4658 2015 4714 ad

430 4817 572 4914 quod
606 4819 693 4914 hic
721 4828 778 4878 et
819 4822 875 4878 in
920 4830 1319 4898 septuagesimo
1357 4836 1532 4903 primo
1559 4839 1765 4907 psalmo
1796 4854 2017 4914 propter

431 4906 829 4970 distinctionem
901 4915 1372 4979 Testamentorum
1454 4906 1751 4985 Salomonis
1796 4906 2017 4991 nomen

428 5012 640 5060 constat
679 5007 997 5081 ascriptum,
1027 5021 1085 5069 ut
1111 5022 1337 5088 utraque
1375 5018 1478 5077 sibi
1512 5036 1770 5083 assonare
1810 5040 2016 5099 cogno-

426 5106 570 5151 8038.

999 5192 1196 5253 Diuisio
1227 5201 1435 5269 psalmi.

496 5289 787 5389 Exsultans
822 5297 1082 5369 propheta
1124 5304 1265 5374 quod
1306 5306 1512 5376 Spiritu
1554 5319 1743 5370 sancto
1777 5318 2013 5389 comple-

425 5389 511 5438 tus
566 5383 700 5442 Novi
744 5386 1076 5453 Testamenti
1120 5400 1344 5468 gratiam
1388 5404 1757 5475 praevidisset,
1810 5383 2013 5471 ne-aut

424 5477 526 5533 sibi
569 5489 661 5535 aut
700 5482 817 5539 aliis
865 5486 932 5544 de
979 5498 1127 5548 tanto
1170 5508 1395 5551 munere
1444 5498 1663 5557 forsitan
1714 5507 2009 5577 surriperet

426 5573 721 5663 perniciosa
746 5586 1114 5655 praesumptio,
1139 5587 1312 5655 primo
1333 5590 1579 5663 ingressu
1600 5596 1758 5655 docet
1785 5573 2012 5658 sanctis-

425 5662 590 5721 simos
639 5668 804 5740 viros,
833 5690 902 5731 ne
950 5676 1069 5746 quis
1115 5682 1344 5749 propriis
1386 5662 1589 5745 viribus
1638 5691 1840 5763 aliquid
1881 5695 2004 5753 boni

426 5756 696 5855 applicare
722 5767 1031 5834 contendat,
1060 5784 1182 5828 cum
1212 5777 1389 5832 omnia
1426 5778 1478 5834 in
1529 5781 1706 5838 divina
1728 5756 2004 5855 potestate

428 5846 535 5904 sint
559 5851 763 5925 posits;
790 5870 892 5915 nec
918 5872 1253 5929 praecurrere
1286 5868 1404 5937 quis
1435 5871 1564 5931 velit
1593 5846 1827 5947 tempus,
1858 5882 2002 5952 quod
2054 5940 2055 5943 η

2114 2008 2367 2064 vacuum,
2393 1995 2499 2052 nisi
2546 1996 2720 2067 gratia
2769 1996 2985 2054 Domini
3020 1998 3189 2056 donet
3215 2000 3377 2074 M2
3402 2001 3707 2062 verissima

2114 2092 2451 2150 credulitatis
2499 2093 2750 2152 affectum
2796 2095 2940 2169 [ed.,
2971 2096 3279 2170 allectum];
3309 2100 3453 2156 sicut
3480 2108 3539 2157 et
3564 2103 3709 2173 Apo~

2113 2183 2287 2240 stolus
2325 2184 2458 2242 dicit
2483 2204 2496 2240 :
2524 2185 2704 2258 Neque
2728 2188 2816 2259 qui
2853 2188 3053 2261 plantat
3089 2199 3163 2245 est
3187 2191 3408 2262 aliquid,
3432 2208 3595 2262 neque
3619 2196 3706 2265 qui

2115 2274 2271 2346 rigat,
2298 2276 2388 2332 sed
2415 2278 2505 2349 qui
2527 2278 2892 2335 incrementum
2918 2281 3008 2335 dat
3029 2280 3170 2337 Deus
3206 2280 3453 2354 (Ibidem,
3478 2284 3563 2355 7).
3600 2284 3697 2343 De.

2115 2364 2308 2423 bemus
2349 2369 2494 2424 enim
2525 2369 2591 2425 ad
2623 2370 2740 2427 lucc
2784 2369 3029 2427 facienda
3065 2373 3299 2430 studium
3336 2375 3705 2445 commodare,

2117 2461 2214 2517 sed
2248 2461 2319 2517 ita
2357 2470 2417 2518 ut
2458 2462 2748 2519 Dominum
2789 2464 3073 2523 credamus
3113 2480 3276 2538 posse
3313 2468 3611 2554 perﬁcere,
3640 2483 3708 2527 ne

2116 2552 2271 2608 vanis
2299 2553 2812 2625 praesumptionibus
2839 2556 2998 2623 elusi,
3023 2558 3315 2614 Auctorem
3345 2552 3710 2615 et‘Perl’ecto-

2116 2636 2233 2699 rem
2248 2658 2426 2701 rerum
2452 2645 2506 2700 in
2529 2655 2767 2702 nostram
2782 2648 3074 2717 perniciem
3091 2651 3507 2721 praetermittere
3522 2651 3709 2709 videa-

2117 2748 2260 2791 mur.
2312 2734 2713 2795 Meminerimus
2743 2747 2923 2796 autem
2967 2739 3109 2797 hunc
3136 2750 3194 2797 et
3222 2741 3454 2799 alterum
3492 2758 3710 2799 versum

2117 2824 2221 2881 sub
2256 2835 2575 2896 argumento
2623 2827 2817 2886 dictos
2853 2830 2995 2901 quod
3045 2831 3245 2905 dicitur
3297 2849 3329 2889 a
3378 2836 3708 2892 necessario.

2117 2915 2434 2976 Necessaria
2464 2921 2663 2993 quippe
2709 2931 2793 2980 est
2838 2923 3051 2982 Domini
3098 2927 3406 2996 aediﬁcatio,
3435 2930 3553 2987 sine
3594 2945 3707 3002 quo

2120 3012 2251 3068 nihil
2278 3013 2404 3071 bonl
2433 3015 2503 3072 ad
2526 3017 2745 3075 culmen
2780 3020 3123 3089 perfectionis
3150 3024 3448 3083 adducitur.

2142 3126 2145 3129 ν
2192 3104 2350 3162 Vers.
2395 3107 2452 3161 2.
2502 3106 2624 3164 Nisi
2677 3109 2932 3167 Dominus
2977 3116 3276 3173 custodierit
3324 3118 3609 3186 civitatem,
3654 3120 3712 3176 in

2120 3196 2308 3253 uanum
2346 3198 2629 3271 vigilabant
2666 3203 2754 3273 qui
2792 3207 3091 3262 custodiunt
3127 3211 3261 3266 eam.
3313 3211 3393 3268 De
3439 3212 3604 3269 domo
3645 3213 3713 3271 ad

2046 3282 2094 3349 C
2123 3289 2392 3348 civitatem
2434 3293 2719 3351 transitum
2766 3295 2923 3368 facit,
2960 3307 3017 3355 ut
3050 3315 3151 3357 nec
3194 3301 3249 3358 in
3285 3304 3515 3376 singulis
3552 3296 3715 3363 elatio

2122 3382 2440 3441 detestanda
2468 3387 2761 3459 surripiat,
2794 3404 2896 3447 nec
2926 3392 2981 3447 in
3013 3393 3254 3452 Ecclesia
3292 3406 3481 3454 sancta
3507 3399 3716 3470 jactan-

2121 3474 2194 3530 tia
2219 3477 2521 3546 perniciosa
2552 3482 2865 3551 praevaleat.
2914 3482 3105 3541 Civitas
3132 3488 3275 3543 enim
3316 3488 3535 3546 Domini
3561 3492 3715 3547 Jeru-

2024 3600 2027 3603 ›
2120 3568 2291 3625 salem
2322 3571 2641 3645 intelligitur
2664 3576 3094 3649 coelestis,cujus
3122 3580 3298 3638 adhuc
3325 3597 3453 3653 pars
3479 3584 3715 3655 peregri-

2122 3660 2281 3718 natur
2308 3664 2364 3719 in
2395 3666 2581 3733 terris,
2613 3666 2669 3722 in
2703 3682 2809 3739 qua
2837 3671 3076 3742 episcopi
3105 3673 3329 3744 vigilare
3356 3677 3712 3745 contendunt,

2122 3760 2184 3807 ut
2203 3755 2554 3812 commissum
2585 3758 2686 3814 sibi
2714 3774 2933 3832 gregem
2956 3763 3203 3835 pervigili
3228 3780 3357 3822 cura
3384 3767 3713 3823 custodiant.

2122 3843 2327 3910 Quibus
2348 3845 2491 3902 idem
2526 3847 2656 3920 [etl.,
2685 3850 2838 3922 item]
2868 3853 3067 3910 dicitur
3092 3871 3107 3910 :
3132 3871 3201 3913 ne
3230 3858 3408 3914 noxiis
3438 3859 3713 3927 cogitatio-

2123 3935 2285 3993 nibus
2314 3937 2625 4009 incitentur,
2652 3957 2709 3998 et
2732 3944 2959 4001 credant
2977 3947 3175 4024 aliquid
3207 3947 3464 4007 humanas
3492 3952 3707 4024 vigilias

2123 4030 2440 4098 praevalere,
2466 4046 2590 4087 cum
2639 4035 2757 4092 sola
2802 4037 3064 4096 Divinitas
3105 4022 3429 4100 incursionis
3474 4022 3715 4115 pericula

2124 4121 2297 4190 possit
2323 4135 2532 4179 arcere.
2564 4124 2915 4198 lntelligimus
2941 4146 3102 4203 quam
3139 4133 3215 4191 sit
3245 4136 3532 4207 impudens
3558 4138 3719 4195 Pela-

2124 4209 2319 4280 giana,
2362 4228 2526 4284 quam
2580 4215 2761 4289 iniqua
2806 4224 3193 4295 praesumptio,
3246 4234 3307 4283 ut
3354 4239 3547 4285 contra
3589 4244 3717 4288 eam

2124 4299 2427 4361 decreverit
2448 4307 2610 4364 toties
2629 4308 2858 4381 Spiritus
2883 4323 3106 4374 sanctus
3130 4316 3334 4387 dicere,
3363 4321 3507 4392 quod
3534 4330 3718 4383 tamen

2127 4392 2244 4461 ipsa
2276 4409 2433 4465 passa
2460 4411 2570 4455 non
2598 4400 2670 4456 sit
2695 4402 2907 4461 audire.

2204 4484 2355 4545 Vers.
2385 4489 2440 4545 3.
2480 4489 2550 4546 In
2589 4509 2778 4549 vanum
2818 4506 2895 4552 est
2936 4498 3077 4554 vobis
3112 4507 3236 4556 ante
3266 4502 3432 4560 lucem
3462 4516 3718 4579 surgere:

2125 4579 2319 4653 surgite
2338 4591 2608 4654 postquam
2630 4587 2885 4645 scderitis.
2911 4589 3103 4650 Adhuc
3130 4594 3278 4665 ipsos
3303 4595 3558 4655 doctores
3588 4599 3719 4657 allo-

2046 4680 2103 4743 D
2129 4672 2330 4742 quitur,
2364 4683 2425 4730 ut
2449 4676 2721 4737 efﬁcacius
2750 4683 2936 4755 populi
2983 4686 3343 4760 corrigantur,
3376 4706 3503 4749 cum
3550 4693 3717 4751 etiam

2122 4769 2407 4838 magistros
2434 4771 2669 4830 viderint
2705 4790 2826 4833 esse
2875 4782 3244 4849 praemonitos.
3281 4784 3490 4842 Dicitur
3533 4789 3711 4844 enim:

2120 4859 2191 4915 1η
2217 4877 2404 4918 vanum
2427 4873 2501 4919 est
2524 4866 2664 4922 vobis
2692 4877 2809 4925 ante
2837 4871 3003 4928 lucem
3027 4891 3260 4947 surgere.
3290 4877 3473 4951 Surgit
3501 4880 3717 4937 scilicet

2122 4961 2240 5009 ante
2261 4956 2426 5010 lucem
2453 4958 2547 5028 qui
2574 4959 2628 5015 in
2657 4960 2762 5019 hoc
2789 4964 2987 5021 saeculo
3014 4968 3292 5025 desiderat
3318 4970 3715 5030 beatitudinem

2122 5050 2440 5117 promereri,
2468 5065 2591 5108 cum
2637 5068 2767 5109 vera
2814 5054 2924 5125 lux,
2957 5058 3011 5113 id
3042 5068 3124 5117 est
3154 5061 3417 5119 Dominus
3462 5064 3715 5122 Christus

2123 5136 2211 5194 hic
2246 5139 2413 5195 multa
2449 5143 2761 5217 pertulerit,
2796 5157 2852 5205 et
2890 5163 3059 5222 usque
3102 5154 3171 5209 ad
3198 5156 3378 5212 crucis
3406 5157 3711 5227 patibulum

2122 5243 2222 5300 pro
2250 5240 2435 5290 nostra
2480 5234 2654 5294 salute
2690 5239 2939 5310 dignatus
2987 5242 3148 5301 fuerit
3193 5250 3503 5315 penesire.
3554 5251 3714 5320 Quod

2122 5321 2488 5391 pulcherrima
2515 5331 2923 5399 comparatione
2945 5344 3301 5394 monstratum
3323 5348 3429 5397 est.
3456 5340 3592 5399 Nam
3618 5344 3715 5415 qui

2122 5424 2242 5472 ante
2278 5418 2442 5474 lucem
2476 5423 2660 5494 surgit,
2685 5424 2861 5481 adhuc
2887 5426 2941 5484 in
2968 5429 3212 5487 tenebris
3239 5433 3501 5503 ambulat,
3526 5446 3581 5492 et
3611 5438 3717 5493 iter

2120 5523 2280 5565 suum
2309 5520 2527 5582 propter
2547 5518 2937 5575 obscuritatem
2962 5523 3137 5578 noctis
3161 5524 3418 5594 expedire
3437 5542 3547 5584 non
3569 5544 3716 5599 pra:-

2122 5602 2295 5661 valet:
2329 5604 2407 5659 sic
2449 5614 2504 5661 ct
2544 5607 2620 5661 illi
2662 5619 2786 5665 sunt
2811 5613 2899 5681 qui
2941 5611 3029 5669 hic
3066 5613 3263 5685 degere
3287 5617 3391 5673 sub
3418 5622 3717 5678 securitate

2122 5694 2475 5763 contendunt,
2502 5706 2788 5771 antequam
2834 5705 3248 5763 resurrectionis
3287 5709 3479 5780 gaudia
3520 5725 3719 5767 conse-

2121 5796 2375 5854 quantur.
2404 5788 2609 5857 Quibus
2645 5793 2841 5850 dicitur
2866 5813 2881 5851 :
2908 5795 3117 5868 Surgite
3154 5808 3425 5869 postquam
3453 5802 3711 5871 sederitis,

2124 5876 2179 5936 id
2207 5885 2291 5938 est
2318 5881 2469 5949 prius
2497 5881 2925 5946 humiliationem
2967 5890 3253 5965 sustinete,
3286 5900 3338 5950 et
3375 5903 3493 5965 post
3521 5908 3711 5953 ascen-
