4032 6340
335 407 437 470 929

1249 406 1604 468 EXPOSITIO
1639 405 1704 464 IN
1745 406 2199 466 PSALTERIUM.
2239 405 2434 467 PSAL.
2474 406 2706 465 CXXVI.

3511 409 3612 466 930

332 539 454 582 sum
501 520 720 593 praemia
765 521 990 592 qucerite
1023 520 1365 592 gaudiorum.
1420 524 1518 580 llic
1560 525 1703 580 enim
1752 523 1922 579 sessio
1947 527 2004 590 Α
2028 524 2223 595 cimus,
2245 535 2298 582 et
2318 527 2524 582 animas
2547 539 2926 583 conversorum
2949 527 3155 584 lucrum
3175 526 3608 602 [ed.,lucratum]

335 614 690 671 humilitatem
722 611 1020 681 signiﬁcat,
1053 627 1159 667 non
1191 611 1479 668 honorem.
1511 613 1665 678 Quod
1696 612 1775 669 sic
1802 628 1924 669 esse

333 703 662 763 omnimodis
727 702 1074 758 sentiendum
1132 719 1366 773 sequens
1416 719 1607 760 versus
1664 703 1919 760 ostendit.

335 800 467 854 Nam
501 805 558 850 ut
587 796 774 865 capitis
812 793 988 850 nostri
1015 794 1356 851 evidentibus
1384 797 1714 852 instruamur
1741 810 1924 852 exem-

337 894 459 964 plis,
485 890 624 946 sedit
658 887 872 958 quando
902 887 1047 942 dixit
1072 905 1084 941 :
1113 885 1295 943 Tristis
1325 897 1398 942 est
1427 889 1599 943 anima
1625 905 1735 942 mea
1765 903 1926 957 usque

335 987 400 1037 ml
430 993 643 1037 mortem
673 981 890 1053 (Matth.
916 995 1060 1046 xxvr,
1089 979 1204 1050 38).
1234 980 1480 1036 Surrexit
1505 995 1625 1036 cum
1648 982 1758 1035 ait:
1786 978 1924 1034 Data

339 1085 406 1131 est
432 1074 556 1129 mihi
583 1074 746 1128 omnis
767 1081 988 1144 potestas
1009 1073 1063 1126 in
1091 1072 1216 1126 caelo
1241 1085 1288 1127 et
1316 1073 1372 1126 in
1392 1082 1524 1128 terra
1549 1071 1713 1142 (Ibid.
1732 1086 1924 1137 xxvm,

337 1166 447 1234 18).
474 1165 690 1235 Legitur
719 1171 773 1218 et
803 1163 854 1217 in
887 1162 1052 1228 bono,
1075 1163 1412 1228 ante-lucem;
1441 1171 1499 1218 ut
1526 1162 1788 1218 Jeremias
1816 1163 1924 1219 ait:

338 1255 452 1329 Ego
496 1265 664 1310 autem
705 1255 902 1310 locutus
949 1271 1061 1308 sum
1100 1253 1168 1307 ad
1211 1271 1299 1309 vos
1347 1263 1466 1308 ante
1511 1255 1707 1320 lucem,
1741 1263 1924 1309 etnon

336 1351 550 1404 audistis
590 1365 685 1403 me.
729 1347 798 1402 Et
826 1349 941 1403 misi
969 1349 1038 1402 ad
1066 1366 1152 1403 vos
1197 1365 1374 1403 omnes
1413 1364 1582 1404 servos
1622 1364 1759 1402 meos
1806 1364 1927 1418 pro-

338 1445 517 1516 phetas
565 1450 682 1498 ante
727 1442 926 1509 lucem,
959 1443 1133 1499 dicens
1157 1461 1175 1498 :
1202 1441 1528 1498 Revertimini
1581 1444 1926 1513 unusquisque

337 1554 371 1590 a
395 1538 476 1591 uia
513 1552 610 1591 sua
656 1535 888 1606 maligna
917 1535 1055 1607 (Jer.
1109 1551 1202 1601 vn,
1233 1535 1331 1600 i3,
1362 1535 1479 1606 25).
1524 1535 1632 1591 Sed
1663 1536 1710 1590 si
1757 1536 1927 1591 aciem

337 1628 534 1684 mentis
557 1625 827 1694 intendas,
858 1635 1085 1696 uterque
1111 1625 1180 1681 de
1206 1625 1426 1681 Christo
1450 1626 1706 1697 loquitur,
1739 1640 1927 1696 quam-

339 1721 420 1776 vis
450 1719 694 1774 videatur
733 1731 854 1774 esse
889 1717 1142 1774 divisum.
1193 1717 1439 1774 Praesens
1475 1716 1621 1773 enim
1664 1718 1923 1786 psalmus,

339 1821 458 1866 ante
485 1813 670 1874 lucem,
699 1811 754 1865 id
801 1820 886 1866 est
914 1818 1038 1866 ante
1066 1809 1361 1866 secundum
1390 1808 1680 1865 adventurm
1710 1808 1926 1866 Domini

339 1905 470 1961 nihil
495 1904 810 1976 gaudiorum
841 1903 973 1959 dicit
1011 1917 1135 1959 esse
1172 1903 1632 1976 praesumendum.
1667 1901 1927 1960 Jeremias
1954 1901 2004 1964 B

342 2011 492 2062 vero,
538 2007 654 2052 ante
709 1997 896 2066 lucem,
947 1996 1002 2052 id
1049 2004 1136 2052 est
1176 2007 1300 2053 ante
1350 1995 1582 2068 primum
1637 1994 1928 2050 adventum

339 2088 541 2146 Christi
582 2091 808 2161 populos
833 2098 1142 2145 commonet
1171 2104 1200 2145 a
1225 2091 1488 2160 pravitate
1514 2087 1834 2144 discedere:
1860 2102 1930 2145 ne

343 2183 554 2254 possint
589 2183 642 2237 in
683 2182 939 2240 tortuosis
989 2181 1270 2238 itineribus
1323 2181 1573 2237 inveniri.
1628 2180 1722 2237 Sic
1768 2180 1931 2237 ambo

344 2274 618 2346 pr0pheta3
643 2275 927 2330 adventum
953 2274 1166 2331 Domini
1192 2284 1481 2345 utrumque
1509 2275 1816 2345 tetigerunt.

419 2367 573 2423 Vcrs.
606 2368 661 2422 4.
713 2365 812 2433 Qui
850 2368 1170 2423 manducatis
1205 2383 1388 2439 panem
1432 2367 1627 2422 doloris
1650 2384 1668 2422 :
1691 2383 1805 2421 cum
1836 2368 1928 2420 de-

342 2460 474 2515 derit
501 2461 699 2516 difectis
727 2461 833 2516 suis
862 2476 1115 2516 somnum.
1160 2460 1460 2517 Declaravit
1486 2461 1678 2532 quibus
1701 2459 1926 2515 dixerit:

342 2549 409 2606 In
436 2567 621 2606 vanum
647 2551 784 2606 vobis
821 2561 893 2608 est
939 2561 1056 2607 ante
1095 2553 1257 2606 lucem
1293 2568 1518 2623 surgere,
1547 2551 1784 2622 quando,
1813 2552 1931 2621 ipso

342 2651 503 2714 teste,
523 2659 707 2714 panem
737 2643 928 2698 doloris
959 2643 1181 2714 perfecti
1204 2643 1494 2700 comedunt
1521 2642 1838 2711 Christiani,
1861 2645 1930 2702 de

341 2739 535 2811 quibus
555 2739 690 2795 alius
718 2738 960 2810 psalmus
987 2739 1062 2794 ait
1089 2756 1102 2792 :
1127 2737 1360 2794 Fuerunt
1386 2739 1510 2794 mihi
1539 2739 1780 2809 lacrymar
1808 2755 1932 2794 mea:

340 2849 498 2904 panes
520 2833 604 2888 die
627 2849 689 2887 ac
718 2842 862 2888 nocte
893 2832 1066 2903 (Psal.
1098 2849 1214 2901 XLI,
1245 2834 1322 2902 4).
1340 2832 1407 2888 Et
1428 2832 1551 2888 alibi
1576 2849 1589 2886 :
1613 2832 1812 2888 Cibabis
1839 2849 1932 2888 nos

341 2941 476 2995 pune
503 2925 869 2996 lacrymarum,
898 2932 947 2979 el
974 2933 1150 2994 potum
1180 2923 1322 2978 dabis
1352 2923 1496 2978 nobis
1524 2924 1579 2977 in
1607 2922 1849 2993 lacrymis
1878 2925 1932 2977 in

341 3032 583 3071 mensura
612 3014 784 3087 (Psal.
831 3030 1015 3084 usis,
1045 3013 1126 3085 6).
1176 3014 1382 3082 Quibus
1411 3028 1596 3069 revera
1625 3015 1742 3084 ipse
1779 3014 1933 3070 dolor

299 3119 302 3122 '
344 3110 500 3178 panis
519 3118 622 3175 est,
649 3123 772 3165 cum
801 3123 861 3166 se
890 3108 957 3164 de
987 3107 1277 3164 afﬂictione
1305 3108 1573 3177 reﬁciunt,
1605 3107 1750 3164 etde
1779 3123 1933 3164 mun-

345 3201 480 3257 dana
524 3202 738 3258 tristitia
783 3199 1150 3257 consolantur.
1199 3198 1363 3253 Panis
1407 3199 1550 3254 enim
1590 3199 1822 3269 pertinet
1863 3199 1930 3254 ad

343 3294 754 3364 nutrimentum,
788 3293 933 3364 quod
957 3293 1010 3347 in
1036 3292 1124 3348 illa
1154 3291 1388 3362 puritate
1412 3291 1695 3362 contingit,
1718 3290 1932 3360 quando
1960 3284 2007 3348 C

343 3387 527 3443 ﬁdeles
568 3387 670 3443 sibi
712 3385 828 3442 dari
874 3400 1060 3455 poenas
1089 3400 1198 3441 non
1227 3384 1295 3440 ad
1325 3385 1601 3440 interitum
1641 3384 1931 3453 aestimant,

343 3481 438 3536 sed
485 3480 554 3536 ad
593 3480 846 3537 salutem.
877 3479 1131 3549 Sequitur
1161 3478 1378 3550 quando
1416 3477 1649 3534 debeant
1687 3491 1935 3548 surgere,

341 3574 432 3643 qui
482 3574 631 3642 prius
667 3572 805 3643 jussi
849 3580 976 3628 sunt
1022 3573 1243 3640 sedere;
1288 3573 1384 3628 illo
1431 3573 1640 3628 scilicet
1688 3580 1935 3641 tempore

342 3679 463 3722 cum
510 3667 691 3723 ﬁdeles
736 3665 1104 3736 suscipiuntur
1150 3667 1203 3721 in
1245 3665 1510 3735 requiem,
1550 3665 1743 3734 quibus
1783 3678 1932 3738 mors

345 3775 566 3816 somnus
608 3770 722 3827 est,
754 3770 809 3816 et
859 3775 1050 3816 secura
1100 3759 1364 3829 pausatio.
1417 3757 1606 3812 Dilecti
1653 3759 1796 3813 enim
1841 3757 1937 3813 Dei

344 3860 468 3906 sunt
498 3849 590 3921 qui
626 3865 750 3906 eum
771 3849 933 3903 nimia
961 3848 1222 3904 charitate
1245 3848 1578 3919 perquirunt.
1604 3847 1711 3904 Sed
1737 3855 1935 3917 quanta

345 3943 454 3998 illis
481 3950 824 4014 praestantur,
855 3941 980 3998 hinc
1009 3949 1187 4011 potest
1225 3940 1484 4012 intelligi,
1516 3948 1574 3996 ut
1600 3939 1709 3995 tale
1735 3953 1938 3995 nomen

346 4036 684 4106 acceperint;
717 4049 840 4089 nam
863 4034 955 4105 qui
978 4033 1191 4088 dilectus
1222 4033 1318 4090 Dei
1346 4033 1565 4100 dicitur,
1591 4042 1795 4090 aeterna
1820 4032 1938 4089 sine

347 4127 508 4184 dubio
537 4127 893 4199 prosperitate
919 4126 1244 4182 cumulatur.
1870 4165 1875 4174 .
1925 4146 1929 4187 ;

417 4221 572 4278 Vers.
599 4222 654 4277 5.
687 4221 816 4277 Ecce
841 4221 1112 4276 hceredilas
1132 4218 1363 4289 Domini,
1390 4220 1505 4288 ﬁlii,
1529 4235 1715 4275 merces
1739 4220 1938 4289 fructus

345 4317 552 4371 ventris.
595 4315 664 4374 Ut
690 4315 998 4372 ostenderet
1028 4329 1088 4370 se
1117 4314 1378 4385 propheta
1410 4314 1477 4369 de
1505 4314 1753 4370 ﬁdelibus
1781 4313 1940 4371 Chri-

347 4409 417 4464 sti
447 4407 723 4478 superiora
751 4407 974 4474 dixisse,
1007 4406 1154 4462 venit
1189 4406 1256 4462 ad
1286 4405 1580 4462 secundum
1613 4406 1851 4472 modum,
1883 4405 1938 4462 in

347 4507 579 4577 quojam
605 4507 940 4562 demonstrat
965 4506 1140 4576 ipsum
1165 4506 1450 4561 Dominum
1475 4503 1772 4560 Christum.
1801 4505 1939 4562 Dicit

348 4601 492 4656 enim
519 4617 531 4653 :
559 4598 692 4662 Ecce
721 4599 991 4655 Iusreditas
1021 4598 1266 4664 Domini,
1299 4597 1391 4654 ﬁlii
1421 4598 1628 4654 scilicet
1650 4598 1934 4667 Ecclesiae,

349 4707 417 4748 ex
442 4707 579 4758 aqua
608 4700 663 4748 et
689 4691 893 4763 Spiritu
919 4701 1105 4748 sancto
1129 4690 1388 4763 generati,
1408 4689 1498 4762 qui
1526 4690 1794 4746 him-editas
1824 4688 1936 4745 Do-

349 4786 474 4839 mini
498 4799 617 4841 csse
647 4792 961 4840 noscuntur.
995 4784 1063 4839 Et
1089 4785 1179 4855 qui
1205 4785 1313 4840 sint
1333 4784 1420 4840 isti
1445 4783 1565 4852 ﬁlii,
1597 4797 1937 4853 consequen-

350 4886 434 4933 ter
454 4877 774 4948 exponitur:
803 4875 997 4931 Merces
1043 4877 1241 4946 [ructus
1270 4877 1481 4934 ventris.
1529 4875 1697 4946 Hujus
1743 4876 1938 4946 fructus

348 4969 554 5035 ventris,
576 4968 630 5023 id
655 4976 739 5023 est
766 4968 906 5023 uteri
929 4968 1202 5038 virginalis
1224 4979 1427 5040 partus,
1446 4985 1633 5024 merces
1655 4977 1736 5026 est
1761 4968 1937 5025 omnis

349 5064 469 5132 ejus
498 5060 790 5127 hereditas,
818 5074 938 5131 quae
985 5074 1272 5132 resurgens
1319 5062 1372 5118 in
1408 5063 1668 5119 etelorum
1716 5076 1934 5134 posses-

348 5157 555 5210 sionem
602 5153 852 5220 mittitur,
885 5160 942 5209 et
983 5162 1186 5210 aeterna
1232 5169 1355 5210 cum
1403 5155 1633 5212 Domino
1678 5155 1936 5212 felicitate

349 5245 623 5318 gaudebit.
649 5245 850 5300 Merces
876 5244 1021 5302 enim
1044 5245 1361 5302 humanitati
1391 5249 1601 5304 reddita
1628 5249 1843 5317 dicitur,
1869 5248 1937 5306 de

349 5353 454 5410 qua
483 5347 537 5395 et
559 5337 826 5395 secundus
877 5339 1111 5409 psalmus
1159 5341 1267 5395 ait:
1294 5338 1512 5395 Postula
1539 5358 1572 5394 a
1598 5358 1695 5406 me,
1729 5351 1775 5397 et
1805 5342 1936 5397 dabo

350 5434 439 5488 tibi
459 5442 631 5506 gentes
651 5432 998 5489 hareditatem
1020 5442 1160 5486 luant
1181 5431 1352 5503 (Psal.
1379 5447 1436 5499 it,
1461 5433 1536 5502 8).
1563 5433 1628 5488 Et
1650 5435 1934 5503 Apostolus

349 5526 477 5581 dicit
504 5535 623 5595 post
651 5525 790 5580 alia:
818 5523 1039 5595 PrOpter
1072 5523 1208 5596 quod
1256 5523 1494 5578 exultavit
1520 5525 1670 5578 illum
1700 5525 1860 5593 Deus,
1887 5535 1935 5582 et

351 5617 492 5673 dedit
521 5617 602 5671 illi
633 5634 836 5686 nomen,
868 5618 1002 5688 quod
1049 5625 1121 5672 est
1149 5632 1302 5688 super
1331 5631 1475 5670 omne
1504 5630 1685 5670 nomen
1713 5615 1933 5688 (Philip.

350 5725 408 5776 ιι,
442 5709 523 5781 9).
573 5708 842 5766 Caeterum
890 5710 1142 5765 divinitas
1195 5709 1312 5779 ejus
1360 5707 1494 5764 nihil
1540 5707 1749 5776 accepit
1794 5709 1935 5764 unde

351 5812 640 5871 cresceret,
670 5801 766 5858 sed
797 5801 997 5858 mundo
1033 5800 1262 5858 contulit
1293 5800 1434 5858 unde
1465 5798 1762 5870 periculum
1789 5814 1934 5855 mor-

356 5898 425 5958 tis
453 5897 725 5957 evaderet.
772 5896 865 5971 Sic
891 5897 1035 5957 enim
1064 5905 1118 5956 et
1145 5897 1400 5969 populum
1446 5892 1814 5968 acquisitionis
1841 5893 1940 5969 ⁵ἀί·

2029 632 2150 674 esse
2213 619 2559 689 proﬁtemur;
2608 626 2666 673 ut
2717 620 2911 675 eodem
2980 620 3141 676 modo
3195 630 3252 676 et
3303 620 3609 676 mercedem

2030 712 2272 782 recipere
2299 713 2528 779 dicatur,
2560 727 2720 783 quam
2763 714 3050 783 aliquando
3094 715 3408 785 acquisiisse
3450 724 3613 770 testa-

2031 822 2169 860 mur.
2210 806 2316 861 lsta
2363 807 2506 874 enim
2557 816 2610 862 et
2666 806 2750 861 his
2797 808 2992 863 similia
3043 809 3428 865 convenienter
3471 810 3614 864 acci-

2028 896 2244 968 piuntur
2270 898 2336 952 ab
2363 897 2450 953 illa
2491 906 2638 968 parte
2667 913 2770 968 qua
2799 912 2985 969 passus
3011 908 3114 956 est.

2104 1007 2252 1063 Vers.
2285 1008 2339 1063 6.
2388 1007 2538 1062 Sicut
2567 1009 2764 1080 sagitta:
2795 1010 2847 1063 in
2878 1026 3033 1064 manu
3063 1013 3310 1081 potentis,
3341 1011 3413 1064 ita
3444 1020 3488 1066 et
3518 1012 3616 1080 ﬁlii

2028 1115 2372 1154 eacussorum.
2425 1100 2631 1171 Sagitta
2665 1101 2826 1156 telum
2863 1111 2976 1172 est,
3006 1119 3126 1173 qua:
3151 1113 3206 1158 et
3234 1105 3344 1159 cito
3374 1106 3619 1174 pervenit

2033 1191 2102 1246 ad
2133 1191 2431 1260 destinata,
2463 1201 2518 1247 et
2565 1193 2811 1262 pervolat
2857 1195 3078 1250 omnino
3125 1196 3442 1252 rectissima.
3492 1198 3618 1254 llaec

2027 1284 2241 1354 quando
2269 1284 2542 1355 egreditur
2569 1285 2636 1341 de
2665 1302 2824 1340 manu
2848 1289 3087 1358 potentis,
3112 1299 3166 1344 et
3188 1305 3378 1360 magna
3412 1291 3614 1346 veloci-

2029 1382 2138 1429 tate
2181 1373 2452 1442 discurrit,
2483 1383 2538 1431 et
2564 1377 2801 1446 appetita
2833 1378 3082 1446 percutit.
3113 1378 3229 1434 Non
3257 1381 3399 1436 enim
3434 1393 3614 1452 potens

2029 1475 2113 1522 est
2140 1465 2229 1521 ille
2257 1466 2348 1537 qui
2377 1467 2578 1538 dirigit,
2611 1466 2659 1522 si
2689 1468 2896 1538 sagittte
2942 1485 3130 1526 cursus
3159 1473 3442 1528 erraverit.
3473 1473 3617 1539 Qua-

2028 1567 2250 1628 propter
2293 1558 2534 1614 additum
2579 1568 2684 1627 est,
2714 1561 2777 1615 de
2815 1578 2971 1616 manu
3013 1566 3263 1633 potentis,
3295 1575 3354 1620 ut
3401 1580 3501 1622 nec
3545 1567 3614 1624 de

2029 1649 2223 1705 elfectu
2273 1650 2570 1718 dubitares,
2602 1666 2704 1708 nec
2747 1653 2815 1708 de
2862 1654 3139 1710 celeritate
3183 1656 3477 1715 difﬁderes.
3522 1659 3618 1716 llis

2029 1741 2168 1797 bene
2195 1744 2422 1812 apostoli
2453 1755 2868 1816 comparantur,
2912 1747 3037 1818 quia
3084 1749 3151 1805 de
3192 1766 3346 1804 manu
3376 1755 3612 1821 potentis,

2030 1832 2084 1887 id
2110 1841 2190 1888 est
2216 1833 2431 1889 Domini
2461 1834 2760 1892 Salvatoris
2787 1839 3121 1908 transmissi,
3154 1840 3403 1898 celeriter
3428 1845 3495 1899 ad
3521 1845 3617 1902 de-

2030 1926 2227 1980 stinata
2263 1925 2503 1996 perducti
2531 1936 2678 1994 sunt,
2709 1937 2762 1984 et
2781 1929 2932 1999 jussa
2976 1930 3205 1988 ﬁdeliter
3232 1933 3614 2003 impleverunt.

2029 2017 2164 2073 Nam
2205 2026 2264 2073 ut
2310 2019 2411 2075 hoc
2455 2019 2733 2076 evidenter
2779 2021 3124 2091 adverteres,
3155 2025 3420 2095 sequitur,
3452 2028 3522 2081 ita
3570 2038 3620 2097 et

2029 2112 2129 2181 ﬁlii
2149 2128 2494 2170 excussorum.
2526 2113 2838 2170 Excussares
2869 2125 3017 2172 recte
3045 2117 3273 2173 dicimus
3298 2121 3612 2189 prophetas,

2030 2205 2122 2275 qui
2163 2207 2457 2276 penetralia
2485 2207 2699 2263 Domini
2727 2210 3119 2280 perquirentes,
3151 2212 3614 2282 prophetaverunt

2030 2297 2242 2366 populis
2269 2297 2533 2368 stupenda
2561 2300 2834 2354 miracula.
2863 2300 3132 2358 Excutere
3152 2303 3294 2357 enim
3318 2311 3400 2358 est
3422 2313 3622 2361 tectum

2031 2387 2236 2457 aliquid
2271 2389 2572 2459 inquirere,
2605 2390 2888 2461 palamque
2938 2392 3143 2458 facere;
3174 2395 3315 2465 quod
3348 2396 3452 2450 illis
3481 2397 3623 2453 acci-

2033 2481 2177 2538 disse
2218 2497 2326 2537 non
2355 2483 2573 2538 dubium
2616 2492 2719 2550 est,
2747 2485 2838 2554 qui
2869 2485 2974 2540 vita
3003 2487 3266 2556 probabili
3309 2498 3622 2545 meruerunt

2031 2573 2204 2629 sancti
2236 2574 2450 2628 luminis
2475 2575 2702 2631 veritate
2730 2577 3012 2646 compleri.
3043 2578 3272 2634 Istorum
3303 2579 3404 2649 ﬁlii
3428 2582 3622 2637 merito

2033 2663 2281 2720 dicuntur
2326 2666 2572 2736 apostoli,
2600 2682 2827 2736 quorum
2876 2669 3261 2738 praedicatione
3307 2671 3616 2738 credentes,

2035 2770 2222 2811 eorum
2255 2758 2654 2826 quodammodo
2703 2758 2808 2814 ﬁde
2847 2761 3086 2829 generati
3117 2771 3261 2817 sunt.
3306 2762 3435 2817 Nam
3461 2777 3624 2834 gene-

2035 2850 2296 2905 rationem
2345 2851 2628 2920 quamdam
2678 2865 2746 2905 ex
2792 2851 3035 2907 doctrina
3074 2855 3402 2910 descendere
3431 2854 3622 2911 beatus

2034 2942 2229 2998 Paulus
2272 2943 2518 2999 absolute
2561 2953 2802 3012 testatur,
2852 2945 3036 3002 dicens
3072 2963 3086 3002 :
3126 2947 3305 3002 Iv‘ilioli
3352 2949 3624 3020 mei,quos

2033 3039 2216 3093 iterum
2266 3039 2532 3110 parturio,
2579 3039 2738 3093 donec
2793 3039 3040 3108 formetur
3090 3040 3326 3096 Christus
3376 3044 3430 3095 in
3481 3041 3624 3099 vobis

2035 3128 2178 3202 (Gal.
2221 3145 2297 3196 tv,
2340 3129 2464 3200 l9);
2497 3138 2553 3185 et
2594 3129 2718 3185 alibi
2759 3147 2771 3184 :
2814 3130 2954 3185 Nam
3006 3133 3060 3186 in
3104 3131 3309 3188 Christo
3357 3131 3482 3188 Jesu
3529 3148 3621 3205 per

2036 3222 2372 3294 Evangelium
2400 3240 2492 3294 ego
2520 3239 2604 3279 vos
2629 3225 2784 3296 genui
2809 3223 2861 3296 (1
2889 3223 3010 3279 Cor.
3045 3241 3123 3294 tv,
3156 3225 3267 3295 l5).

2108 3357 2268 3430 443
2306 3359 2463 3414 Vcrs.
2495 3360 2548 3414 7.
2594 3358 2780 3415 Beatus
2810 3361 2884 3414 vir
2927 3361 3014 3431 qui
3057 3361 3283 3431 implevit
3315 3363 3621 3417 desiderium

2038 3466 2185 3504 suum
2213 3467 2275 3504 ea:
2299 3451 2446 3520 ipsis.
2480 3451 2842 3507 Excussorum
2872 3453 2988 3520 lilii,
3011 3453 3062 3507 id
3091 3462 3174 3508 est
3203 3453 3451 3519 apostoli,
3478 3453 3624 3508 desi-

2039 3541 2247 3597 derium
2271 3542 2399 3596 illud
2429 3541 2747 3610 habuerunt,
2781 3553 2837 3598 ut
2861 3545 3094 3600 serviret
3135 3544 3364 3598 Domino
3393 3545 3622 3599 credens

2041 3634 2266 3702 populus
2317 3633 2670 3690 Christianus.
2729 3635 2838 3692 Hos
2889 3651 3016 3708 ergo
3068 3638 3240 3691 beatos
3288 3637 3446 3704 dicit,
3495 3652 3617 3692 cum

2041 3741 2224 3781 eorum
2248 3726 2399 3782 labor
2420 3727 2486 3782 ad
2509 3727 2742 3794 gloriosa
2771 3737 2892 3782 vota
2926 3729 3265 3798 pervenerit;
3293 3730 3406 3784 sive
3429 3729 3620 3799 magis,

2040 3819 2289 3890 quoniam
2322 3820 2422 3889 ipsi
2459 3818 2900 3876 desideraverunt
2943 3821 3077 3877 atria
3120 3821 3331 3875 Domini
3361 3821 3620 3876 festinan-

2041 3920 2122 3967 ter
2153 3912 2372 3978 intrare,
2403 3912 2852 3981 quemadmodum
2895 3912 2948 3966 in
2991 3911 3400 3982 quadragesimo
3447 3913 3624 3982 primo

2041 4005 2250 4076 psalmo
2293 4005 2405 4074 jam
2445 4005 2648 4060 dictum
2695 4012 2778 4060 est
2805 4023 2817 4056 :
2843 4004 2991 4060 Sicut
3043 4006 3295 4058 desiderat
3340 4020 3516 4058 cervus
3557 4005 3627 4058 ad

2043 4104 2207 4168 fontes
2250 4114 2522 4169 aquarum,
2550 4099 2625 4153 ita
2651 4097 2907 4152 desiderat
2936 4099 3108 4152 anima
3144 4113 3256 4151 mea
3292 4097 3361 4150 ad
3387 4105 3456 4164 te,
3487 4096 3628 4152 Deus

2043 4192 2216 4262 (Psal.
2248 4209 2360 4260 xu,
2392 4193 2472 4263 2).
2524 4193 2612 4248 Sic
2642 4199 2698 4247 et
2724 4190 3014 4261 Apostolus
3041 4191 3158 4260 ipso
3186 4189 3452 4246 desiderio
3477 4189 3628 4245 ﬁam-

2042 4286 2287 4342 mabatur
2333 4301 2456 4342 cum
2498 4285 2702 4343 diceret
2749 4302 2761 4337 :
2805 4282 2968 4355 Cupio
3014 4283 3219 4339 dissolvi
3261 4294 3308 4337 et
3365 4299 3476 4338 esse
3511 4298 3627 4336 cum

2045 4377 2248 4433 Christo
2295 4377 2524 4450 (Philip.
2559 4392 2594 4444 ι,
2648 4377 2776 4449 25).
2826 4375 3162 4446 Quapropter
3207 4384 3290 4432 ter
3333 4384 3629 4447 quaterque

2045 4470 2176 4525 beati
2209 4478 2331 4525 sunt
2375 4469 2466 4539 qui
2511 4467 2795 4538 pervenire
2838 4468 2904 4520 ad
2951 4467 3074 4522 talia
3125 4474 3245 4522 vota
3294 4472 3627 4521 meruerunt.

2045 4562 2199 4628 Quod
2230 4572 2409 4618 tamen
2437 4562 2746 4617 desiderium
2779 4575 2884 4615 non
2914 4567 2996 4615 est
3026 4560 3256 4614 humana
3288 4556 3627 4613 festinatione

1963 4640 2020 4703 Ῑ)
2044 4658 2402 4727 completum;
2434 4655 2530 4712 sed
2575 4655 2666 4711 ille
2706 4652 2942 4710 concitat
2970 4651 3074 4708 tale
3099 4660 3306 4717 votum,
3336 4649 3427 4720 qui
3457 4648 3625 4704 donat

2042 4749 2287 4806 elTectum
2299 4789 2311 4805 .

2116 4864 2270 4920 Vers.
2301 4864 2354 4920 8.
2389 4863 2512 4919 Non
2543 4863 2920 4933 confundentur
2958 4876 3073 4915 cum
3111 4860 3379 4931 loquentur
3404 4856 3627 4912 inimicis

2041 4956 2148 5010 suis
2175 4956 2229 5009 in
2268 4964 2436 5023 porta.
2471 4954 2535 5009 Et
2562 4954 2665 5008 hoc
2694 4953 2759 5008 ad
2790 4951 2933 5007 ﬁlios
2975 4950 3212 5022 pertinet
3251 4961 3626 5014 excussorum,

2041 5048 2131 5119 qui
2162 5046 2345 5103 mundi
2386 5047 2648 5103 terminos
2692 5045 2894 5102 sanctis
2943 5041 3410 5114 praedicationibus
3439 5041 3627 5112 imple-

2042 5151 2256 5200 verunt.
2288 5140 2451 5196 Porta
2493 5155 2625 5198 vero
2671 5140 2904 5196 civitatis
2946 5136 3245 5194 Jerusalem
3277 5134 3519 5192 Christus
3546 5141 3629 5190 est

2042 5238 2323 5308 Dominus,
2352 5236 2491 5293 sicut
2538 5235 2655 5306 ipse
2696 5233 2862 5290 dicit:
2887 5231 3002 5304 Ego
3039 5248 3149 5286 sum
3168 5234 3333 5304 janua
3360 5228 3538 5302 (Joan.
3569 5244 3625 5296 ι,

2042 5330 2122 5399 9).
2166 5329 2224 5386 ln
2272 5329 2386 5400 ipsa
2432 5327 2574 5384 enim
2624 5326 2890 5398 loquitur,
2931 5325 3021 5396 qui
3066 5333 3215 5381 recte
3262 5323 3514 5394 praedicat
3558 5321 3629 5378 de

2043 5423 2272 5479 Domino
2324 5422 2633 5489 Salvatore,
2689 5430 2744 5475 ut
2791 5434 2886 5490 per
2935 5418 3052 5490 ejus
3101 5417 3422 5487 baptismum
3467 5423 3628 5483 atque

2043 5516 2412 5587 paenitentiam
2435 5516 2792 5581 introeuntes,
2817 5513 3078 5569 ccelorum
3107 5526 3271 5582 regna
3295 5509 3621 5582 possideant.

2042 5611 2148 5670 Sed
2196 5622 2249 5668 et
2300 5611 2428 5666 illud
2473 5611 2916 5681 perscrutandum
2968 5617 3051 5664 est
3099 5620 3266 5678 quare
3309 5603 3429 5658 talis
3478 5601 3628 5656 locus

2042 5706 2483 5776 prmdicatoribus
2513 5716 2596 5761 est
2620 5706 2855 5770 electus;
2889 5703 3092 5758 scilicet
3119 5711 3177 5756 ut
3201 5699 3293 5770 qui
3323 5713 3428 5753 non
3455 5693 3627 5751 credit

2043 5810 2216 5867 exeat,
2241 5801 2332 5872 qui
2387 5799 2686 5868 acquiescit
2732 5797 2985 5852 introeat.
3018 5793 3131 5849 Tali
3171 5807 3302 5863 ergo
3343 5791 3459 5846 loco
3507 5786 3629 5858 pius

2042 5892 2360 5966 praedicator
2379 5898 2432 5948 et
2454 5889 2699 5947 inﬁdeles
2727 5888 2878 5946 exire
2902 5885 3055 5956 facit,
3076 5891 3131 5943 et
3153 5883 3375 5943 devotos
3401 5877 3626 5943 introire
