4032 6340
416 4925 438 5112 l

505 270 602 333 9'5i
1299 219 1304 224 1
1725 265 1796 329 Μ.
1840 267 2079 329 AURELl

2184 265 2560 328 :Assmnont
2879 226 2884 230 ’
2993 227 2998 230 ’
3311 339 3320 342 _
3595 339 3602 346 _
3678 272 3790 335 ass

502 386 796 462 permittit;
825 388 940 446 sive
984 385 1106 459 quia
1155 384 1368 458 publica
1408 397 1513 442 vos
1551 390 1651 452 est,
1680 399 1802 455 quat
1839 385 1892 442 in
1939 393 2090 456 porta
2117 385 2170 450 Α
2195 398 2382 444 amore
2411 383 2710 458 descendit,
2734 391 2799 444 es
2821 377 3084 440 cbaritate
3109 380 3372 454 nascitur,
3397 398 3467 442 ex
3494 385 3792 445 dulcedine

503 481 754 556 loquitur,
780 481 907 552 dum
936 498 965 550 a
994 479 1428 550 commeantibus
1468 493 1682 550 semper
1709 480 1943 540 auditur.

1035 596 1307 653 Conclusio
1357 597 1570 666 psalmi.

581 713 748 785 Quam
773 713 911 771 bene
937 713 989 767 in
1020 711 1188 768 altum
1216 727 1386 782 usque
1411 710 1478 766 ad
1507 725 1695 767 verum
1725 709 1904 767 Solem
1936 709 2092 783 quasi

509 807 659 867 Elias
686 808 824 864 alter
853 805 1119 871 ascendit,
1146 822 1248 861 non
1282 817 1440 860 curru
1473 803 1630 874 igneo
1661 803 1969 867 subvectus,
1997 801 2093 858 sed

508 901 768 958 virtutum
796 899 1051 970 gradibus
1081 897 1322 954 elevatus
1341 939 1357 964 ,
1410 911 1508 952 nec
1536 910 1697 952 auras
1723 906 1870 951 motu
1901 910 2093 964 corpo-

511 996 589 1052 ris
615 1007 865 1064 carpens,
896 993 992 1048 sed
1023 994 1202 1050 animo
1228 999 1470 1046 sanctum
1515 991 1728 1046 culmen
1757 989 2090 1046 ascendens!

509 1086 691 1143 Gloria
721 1085 950 1142 Domino
978 1084 1264 1151 Salvatori,
1293 1083 1384 1154 qui
1415 1083 1469 1138 in
1496 1083 1668 1138 servis
1698 1083 1809 1137 suis
1835 1081 2094 1138 miracula

509 1176 720 1234 diversa
750 1179 1088 1233 monstravit.
1137 1177 1241 1232 lter
1273 1176 1458 1231 habuit
1487 1191 1593 1254 per
1622 1190 1746 1230 aera
1783 1175 1921 1230 illius
1950 1190 2094 1232 mor-

509 1268 620 1324 tale
669 1283 888 1339 corpus,
922 1268 1178 1338 propheta
1231 1279 1426 1326 terram
1467 1283 1573 1323 non
1605 1268 1862 1324 deserens
1897 1267 1963 1323 ad
2006 1283 2096 1324 su-

510 1373 679 1432 perna
705 1361 1040 1416 conscendit.
1091 1361 1361 1432 Rogemus
1388 1370 1446 1416 ut
1473 1361 1665 1431 pennis
1713 1362 2096 1417 misericordia

511 1468 626 1510 sum
656 1469 754 1510 nos
780 1455 1001 1521 evehat,
1029 1456 1122 1526 qui
1165 1456 1343 1511 carnis
1390 1455 1675 1525 fragilitate
1721 1455 2092 1526 deprimimur.

481 1559 484 1562 ’
511 1545 655 1604 Nihil
690 1548 762 1603 illi
789 1548 1010 1604 difficile
1041 1559 1144 1617 est,
1180 1550 1279 1604 nisi
1306 1564 1428 1605 cum
1461 1549 1586 1604 boni
1617 1549 1813 1620 aliquid
1861 1565 1966 1608 non
1999 1566 2097 1622 pu-

508 1648 654 1698 tatur
685 1659 842 1712 posse
872 1643 972 1699 hoc
1013 1644 1259 1714 implere.
1304 1645 1708 1701 Perscrutemur
1754 1661 1881 1716 ergo
1923 1647 2094 1702 seduli

507 1727 819 1803 Scriptus-as
844 1735 1050 1791 divinas
1076 1752 1091 1791 :
1118 1737 1462 1793 revolvamus
1492 1737 1660 1794 libros
1689 1737 1819 1793 Novi
1850 1749 1903 1794 et
1942 1739 2096 1796 Vete-

509 1829 587 1885 ris
617 1828 965 1896 'l‘estamenti,
995 1830 1041 1885 si
1073 1831 1170 1901 ﬁlii
1193 1845 1314 1887 esse
1359 1831 1610 1887 volumus
1637 1849 1992 1901 excussorum;
2022 1835 2091 1890 ibi

506 1920 650 1975 enim
679 1921 962 1978 Dominum
985 1924 1306 1996 reperimus,
1325 1923 1374 1978 si
1404 1925 1520 1982 htec
1544 1927 1814 1984 veraciter
1839 1937 2093 1986 excutere

483 2039 486 2042 ’
507 2026 834 2070 mereamur.

993 2116 1310 2190 PSALMUS
1349 2133 1605 2191 CXXVII.

1006 2222 1273 2282 Canticum
1315 2227 1587 2300 graduum.

579 2332 749 2402 Quam
788 2331 859 2396 sit
899 2336 1213 2407 magniﬁcus
1241 2354 1414 2400 nonus
1441 2340 1663 2412 gradus,
1690 2357 1944 2400 numerus
1974 2344 2090 2417 ipse

505 2426 766 2498 declarat,
797 2429 887 2502 qui
921 2430 1057 2486 trina
1109 2433 1469 2502 triplicatione
1517 2445 1814 2506 protentus,
1843 2449 2088 2495 sanctum

499 2521 659 2586 nobis
705 2521 983 2580 Trinitatis
1023 2523 1238 2582 culmen
1269 2527 1520 2582 ostendit.
1570 2527 1676 2585 Sed
1706 2545 1827 2588 cum
1856 2533 2088 2588 timorem

503 2611 718 2676 Domini
765 2614 1053 2688 legerimus
1098 2617 1300 2672 initium
1344 2621 1609 2692 sapientiae
1654 2607 1926 2693 (Ecclirt,
1964 2625 2084 2698 16),

501 2707 924 2780 perquirendnm
952 2720 1034 2766 est
1063 2724 1158 2766 cur
1185 2711 1445 2781 propheta
1492 2715 1546 2769 in
1578 2715 1667 2770 tali
1701 2715 1818 2772 loco
1848 2733 1970 2774 eum
1997 2719 2084 2790 ju-

501 2797 764 2856 dicaverit
793 2814 915 2857 esse
960 2803 1388 2861 memorandum.
1428 2805 1541 2862 Duo
1583 2810 1805 2866 timores
1847 2813 2085 2884 suntqui

496 2889 660 2962 corda
686 2901 866 2960 nostra
894 2905 1295 2966 compungunt:
1324 2913 1464 2954 unus
1494 2899 1776 2969 humanus,
1806 2919 1900 2974 per
1925 2919 2084 2978 quem

499 2981 750 3046 timemus
789 2996 880 3042 aut
929 2987 1166 3057 pericula
1213 2993 1390 3047 carnis
1439 2994 1687 3064 pati,aut
1730 2999 1914 3053 mundi
1943 2998 2083 3056 bona

491 3075 770 3150 deserere.
805 3079 912 3136 Sed
942 3080 1042 3137 iste
1075 3085 1417 3154 cognoscitur
1467 3089 1799 3159 temporalis,
1827 3093 2079 3162 quoniam

2193 484 2529 547 procreatur.
2560 476 2794 534 Devotns
2840 477 2999 534 timor
3038 476 3313 546 timentem
3360 477 3672 548 consolans,
3708 479 3794 536 af-

2198 567 2511 640 ﬂictumque
2561 569 2812 625 reﬁciens
2843 569 3130 626 :nesciens
3181 584 3371 628 carere
3415 571 3652 644 gaudio,
3682 572 3793 632 nisi

2198 665 2288 724 tali
2327 664 2502 722 fructu
2553 663 2830 734 deposito;
2861 663 2929 719 de
2973 680 3079 734 quo
3125 665 3384 738 scriptum
3421 675 3548 722 est:
3585 665 3792 737 Venite,

2195 758 2324 827 ﬁlii,
2364 758 2538 814 audite
2566 774 2666 823 me,
2717 758 2952 822 timorem
2995 757 3209 816 Domini
3254 758 3442 814 docebo
3491 774 3583 815 cos
3610 758 3791 830 (Psal.

2197 866 2392 918 sunt,
2427 849 2535 921 12).
2568 852 2738 919 Quam
2786 851 3056 921 proﬁcuus
3102 850 3263 907 timor
3300 859 3404 920 est,
3435 867 3544 923 quo
3570 853 3669 908 ﬁlii
3697 854 3796 910 do-

2196 955 2387 1001 centur
2433 963 2445 998 :
2493 945 2666 1016 qualis
2720 944 3044 1014 d'sciplina,
3091 960 3209 1016 quae
3255 943 3503 1002 dulcibus
3555 947 3793 1004 donatur

2199 1037 2478 1094 affectibus
2506 1035 2636 1112 [ed.,
2667 1033 3000 1108 eﬁ‘ectibus]!
3033 1035 3097 1092 Et
3139 1037 3270 1092 alibi
3298 1037 3365 1094 de
3395 1041 3512 1109 ipso
3547 1040 3794 1112 praecipi-

2201 1139 2284 1184 tur
2309 1146 2322 1181 :
2349 1126 2415 1182 Et
2438 1143 2589 1194 nunc,
2617 1126 2946 1197 Israel,quid
2976 1126 3226 1184 Dominus
3253 1127 3389 1196 Deus
3418 1140 3536 1184 tuus
3564 1133 3796 1202 postulat

2197 1238 2230 1276 α
2260 1232 2306 1276 te
2333 1263 2348 1288 ,
2394 1221 2493 1275 nisi
2535 1233 2588 1276 ut
2644 1221 2821 1274 timeas
2873 1219 3151 1275 Dominum
3190 1219 3359 1276 Deum
3393 1233 3539 1277 tuum
3585 1241 3648 1278 ea:
3687 1233 3793 1281 toto

2198 1317 2348 1368 corde
2375 1325 2482 1380 tuo,
2514 1321 2560 1368 et
2592 1313 2820 1368 ambules
2861 1313 2912 1366 in
2953 1313 3185 1368 omnibus
3225 1314 3318 1368 viis
3346 1317 3488 1386 ejus,
3524 1324 3572 1369 et
3598 1315 3791 1390 diligas

2199 1425 2334 1476 eum,
2363 1420 2410 1466 et
2441 1408 2985 1479 custodias-praesuta
3013 1411 3126 1482 ejus
3172 1424 3236 1463 ea:
3281 1418 3385 1464 toto
3424 1410 3575 1481 corde
3601 1420 3711 1478 tuo,
3733 1421 3786 1466 et

2197 1521 2262 1564 ex
2287 1514 2394 1560 tota
2421 1505 2593 1566 anima
2619 1509 2725 1572 tua,
2753 1511 2807 1558 ut
2847 1502 2970 1568 bene
3005 1504 3069 1557 sit
3109 1504 3198 1560 tibi
3231 1501 3416 1576 (Deut,
3453 1521 3513 1580 x,
3543 1504 3788 1576 12ὶῖῡὶ-

2199 1606 2344 1654 ctum
2388 1606 2473 1658 est
2506 1611 2721 1672 quoque
2766 1595 2836 1654 de
2880 1595 3070 1662 eodem
3099 1614 3113 1650 :
3141 1595 3314 1664 Timor
3343 1596 3556 1668 Domini
3585 1609 3792 1670 sanctus

2198 1713 2500 1768 permanens
2541 1697 2596 1762 in
2625 1695 2874 1762 steculum
2916 1695 3094 1766 saeculi
3123 1694 3292 1766 (Psal.
3338 1713 3492 1774 xvut,
3527 1697 3646 1770 lo).
3689 1699 3792 1756 Sed

2125 1787 2174 1848 B
2199 1804 2270 1848 ne
2291 1789 2515 1846 forsitan
2561 1789 2838 1854 timendum
2868 1787 3210 1850 solummodo
3253 1798 3474 1862 putares
3506 1789 3792 1862 Dominum

2198 1896 2320 1936 cum
2354 1889 2521 1948 tonat,
2549 1895 2669 1937 cum
2695 1889 2968 1948 coruscat,
2995 1895 3119 1936 cum
3165 1890 3336 1936 terras
3382 1891 3624 1952 tremore
3670 1898 3792 1940 oon-

2195 1973 2350 2040 cutit,
2392 1986 2516 2028 cum
2569 1971 2877 2030 criminosis
2925 1972 3162 2028 minatur
3213 1973 3514 2042 interitum,
3564 1974 3790 2048 addidit,

2194 2067 2284 2138 qui
2305 2066 2568 2128 ambulant
2597 2068 2648 2124 in
2672 2067 2764 2122 uiis
2793 2067 2902 2137 ejus
2920 2107 2934 2132 ,
2968 2075 3022 2118 ut
3054 2080 3159 2128 non
3188 2066 3363 2126 solum
3392 2067 3789 2138 suspendantur

2193 2160 2264 2220 ab
2299 2158 2508 2214 actibus
2554 2159 2754 2229 pravis,
2800 2173 2986 2214 verum
3034 2159 3194 2213 etiam
3244 2158 3298 2214 in
3340 2157 3444 2214 ﬁde
3496 2159 3789 2229 probemur

2193 2252 2474 2310 ambulare
2499 2251 2821 2318 rectissima.
2848 2250 2925 2306 Illi
2949 2258 3128 2308 autem
3157 2251 3333 2306 timent
3362 2238 3678 2320 Dominum,
3708 2254 3786 2324 qui

2193 2346 2464 2406 aettulam
2484 2347 2537 2404 in
2558 2347 2652 2402 uiis
2679 2350 2811 2412 ejus,
2829 2353 2884 2402 et
2908 2343 3156 2400 mandata
3183 2344 3353 2414 ipsius
3379 2344 3580 2402 devota
3609 2355 3787 2400 mente

2193 2441 2496 2512 perﬁciunt.
2528 2439 2635 2498 Sed
2668 2439 2942 2506 videamus
2972 2454 3068 2494 cur
3098 2438 3224 2494 alibi
3257 2439 3519 2510 singulari
3559 2455 3783 2498 numero

2193 2544 2421 2606 ponatur
2472 2535 2581 2600 via,
2607 2541 2660 2590 et
2706 2531 2833 2588 alibi
2881 2530 3095 2602 plurali,
3123 2532 3262 2586 sicut
3310 2530 3398 2586 hic
3445 2529 3650 2588 factum
3683 2542 3778 2592 est.

2192 2627 2326 2686 Cum
2353 2626 2421 2682 de
2446 2641 2506 2682 se
2536 2624 2770 2696 loquitur
2802 2623 3056 2682 Dominus
3080 2623 3346 2692 Christus,
3376 2623 3521 2686 viam
3550 2639 3612 2680 se
3639 2624 3783 2689 dicit,

2190 2728 2252 2778 ut
2283 2727 2364 2776 est
2395 2717 2528 2782 illud
2559 2735 2572 2771 :
2601 2715 2714 2788 Ego
2739 2733 2850 2778 sum
2881 2717 2983 2782 via,
3012 2717 3194 2782 ueritas
3229 2726 3274 2772 et
3299 2717 3437 2784 vita;
3462 2725 3518 2774 et
3545 2717 3781 2774 iterum:

2191 2814 2360 2870 Nemo
2409 2815 2547 2868 enim
2597 2822 2760 2884 potest
2795 2813 2863 2866 ad
2920 2810 3128 2866 Patrem
3170 2813 3376 2877 uenire,
3431 2813 3532 2868 nisi
3567 2829 3662 2884 per
3709 2828 3783 2870 me

2191 2907 2370 2980 (Joan.
2421 2922 2531 2973 xrv,
2558 2905 2634 2975 6).
2685 2906 2818 2970 Cum
2866 2903 2982 2962 vias
3027 2903 3285 2979 plurimas
3327 2903 3780 2978 dicit,apos_tolos

2188 2999 2455 3071 signiﬁcat
2484 3008 2538 3056 et
2582 2996 2896 3068 prophetas,
2923 3011 3018 3066 per.
3061 3010 3198 3068 quos
3243 2997 3451 3070 venitur
3493 2994 3564 3068 ad
3609 3011 3772 3052 unam

2189 3090 2350 3156 viam,
2379 3087 2430 3144 id
2461 3096 2566 3154 est,
2595 3085 2663 3142 ad
2693 3085 2980 3142 Dominum
3010 3084 3192 3158 utique
3235 3083 3590 3154 Salvatnresp.
3620 3086 3781 3157 Quod

493 3171 676 3226 tandiu
706 3173 820 3229 haec
861 3175 1168 3242 metuimus,
1201 3179 1438 3249 quandiu
1467 3180 1524 3236 in
1551 3181 1708 3256 hujus
1733 3185 1918 3242 saeculi
1945 3202 2074 3244 con-
2107 3171 2156 3238 ϐ
2185 3192 2472 3253 utrumque
2525 3179 2788 3242 lereutias
2837 3187 3063 3238 testatur
3113 3179 3300 3254 dicens
3331 3197 3346 3252 :_
3373 3179 3520 3236 State
3576 3182 3633 3240 in
3687 3180 3778 3238 siis

491 3265 799 3322 versatione
846 3283 1146 3325 versamur.
1198 3271 1421 3329 Divinus
1449 3285 1630 3332 autem
1660 3278 1820 3334 timor
1849 3295 1945 3350 per
1973 3295 2081 3337 om-

490 3367 590 3410 nes
622 3366 906 3426 provectus
927 3359 978 3412 in
1005 3359 1104 3415 hac
1125 3362 1232 3416 vita
1261 3363 1539 3420 nobiscum
1573 3382 1788 3438 semper
1811 3374 2074 3431 ascendit.

488 3443 625 3504 Nam
656 3460 777 3501 cum
811 3448 898 3502 illa
947 3449 1104 3520 hujus
1150 3455 1334 3509 Str-culi
1367 3455 1596 3513 formido
1629 3460 1680 3514 in
1714 3465 1883 3531 primo
1909 3467 2079 3538 gradu

487 3551 612 3595 cum
642 3542 839 3595 mundo
865 3541 1166 3613 deseratur,
1199 3545 1301 3603 iste
1327 3563 1543 3620 semper
1567 3553 1842 3609 nobiscum
1873 3571 2076 3629 manet,

488 3640 546 3688 et
573 3631 626 3686 in
651 3635 793 3688 omni
818 3647 1046 3690 ascensu
1075 3645 1224 3708 quasi
1260 3629 1602 3700 tid-lissimus
1632 3661 1814 3704 comes
1843 3654 2076 3708 assumi-

486 3731 608 3790 tur;
639 3725 778 3781 sicut
818 3728 871 3782 in
916 3731 1213 3788 ccnIesimo
1245 3733 1455 3792 decimo
1494 3748 1684 3794 octavo
1734 3742 1942 3811 psalmo
1967 3747 2075 3811 jam

486 3817 690 3875 dictum
721 3831 802 3876 est
825 3838 838 3875 :
864 3821 1034 3895 lnﬁge
1069 3825 1247 3882 timore
1274 3838 1360 3883 tuo
1399 3846 1576 3885 carnes
1613 3849 1750 3887 meas
1773 3850 1792 3889 :
1815 3851 1845 3887 tt
1861 3837 2078 3906 judiciis

486 3911 624 3965 enim
649 3912 748 3967 tuis
777 3914 922 3968 timui
955 3915 1124 3988 (Psal.
1159 3933 1342 3987 cxvm,
1375 3921 1522 3993 120).
1563 3925 1755 3981 Merito
1785 3942 1912 3999 ergo
1939 3929 1992 3985 et
2023 3931 2076 3986 in

485 4006 580 4063 tali
606 4009 771 4078 gradu
799 4017 853 4065 et
882 4010 1079 4082 ubique
1125 4012 1287 4071 timor
1331 4016 1542 4074 Domini
1583 4020 1782 4080 debere
1811 4024 1968 4079 nobis
1996 4026 2079 4080 in-

483 4112 609 4157 esse
639 4104 974 4174 prmcipitur;
1022 4107 1275 4178 quoniam
1324 4111 1482 4167 nobis
1527 4123 1710 4170 custos
1740 4117 2076 4176 necessarius

482 4196 828 4267 approbatur.

1053 4313 1248 4374 Divisio
1301 4318 1504 4390 psalmi.

553 4422 734 4484 Primo
762 4427 1005 4486 membro
1031 4431 1292 4500 propheta
1320 4433 1419 4488 sub
1442 4432 1761 4504 quibusdam
1793 4437 2076 4494 allusioni-

479 4523 584 4582 bus
619 4537 898 4583 enumerat
927 4527 1064 4585 bona
1098 4529 1398 4592 timentium
1426 4531 1620 4600 Deum,
1655 4543 1714 4590 ut
1745 4533 1952 4592 animos
1979 4536 2072 4592 de-
2101 4564 2152 4626 Ι)

473 4629 728 4674 umorum
758 4621 996 4677 caelestis
1029 4623 1232 4692 prtemii
1275 4623 1455 4680 calore
1480 4625 1790 4682 succendat.
1821 4625 2070 4688 Secundo

479 4703 755 4768 benedicit
788 4727 913 4780 eos,
940 4722 996 4769 ut
1035 4715 1226 4785 gaudia
1271 4723 1474 4770 mterna
1522 4716 1786 4788 recipiant
1813 4735 1825 4773 :
1851 4734 1918 4776 ne
1947 4721 2068 4791 quis

477 4802 626 4868 hunc
651 4808 900 4880 timorem
927 4809 1304 4882 suavissimum
1342 4809 1706 4882 pertimescat.

1057 4925 1328 4996 Expositio
1355 4928 1562 4999 psalmi.

553 5034 708 5094 Vere.
737 5039 788 5094 1.
823 5035 970 5094 Beati
998 5056 1172 5094 omnes
1200 5042 1288 5111 qui
1317 5041 1492 5097 timent
1524 5041 1920 5118 Dominum,qui
1947 5064 2061 5104 am-

477 5131 658 5188 bulant
686 5131 741 5188 in
769 5133 862 5188 viis
891 5135 1020 5204 ejus.
1068 5133 1250 5190 Primo
1296 5149 1548 5194 sermone
1578 5139 1822 5196 timorem
1853 5139 2069 5198 Domini

475 5229 544 5283 ab
573 5227 730 5300 hujus
758 5230 940 5285 surculi
973 5241 1182 5288 terrore
1211 5232 1414 5289 divisit.
1450 5233 1688 5292 Dicendo
1712 5236 1878 5306 enim,
1911 5237 2064 5294 Beati

475 5337 649 5378 omnes
667 5323 756 5394 qui
778 5326 956 5378 timent
986 5325 1287 5393 Dominum,
1320 5327 1560 5385 ostendit
1591 5343 1696 5385 non
1721 5345 1846 5388 esse
1873 5332 2060 5390 beatos

473 5414 564 5485 qui
593 5416 775 5470 mundi
804 5415 961 5485 hujus
993 5417 1230 5486 pericula
1275 5419 1325 5473 in
1356 5421 1647 5478 amissione
1675 5426 2054 5496 temporalium

472 5521 653 5564 rerum
696 5508 921 5564 sollicita
957 5521 1136 5566 mente
1174 5511 1483 5568 formidant.
1529 5514 1620 5568 Illa
1647 5516 1790 5571 enim
1832 5518 2060 5576 miseros

470 5599 747 5672 efficiunt,
798 5616 918 5657 cum
967 5601 1212 5658 homines
1257 5603 1401 5659 inani
1448 5621 1644 5674 pavore
1690 5609 2052 5676 discruciant;

470 5701 784 5764 provectum
831 5707 937 5748 non
987 5693 1205 5761 habent,
1233 5692 1329 5748 sed
1358 5696 1813 5763 immutationem;
1860 5712 2051 5756 ascen-

473 5789 590 5844 sum
617 5783 882 5855 nesciunt,
913 5784 1008 5840 sed
1035 5785 1266 5840 ruinam.
1313 5781 1512 5840 Contra
1537 5786 1697 5844 timor
1743 5791 1956 5846 Domini
1981 5807 2047 5848 ex

2185 3275 2419 3342 Domini,
2451 3283 2500 3332 et
2526 3276 2836 3345 interrogate
2856 3274 3064 3330 semitas
3097 3271 3192 3334 Dei
3218 3271 3512 3344 atternales,
3546 3286 3594 3330 et
3622 3275 3781 3332 videte

2182 3385 2296 3441 quia
2317 3380 2392 3426 est
2419 3369 2500 3424 uia
2530 3367 2680 3434 bona,
2714 3376 2761 3422 et
2791 3366 3050 3424 ambulate
3075 3368 3128 3428 in
3153 3382 3212 3422 ea
3242 3365 3374 3440 (Jer.
3407 3383 3483 3438 vs,
3522 3369 3640 3437 16).
3668 3367 3775 3424 Hoc

2179 3466 2342 3522 etiam
2371 3463 2508 3520 etin
2539 3462 2644 3524 alio
2687 3462 2805 3524 loco
2845 3460 2923 3522 sic
2961 3459 3370 3534 intelligendum
3402 3474 3529 3518 esse
3567 3461 3774 3520 monui-

2179 3572 2322 3614 mus.

2252 3649 2408 3706 Vers.
2453 3647 2510 3702 2.
2560 3646 2786 3704 Labores
2830 3649 3090 3719 fructuum
3148 3655 3351 3702 tuorum
3393 3647 3772 3716 manducetis:

2180 3745 2356 3802 beatus
2382 3762 2454 3810 es,
2479 3755 2528 3802 et
2555 3743 2677 3798 bene
2709 3741 2798 3798 tibi
2826 3742 2942 3800 erit.
2975 3743 3032 3798 ln
3055 3741 3160 3800 isto
3187 3751 3240 3800 et
3265 3741 3475 3800 duobus
3499 3743 3627 3802 aliis
3655 3759 3772 3802 ver-

2179 3838 2327 3895 sibus
2375 3837 2462 3907 qui
2515 3845 2851 3906 sequuntur,
2911 3843 3198 3896 enumerat
3257 3835 3398 3900 bona
3457 3837 3764 3914 timentium

2177 3929 2343 4003 “ﬁ.
2391 3929 2578 3986 Deum.
2610 3927 2716 3986 Sed
2763 3928 2994 3998 primum
3041 3927 3490 3998 considerandum
3535 3938 3620 3996 est
3663 3944 3759 3985 cur

2177 4021 2426 4091 superius
2473 4020 2664 4090 plurali
2714 4034 2937 4076 numero
2983 4021 3246 4091 posuerit,
3286 4019 3490 4088 beatos,
3517 4031 3574 4080 et
3616 4034 3762 4078 nunc

2175 4111 2518 4182 singulariter
2541 4109 2760 4177 dixerit,
2782 4111 3138 4174 munducabis.
3167 4110 3308 4170 Usus
3341 4112 3443 4178 iste
3469 4111 3763 4184 Scriptura:

2178 4204 2376 4262 divina:
2417 4204 2665 4274 proprius
2707 4213 2790 4260 est
2825 4203 2893 4260 ad
2931 4203 3261 4276 singularem
3305 4221 3595 4278 numerum
3625 4206 3766 4264 redi-

2175 4312 2330 4370 gere,
2357 4295 2500 4368 quod
2539 4295 2817 4368 pluraliter
2860 4294 3071 4354 videtur
3101 4310 3222 4360 esse
3264 4297 3636 4370 preposilum;
3665 4299 3766 4355 δεῖ-

2129 4436 2136 4440 .
2177 4393 2306 4450 licet
2349 4391 2472 4463 quia
2520 4400 2693 4448 mater
2741 4391 2988 4448 Ecclesia
3017 4391 3179 4463 (sicut
3220 4405 3368 4462 stupe
3395 4391 3602 4462 dictum
3636 4393 3760 4464 est),

2175 4488 2424 4558 quamvis
2474 4486 2730 4558 plurimos
2775 4485 2960 4544 beatos
3007 4484 3299 4552 contineat,
3327 4496 3512 4554 sancta
3555 4487 3761 4546 unitate

2179 4582 2407 4638 Iactatur.
2458 4578 2664 4640 Deinde
2714 4587 3106 4650 perscrutemur
3135 4578 3262 4652 quid
3287 4579 3419 4638 velit
3446 4580 3661 4648 dicere,
3691 4584 3764 4636 la.

2178 4674 2322 4730 bores
2343 4673 2602 4744 fructuum
2624 4681 2848 4744 tuorum,
2876 4685 2995 4734 cum
3019 4687 3124 4732 non
3153 4671 3218 4730 de
3246 4671 3506 4730 fructibus
3531 4675 3761 4740 labores,

2175 4767 2270 4826 sed
2294 4767 2361 4822 de
2389 4765 2665 4830 laboribus
2699 4765 2905 4830 fructus
2932 4767 3050 4822 sine
3076 4765 3409 4832 dubitatione
3450 4777 3759 4834 nascantur.

2175 4858 2282 4918 Sed
2305 4860 2503 4918 labores
2529 4847 2834 4930 signiﬁcare
2856 4859 3024 4918 voluit
3050 4873 3216 4930 opera
3239 4859 3400 4928 bona,
3429 4874 3552 4936 quae
3581 4860 3636 4918 in
3665 4861 3762 4920 hoc

2175 4951 2376 5010 mundo
2410 4952 2482 5014 ita
2511 4951 2667 5018 fiunt,
2697 4960 2758 5010 ut
2781 4950 2997 5022 epulum
3029 4965 3196 5022 suave
3227 4952 3280 5014 in
3323 4951 3503 5010 futura
3537 4954 3762 5026 retribu-

2177 5043 2325 5100 tione
2355 5041 2676 5102 concedant.
2726 5041 3051 5110 Manducars
3097 5053 3182 5100 est
3222 5044 3366 5116 enim
3413 5043 3598 5116 aliqua
3643 5059 3760 5104 esca

2169 5135 2339 5204 rwci,
2367 5145 2421 5194 et
2449 5134 2517 5194 de
2547 5139 2659 5206 ipsa
2689 5135 2938 5206 satietate
2961 5135 3220 5208 gaudere.
3273 5137 3365 5210 isti
3394 5152 3527 5214 ergo
3564 5139 3760 5195 tabam

2167 5229 2260 5304 qui
2303 5240 2426 5287 sunt
2473 5229 2736 5288 bonorum
2768 5244 3014 5302 operum,
3051 5229 3422 5304 percipiuntur
3449 5229 3506 5286 in
3552 5230 3646 5304 illa
3669 5247 3754 5288 rc-

2166 5325 2524 5386 surrectione.
2547 5321 2764 5393 quando
2789 5323 3034 5390 auditum
3060 5321 3252 5386 fuerit:
3277 5320 3481 5402 Venite,
3513 5321 3754 5392 benedicti

2168 5415 2345 5474 Patris
2375 5417 2496 5482 mei,
2527 5415 2775 5486 percipite
2803 5430 3018 5486 regnum
3055 5415 3194 5488 quod
3242 5414 3380 5476 uoltis
3421 5423 3663 5488 paratum
3686 5423 3755 5468 est

2165 5513 2230 5570 ab
2256 5513 2403 5568 initio
2429 5512 2609 5570 mundi
2631 5509 2844 5582 (Matth.
2877 5525 3004 5576 xsv,
3033 5510 3147 5580 5t).
3179 5509 3327 5584 Felis
3354 5510 3620 5582 cumestio
3640 5521 3756 5582 qua

2167 5619 2272 5660 non
2295 5613 2482 5660 ventre
2501 5601 2785 5673 digeritur,
2811 5600 2903 5658 sed
2935 5600 3394 5672 inconsumptibili
3421 5601 3756 5672 perennitate

2167 5706 2432 5752 servatur.
2453 5694 2587 5752 Nam
2615 5704 2671 5752 et
2697 5697 2903 5752 animas
2929 5694 3134 5760 habere
3158 5695 3410 5766 pabulum
3435 5709 3592 5770 suum
3621 5693 3754 5766 psal.

2169 5805 2290 5849 mus
2313 5789 2449 5848 alter
2473 5788 2726 5858 ostettdit,
2759 5788 2943 5854 dicens
2970 5807 2981 5858 ;
3007 5787 3228 5854 Gustata
3250 5801 3298 5850 et
3327 5790 3490 5864 ridete
3511 5791 3750 5862 quoniam
