4032 6340
242 379 348 436 95-5

1135 375 1494 439 EXPOSITIO
1533 377 1598 436 IN
1637 376 2095 436 PSALTEBIUM.
2141 381 2332 438 PSAL.
2375 379 2626 438 CXXVII.

3400 380 3505 440 934

240 500 415 555 suavis
438 508 514 554 est
549 497 804 553 Dominus
835 494 1006 565 (Psal.
1034 512 1223 562 χχχιιι,
1254 498 1333 570 9).
1369 498 1436 552 Et
1462 513 1534 553 ne
1557 497 1698 552 istud
1729 511 1821 566 pa-
1850 497 1905 559 Α
1933 511 2056 551 vum
2087 506 2261 566 potest
2290 500 2559 568 reSpicere
2585 497 3010 556 Testamentum.
3029 496 3158 554 Nam
3185 496 3326 569 quod
3351 500 3505 552 uxori

239 593 426 649 bulum
456 606 714 648 carueum
768 600 1002 662 putares,
1036 591 1276 646 addidit:
1306 591 1500 648 Beatus
1544 609 1616 647 es.
1655 591 1824 647 Nemo

237 685 384 742 enim
412 685 481 741 de
510 685 713 741 carnali
740 685 1075 740 comestione
1101 683 1290 741 beatus
1317 682 1571 754 efﬁcitur,
1602 684 1704 739 nisi
1734 684 1825 754 qui

237 795 337 852 per
362 778 665 850 spiritualia
691 779 832 834 dona
868 779 1165 850 saginatur.
1199 778 1267 832 Et
1308 793 1376 834 ne
1421 778 1580 833 istum
1609 779 1824 835 beatum

235 875 568 933 mediocrem
612 873 840 929 fructum
883 871 1133 929 crederes
1183 871 1478 942 possidere,
1508 871 1821 940 subiunxit,

235 976 285 1023 et
308 969 432 1022 bene
459 967 548 1021 tibi
573 966 690 1021 erit.
726 965 825 1021 Ubi
851 965 988 1021 bene
1015 973 1120 1031 est,
1151 966 1333 1020 omnia
1359 964 1495 1019 bona
1525 963 1819 1030 conﬂuunt,

234 1066 293 1116 et
325 1058 397 1114 ad
442 1057 691 1129 gaudium
721 1056 1002 1112 suavitatis
1035 1056 1325 1111 adducunt.
1374 1054 1647 1126 Signiﬁcat
1676 1055 1819 1111 enim

232 1150 328 1206 illa
361 1150 603 1219 praemia,
634 1164 750 1219 qua
779 1163 869 1202 nec
899 1148 1078 1202 oculus
1106 1147 1252 1212 uidit,
1285 1163 1382 1202 nec
1423 1148 1568 1202 auris
1603 1148 1816 1214 audivit,

232 1260 330 1301 nec
353 1245 407 1298 in
435 1260 524 1298 cor
550 1243 772 1299 hominis
803 1242 1049 1312 ascendit,
1072 1257 1184 1313 qua:
1212 1241 1517 1313 preparavit
1543 1238 1681 1297 Deus
1703 1240 1821 1295 dili-

232 1340 473 1412 gentibus
495 1355 546 1394 se
574 1337 626 1411 (ι
667 1336 790 1392 Cor.
822 1352 881 1407 ιι,
914 1334 993 1404 9).

308 1430 465 1487 Vers.
502 1429 554 1486 3.
591 1427 737 1486 Uxor
769 1438 858 1483 tua
887 1428 1019 1484 sicut
1046 1428 1160 1484 uitis
1192 1428 1456 1483 abundans
1486 1427 1541 1484 in
1579 1427 1820 1483 lateribus

229 1525 417 1580 domus
443 1531 563 1577 tusc.

311 1617 467 1673 Vere.
496 1615 552 1670 4.
584 1614 713 1670 Filii
735 1614 809 1669 tui
833 1617 965 1670 sicut
990 1614 1198 1670 novellis
1225 1614 1497 1681 olivarum,
1529 1614 1582 1668 in
1604 1614 1819 1670 circuitu

231 1725 430 1767 mensa
455 1717 572 1766 ιιιω.
595 1708 767 1766 Simili
794 1709 955 1766 modo
983 1709 1287 1765 intellectus
1307 1709 1373 1764 ad
1399 1709 1632 1764 litteram
1653 1718 1707 1766 et
1732 1709 1818 1765 hic

230 1816 450 1874 quoque
473 1801 724 1859 vitandus
768 1808 875 1858 est.
917 1800 1050 1856 Nam
1080 1816 1202 1858 cum
1229 1801 1410 1872 plures
1450 1802 1817 1858 sanctissimos

1930 593 2100 659 vitem,
2155 593 2276 660 ﬁliis
2317 593 2571 648 similavit
2622 592 2803 661 olivas,
2857 591 3115 663 parabole
3169 592 3336 663 ﬁgura
3383 603 3508 647 esse

1927 683 2274 752 dignoscitur,
2294 685 2544 755 quoniam
2568 698 2658 741 res
2685 685 2788 742 sibi
2816 699 3014 757 genere
3037 683 3332 742 dissimiles
3356 696 3506 738 com-

1928 779 2154 849 paravit.

1995 869 2149 926 Vera.
2183 872 2238 927 5.
2266 869 2399 926 Ecce
2422 873 2496 927 sic
2524 872 2845 927 benedicatur
2869 872 3034 927 omnis
3061 871 3210 926 homo
3238 869 3327 939 qui
3357 870 3496 922 timet

1924 963 2222 1018 Dominum.
2249 964 2443 1020 Secuta
2467 974 2552 1021 est
2579 965 2719 1022 beati
2746 965 2887 1022 illius
2915 964 3002 1035 qui
3037 965 3188 1020 timet
3218 961 3500 1017 Dominum

1924 1054 2159 1125 perlecta
2188 1056 2484 1112 conclusio.
2537 1056 2667 1111 Nam
2694 1071 2815 1112 cum
2844 1056 3010 1112 dicit:
3039 1055 3128 1111 Sic
3157 1055 3498 1118 benedicetur,

1922 1144 2358 1218 signiﬁcat(sicut
2380 1151 2625 1218 superius
2645 1156 2856 1203 constat
2877 1147 3229 1217 expositum),
3253 1145 3331 1201 sic
3355 1144 3498 1202 enim

1923 1247 2160 1293 meretur
2213 1238 2478 1305 benedici,
2525 1240 2616 1309 qui
2665 1255 2820 1295 suum
2877 1239 3025 1294 timet
3065 1249 3362 1307 auctorem,
3411 1237 3502 1305 qui

1855 1337 1862 1343 '
1922 1330 2211 1388 formidare
2257 1333 2455 1387 desinit
2503 1333 2699 1402 inania,
2729 1334 2818 1405 qui
2860 1344 3005 1389 casto
3055 1332 3264 1389 Domini
3309 1332 3500 1388 timore

1923 1426 2242 1496 completur.
2264 1427 2330 1481 Et
2351 1427 2470 1482 vide
2488 1428 2730 1482 ordinem
2753 1429 3046 1494 dictorum;
3070 1429 3143 1484 ait
3158 1428 3299 1483 enim
3323 1427 3499 1497 prius:

1924 1515 2057 1574 Ecce
2079 1520 2152 1574 sic
2189 1519 2513 1574 benedicetur
2539 1521 2698 1574 omnis
2725 1520 2909 1586 homo;
2938 1531 2990 1576 et
3018 1537 3085 1576 ne
3115 1521 3212 1576 sibi
3241 1519 3377 1575 hanc
3408 1519 3501 1575 be-

1922 1611 2281 1668 nedictionem
2308 1621 2628 1684 usurparent
2647 1621 2988 1670 contumaces
3013 1627 3075 1669 ac
3098 1613 3248 1682 fatui,
3271 1611 3496 1681 addidit,

1920 1706 2009 1776 qui
2039 1706 2179 1759 timet
2215 1703 2513 1761 Dominum.

1994 1795 2150 1852 Vers.
2194 1796 2246 1852 6.
2294 1795 2572 1852 Benedicat
2617 1805 2666 1851 te
2694 1795 2942 1852 Dominus
2971 1813 3035 1852 ea:
3068 1796 3220 1865 Sion,
3256 1805 3304 1852 et
3331 1797 3504 1854 videas

229 1896 382 1953 viros
409 1909 602 1952 uxores
630 1903 685 1952 et
713 1893 852 1951 ﬁlios
881 1894 1175 1966 perspicias
1222 1907 1328 1949 non
1371 1892 1570 1950 habere
1595 1933 1610 1959 ,
1639 1902 1691 1949 et
1722 1895 1819 1950 ite-
1845 1883 1896 1948 Β
1922 1905 2036 1961 qua:
2063 1889 2196 1944 bona
2225 1899 2341 1945 sunt
2375 1893 2428 1944 in
2453 1889 2739 1946 Jerusalem
2775 1890 3006 1946 omnibus
3034 1890 3212 1946 diebus
3241 1891 3355 1946 vita:
3378 1899 3501 1947 tute.

229 2000 357 2043 rum
399 1985 690 2043 sceleratos
735 1986 851 2041 hac
893 1985 1070 2041 omnia
1120 1984 1424 2054 possidere,
1453 1985 1725 2055 quomodo
1765 1985 1820 2041 in

229 2079 395 2135 istam
424 2088 627 2149 partem
671 2077 1018 2136 beatitudinis
1063 2078 1375 2150 applicabis,
1403 2093 1521 2149 quae
1549 2079 1820 2136 subtracta

227 2170 550 2242 plerumque
569 2171 745 2238 bonis,
759 2179 813 2227 et
833 2171 1026 2242 iniquis
1047 2171 1222 2242 potius
1240 2171 1496 2226 attributa
1515 2173 1820 2243 cognoscis?

235 2259 387 2318 Uxor
434 2263 579 2319 enim
627 2263 766 2319 dicta
809 2272 912 2332 est,
942 2263 1094 2333 quasi
1143 2273 1200 2318 ut
1249 2277 1422 2318 soror.
1483 2265 1820 2334 Quapropter

229 2369 451 2410 mrem
491 2355 580 2411 hic
620 2356 760 2412 beati
790 2357 887 2412 viri
917 2356 1234 2427 sapientiam
1263 2357 1520 2414 debemus
1550 2360 1818 2429 accipere,

226 2446 374 2506 sicut
417 2447 671 2505 Salomon
714 2449 880 2506 dicit:
910 2451 1009 2518 Qui
1042 2452 1255 2507 voluerit
1291 2453 1597 2522 sapientiam
1641 2455 1822 2509 ducere

227 2541 330 2598 sibi
370 2558 612 2614 sponsam
657 2543 808 2617 (Sap.
839 2559 961 2614 vm,
994 2545 1078 2616 2);
1127 2555 1181 2603 et
1219 2547 1346 2603 alibi
1373 2565 1386 2603 :
1411 2549 1541 2602 Ama
1579 2549 1746 2616 illam,
1774 2556 1823 2602 et

227 2635 607 2703 mplexabitur
664 2647 746 2706 te;
784 2647 833 2694 et
879 2639 1142 2694 circumda
1181 2640 1367 2709 illam,
1415 2651 1465 2697 et
1515 2642 1728 2697 servabit
1774 2650 1822 2697 te

225 2725 415 2799 (Prov.
447 2744 522 2798 tv,
548 2728 628 2801 6).
653 2728 771 2801 Ipsa
802 2746 930 2802 ergo
957 2749 1088 2787 uror
1115 2742 1198 2788 est
1221 2733 1507 2804 iustorum,
1533 2749 1650 2806 qua:
1673 2743 1820 2790 casto

226 2821 486 2890 amplexu
515 2823 892 2894 complectitur
921 2825 1192 2882 maritum.
1225 2824 1356 2882 Vitis
1386 2840 1512 2883 vero
1533 2836 1707 2883 mater
1736 2837 1823 2883 est

227 2929 481 2986 uvarum,
506 2931 625 2988 quae
669 2917 849 2976 dulcia
891 2921 1015 2976 vina
1063 2921 1412 2992 profundens,
1443 2923 1607 2980 corda
1637 2935 1822 2982 nostra

231 3014 483 3063 recreat:
506 3009 582 3064 sic
608 3018 664 3068 et
693 3009 792 3066 ista
822 3027 976 3080 uxor,
1008 3014 1061 3069 id
1091 3023 1173 3071 est
1192 3016 1472 3086 sapientia,
1499 3016 1704 3073 fructus
1735 3017 1819 3074 in-

229 3096 424 3156 ferens
467 3100 769 3171 iucundos,
818 3105 969 3161 suavi
1020 3122 1119 3164 nos
1160 3108 1519 3166 delectatione
1564 3110 1815 3170 laetiﬁcat.

234 3188 439 3249 Domus
462 3204 640 3252 autem
669 3207 848 3255 nostra
894 3208 1040 3257 recte
1068 3200 1266 3259 dicitur
1303 3205 1517 3276 propria
1547 3206 1816 3276 cogitatio,

232 3283 451 3354 quando
479 3287 534 3342 in
567 3288 755 3345 eadem
783 3289 967 3357 deﬁxi,
998 3294 1148 3362 quasi
1174 3293 1228 3350 in
1269 3294 1589 3364 quibusdam
1619 3298 1824 3356 aedibus

231 3389 654 3435 commoremur.
675 3381 830 3438 Istius
853 3391 1030 3439 autem
1058 3383 1252 3442 domus
1282 3387 1534 3456 parietes,
1564 3387 1670 3443 duo
1695 3398 1824 3445 sunt

235 3472 582 3539 testamenta,
615 3469 671 3526 in
701 3471 893 3543 quibus
923 3489 1075 3530 mens
1121 3487 1304 3532 sancta
1333 3477 1478 3534 velut
1506 3479 1825 3551 quibusdam

236 3558 501 3620 lateribus
540 3564 751 3620 ﬁrmata
794 3565 1073 3623 solidatur.
1117 3567 1392 3640 Sequitur,
1425 3568 1554 3626 Filii
1582 3573 1657 3626 tui
1695 3573 1826 3626 sicut

234 3656 456 3713 novellas
493 3657 748 3714 olivarum
784 3661 838 3715 in
885 3662 1104 3716 circuitu
1144 3679 1329 3719 menses
1370 3672 1492 3719 tute.
1538 3664 1614 3721 De
1660 3680 1826 3724 uxore

234 3752 503 3822 sapientia
533 3752 727 3810 merito
771 3754 1024 3811 dicuntur
1067 3755 1163 3811 ﬁlii
1207 3758 1315 3812 nati
1359 3771 1500 3823 esse,
1532 3772 1638 3813 non
1679 3759 1822 3814 ﬁlias.

236 3841 344 3900 Per
372 3859 559 3901 sexum
597 3847 742 3903 enim
774 3847 986 3904 virilem
1027 3848 1350 3920 plerumque
1380 3851 1574 3907 mentis
1602 3851 1826 3910 ﬁrmitas

239 3934 509 3994 indicatur
533 3955 548 3994 :
571 3938 684 3996 sive
710 3939 832 4010 quia
864 3939 952 3996 hic
999 3956 1162 3998 sexus
1194 3943 1499 4000 nominatus
1541 3951 1828 4014 utrumque

239 4031 634 4100 complectitur,
659 4033 798 4090 sicut
825 4043 879 4090 et
904 4035 1027 4091 alibi
1059 4035 1227 4092 dicit:
1251 4035 1440 4091 Beatus
1469 4038 1546 4091 vir
1569 4039 1656 4108 qui
1685 4039 1824 4094 time!

242 4120 521 4180 Dominum
549 4123 726 4196 (Psal.
755 4141 862 4195 exn,
892 4126 983 4198 l);
1018 4141 1124 4184 non
1153 4128 1297 4184 enim
1329 4129 1500 4185 solum
1529 4129 1612 4184 vir
1640 4129 1828 4187 beatus

241 4224 327 4270 est
355 4215 444 4286 qui
471 4217 622 4274 timet
651 4217 959 4288 Dominum,
989 4219 1085 4276 sed
1116 4229 1170 4276 et
1199 4220 1392 4278 mulier
1411 4221 1569 4278 beata
1597 4231 1681 4279 est
1708 4237 1827 4294 quae

240 4307 528 4367 Dominum
572 4315 744 4368 timet.
792 4312 898 4384 Ipsi
939 4327 1066 4383 ergo
1112 4313 1447 4370 circumdant
1493 4314 1824 4386 spiritualem

241 4410 507 4469 mensam,
537 4403 640 4461 hoc
663 4414 746 4461 est
765 4405 934 4462 altare
958 4405 1189 4474 Domini,
1214 4407 1426 4478 quando
1453 4407 1657 4464 caelesti
1684 4421 1824 4480 pane

241 4498 576 4567 saginantur.
603 4498 708 4556 Sed
739 4499 860 4556 ideo
891 4511 977 4556 tua
1003 4501 1205 4558 dictum
1237 4510 1339 4568 est,
1364 4515 1422 4559 ut
1450 4502 1624 4560 honor
1653 4504 1829 4574 ponti-

238 4590 361 4647 ﬁcis
399 4593 596 4650 clarius
639 4604 956 4666 appareret;
987 4597 1065 4652 sic
1114 4599 1257 4654 enim
1297 4597 1366 4654 de
1394 4598 1524 4670 ipsis
1554 4598 1780 4655 dicimus
1815 4617 1826 4654 :

1925 1980 2082 2038 Venit
2109 1982 2175 2036 ad
2205 1983 2496 2038 secundum
2541 1983 2864 2051 membrum,
2896 1984 2986 2040 ubi
3039 1984 3232 2055 pietate
3278 1983 3504 2042 sanctis-

1924 2074 2061 2130 sima
2106 2074 2224 2131 illos
2267 2077 2499 2146 postulat
2543 2076 2809 2144 benedici,
2856 2077 2948 2148 qui
2990 2078 3057 2134 ad
3100 2092 3260 2135 omne
3303 2078 3504 2138 bonum

1923 2166 2159 2222 studium
2191 2166 2403 2223 Domini
2434 2170 2626 2225 timore
2656 2168 3028 2239 ﬂammantur,
3067 2179 3125 2226 ut
3151 2185 3504 2240 agnoscamus

1923 2274 2083 2330 quam
2111 2260 2176 2316 sit
2207 2259 2367 2317 timor
2395 2262 2497 2318 iste
2529 2263 2819 2331 proﬁcuus,
2851 2264 2936 2317 cui
2978 2262 3282 2318 benedictio
3319 2271 3504 2319 sancta

1921 2354 2248 2424 geminatur.
2276 2354 2412 2411 Dicit
2435 2355 2600 2421 enim,
2626 2355 2903 2410 Benedicat
2925 2365 2970 2410 te
2996 2353 3242 2412 Dominus
3263 2372 3327 2412 ea;
3347 2357 3500 2427 Sion,

1923 2445 1977 2502 id
2009 2457 2092 2502 est
2121 2447 2376 2504 Dominus
2406 2448 2674 2516 Christus,
2706 2449 2796 2519 qui
2827 2448 2880 2504 in
2930 2449 3030 2505 hoc
3056 2457 3238 2505 monte
3278 2449 3506 2505 homini-

1925 2538 2026 2595 bus
2056 2554 2318 2610 apparere
2347 2540 2594 2612 dignatus
2622 2549 2725 2605 est,
2755 2548 2810 2596 ct
2835 2554 2934 2610 pro
2960 2539 3194 2596 nominis
3220 2538 3303 2595 sui
3334 2539 3505 2610 quali-

1925 2639 2036 2688 tate
2069 2642 2319 2704 tanquam
2349 2632 2550 2704 pastori
2580 2633 2782 2704 optimo
2805 2647 3019 2704 semper
3042 2633 3344 2688 ascribitur.
3373 2632 3502 2688 Sion

1923 2725 2067 2783 enim
2100 2725 2262 2796 (sicut
2293 2741 2438 2796 saepe
2479 2726 2678 2781 dictum
2710 2727 2815 2796 est)
2847 2724 3229 2795 interpretatur
3256 2723 3507 2795 specula-

1926 2819 2020 2874 tio.
2051 2816 2321 2888 Sequitur,
2355 2827 2402 2872 et
2440 2819 2609 2872 videas
2637 2834 2749 2888 quis
2779 2817 2910 2872 bona
2947 2827 3068 2871 sunt
3107 2817 3157 2870 in
3193 2814 3502 2870 Jerusalem.

1925 2909 2159 2967 Necesse
2186 2910 2342 2967 nobis
2385 2918 2466 2966 est
2509 2909 2614 2965 ista
2645 2908 2806 2964 verba
2851 2909 3162 2978 frequenter
3187 2919 3458 2977 exponere
3488 2948 3503 2972 ,

1925 3003 2050 3074 quia
2077 3001 2238 3072 positi
2267 3016 2455 3058 sensus
2485 3015 2552 3058 ex
2583 3001 2714 3072 ipsis
2755 3001 2986 3056 maxime
3015 3000 3247 3070 pendere
3275 3013 3509 3054 noscun-

1927 3104 2035 3151 tur.
2066 3093 2359 3150 Jerusalem
2389 3095 2652 3152 indicatur
2679 3095 2817 3158 visio
2845 3095 3014 3164 pacis.
3059 3092 3177 3148 Pax
3215 3093 3300 3148 hic
3327 3092 3510 3148 invisi-

1925 3187 2049 3245 bilis
2093 3202 2181 3244 res
2227 3196 2334 3256 est,
2385 3202 2502 3258 quae
2551 3197 2676 3245 tunc
2720 3186 3005 3254 videbitur,
3056 3185 3269 3258 quando
3323 3194 3510 3242 auctor

1849 3277 2043 3350 Ceius
2090 3279 2336 3337 Christus
2387 3279 2648 3335 Dominus
2702 3280 2858 3336 beata
2906 3287 3087 3334 mente
3149 3277 3508 3346 conspicitur;

1928 3381 2079 3444 Optat
2123 3387 2250 3444 ergo
2293 3381 2351 3429 ut
2391 3373 2445 3427 in
2477 3371 2769 3427 Jerusalem
2805 3373 2973 3426 videat
3001 3377 3192 3427 cuneta
3220 3385 3335 3443 qua:
3381 3372 3512 3424 bona

1927 3475 2066 3521 sunt.
2094 3465 2364 3536 Aspicitur
2402 3465 2546 3520 enim
2578 3464 2689 3520 illic
2718 3465 2833 3536 ipse
2859 3463 3137 3530 Dominus,
3170 3463 3262 3533 qui
3285 3474 3339 3520 et
3368 3464 3513 3534 ipsos

1928 3558 2196 3616 intuentes
2227 3568 2459 3614 aeternos
2505 3557 2652 3624 facit,
2677 3567 2731 3613 et
2779 3571 2839 3613 se
2878 3556 2989 3627 iugi
3033 3556 3390 3628 perpetuitate
3417 3555 3512 3611 de-

1929 3659 2214 3708 monstrat.
2249 3651 2362 3707 Hoc
2392 3665 2519 3722 ergo
2561 3649 2858 3720 prophetiae
2906 3648 3096 3718 spiritu
3125 3646 3324 3704 sanctis
3361 3657 3514 3718 opta-

1930 3752 2037 3812 tur,
2067 3743 2210 3813 quod
2240 3743 2318 3798 eis
2348 3741 2564 3799 evenire
2598 3756 2759 3811 posse
2788 3740 3146 3811 cognoscitur.
3174 3739 3282 3796 Sed
3313 3754 3381 3795 ne
3409 3739 3513 3796 hoc

1929 3835 2180 3892 crederes
2208 3834 2518 3903 temporale,
2548 3832 2786 3888 additum
2811 3842 2914 3900 est,
2945 3832 3179 3886 omnibus
3203 3832 3376 3886 diebus
3398 3833 3514 3887 vitae

1931 3936 2054 3996 ιιιω,
2104 3935 2163 3983 ιιι
2206 3926 2462 3984 ineﬁ‘abili
2514 3926 2656 3982 dono
2695 3925 3011 3981 :eternitatis
3056 3926 3298 3982 cumulus
3347 3924 3508 3982 adde-

1932 4027 2101 4076 retur.

2005 4111 2160 4168 Vers.
2193 4111 2262 4172 .7.
2316 4109 2384 4165 Et
2444 4109 2615 4165 uideas
2666 4109 2802 4179 ﬁlios
2850 4109 3076 4177 filiorum
3131 4117 3382 4164 tuorum:
3411 4125 3516 4181 pars

1933 4207 2090 4281 [mss.
2140 4207 2235 4273 A.,
2265 4204 2351 4273 B.,
2394 4204 2486 4273 F.,
2530 4202 2728 4276 pacem]
2771 4220 2922 4275 super
2969 4202 3158 4260 Israel.
3205 4203 3415 4274 Adiecit
3460 4214 3515 4262 et

1935 4299 2080 4358 hunc
2121 4313 2336 4355 versum
2381 4296 2842 4355 benedictionibus
2881 4297 3022 4364 suis;
3071 4307 3129 4354 ut
3173 4297 3263 4354 ille
3306 4297 3397 4369 qui
3427 4297 3514 4354 hic

1933 4393 2090 4448 timet
2118 4391 2402 4448 Dominum
2443 4391 2611 4444 uideat
2642 4391 2695 4446 in
2725 4390 2811 4445 illa
2844 4389 3176 4447 beatitudine
3204 4391 3339 4460 ﬁlios
3379 4391 3514 4461 ﬁlio-

1933 4502 2046 4542 rum
2089 4500 2340 4551 suorum;
2388 4483 2530 4557 quod
2582 4486 2743 4540 etiam
2789 4491 2842 4539 et
2897 4482 3223 4552 spadonibus
3271 4482 3514 4538 accidere

1936 4595 2095 4652 posse
2137 4595 2242 4636 non
2290 4578 2509 4634 dubium
2548 4585 2650 4633 est.
2684 4575 2811 4631 Filii
2839 4587 2963 4631 sunt
2989 4576 3148 4647 (sicut
3173 4575 3282 4645 jam
3313 4575 3512 4630 dictum

237 4684 500 4744 Praesidet
530 4687 784 4746 Ecclesiae
831 4704 942 4746 sua:
972 4707 985 4745 :
1019 4690 1155 4748 Redi
1203 4690 1269 4747 ad
1313 4666 1610 4748 Ecclesiam
1641 4701 1823 4759 tuam;

1934 4673 2156 4745 est)qni
2205 4670 2464 4743 spirituali
2510 4669 2752 4726 doctrina
2799 4676 3140 4739 generantur.
3186 4666 3291 4723 Sed
3336 4667 3512 4723 minus

237 4781 385 4851 quod
431 4782 653 4840 verbum
692 4783 748 4840 in
795 4799 898 4842 usu
939 4794 1152 4842 constat
1179 4800 1300 4842 esse
1327 4794 1662 4842 cunctorum.
1697 4785 1829 4841 Illud

235 4886 450 4944 quoque
478 4873 871 4932 discutiendum
904 4883 1006 4945 est,
1033 4877 1176 4949 quod
1201 4876 1341 4934 ﬁlios
1367 4877 1646 4934 beatorum
1667 4876 1828 4933 olivis

237 4965 467 5023 nevellis
495 4981 813 5040 comparare
839 4969 1120 5036 maluerit;
1155 4969 1286 5041 ipsae
1330 4971 1472 5027 enim
1518 4978 1644 5025 sunt
1690 4968 1829 5025 viri-

238 5058 421 5116 diores
468 5075 534 5117 ac
582 5062 855 5131 fortiores,
886 5071 940 5120 et
985 5078 1050 5120 ex
1098 5065 1244 5120 omni
1293 5073 1444 5134 parte
1485 5063 1825 5129 ﬁrmissimaz,

237 5150 469 5209 fructum
496 5167 712 5226 quoque
753 5156 1024 5226 copiosius
1067 5154 1357 5212 inferentes
1381 5173 1396 5210 :
1418 5154 1486 5212 de
1515 5170 1622 5226 quo
1652 5154 1829 5210 fructu

237 5256 293 5304 et
318 5247 469 5304 cibus
495 5248 762 5318 conditur,
792 5257 848 5306 et
876 5249 1058 5306 lumen
1087 5247 1420 5315 accenditur,
1455 5257 1511 5304 et
1535 5247 1675 5304 fesso
1701 5261 1830 5303 cor-

237 5337 358 5411 pori
385 5338 719 5398 subvenitur.
765 5340 875 5397 Nec
923 5352 1078 5413 putes
1120 5343 1390 5398 incassum
1434 5340 1620 5395 olivam
1667 5350 1829 5413 atque

238 5433 391 5489 vitem
416 5432 504 5490 his
529 5433 1022 5506 comparationibus
1055 5431 1223 5489 fuisse
1253 5431 1543 5499 sociatam;
1579 5446 1702 5488 nam
1737 5431 1830 5488 ille

238 5526 332 5597 qui
361 5540 393 5582 a
421 5526 721 5585 latronibus
746 5526 800 5582 in
833 5525 1126 5598 Evangelia
1160 5523 1477 5580 vulneratus
1523 5522 1719 5589 fuerat,
1749 5521 1834 5577 in-

237 5614 362 5674 fuso
385 5618 514 5674 vino
553 5626 609 5676 et
636 5620 754 5675 oleo
785 5618 978 5690 legitur
1008 5631 1129 5674 esse
1173 5623 1391 5672 curatus
1421 5612 1577 5686 (Luc.
1609 5629 1664 5678 x,
1697 5612 1786 5684 54)
1812 5631 1826 5666 :

239 5709 496 5781 quoniam
553 5711 672 5768 hzcc
719 5711 826 5768 duo
875 5711 999 5767 vita:
1061 5719 1258 5766 nostra:
1297 5708 1521 5779 mystica.
1576 5703 1832 5777 prmsidia

239 5803 685 5876 subministrant;
719 5805 772 5860 in
804 5805 927 5860 vino
958 5804 1241 5861 austeritas
1263 5801 1483 5873 iustitia:
1506 5807 1608 5865 est,
1635 5799 1690 5853 in
1712 5800 1831 5853 oleo

231 5898 434 5966 sanitas
483 5899 893 5965 misericordias;
927 5898 1052 5953 illud
1096 5899 1162 5954 ad
1208 5897 1390 5967 Vetus,
1422 5894 1558 5951 istud
1611 5893 1676 5948 ad
1721 5891 1827 5947 No-

1938 4766 2117 4838 gaudii
2153 4765 2326 4820 fuerat
2357 4763 2493 4817 ﬁlios
2522 4761 2834 4830 acquisiisse
2863 4759 3184 4830 spiritualcs,
3218 4758 3320 4813 nisi
3349 4759 3513 4814 etiam

1937 4868 1992 4917 et
2022 4858 2120 4929 ipsi
2155 4855 2244 4926 qui
2274 4855 2415 4909 docti
2444 4861 2590 4918 sunt,
2625 4853 2762 4908 alios
2790 4851 2925 4907 ﬁlios
2953 4863 3238 4921 generasse
3267 4849 3514 4906 videren-

1933 4960 2044 5008 tur.
2104 4947 2268 5004 Filias
2315 4946 2456 5003 enim
2507 4944 2733 5015 ﬁliorum
2779 4942 3044 5014 signiﬁcat
3095 4948 3338 5011 nepotes,
3372 4941 3514 5011 quod

1933 5045 2118 5116 utique
2146 5041 2317 5098 beatis
2343 5039 2470 5096 viris
2499 5037 2808 5108 contingere
2838 5041 3033 5106 potest,
3058 5033 3146 5116 qui
3176 5033 3514 5103 praadicatio-

1936 5115 2092 5192 nibus
2122 5134 2321 5190 sanctis
2360 5130 2581 5203 populos
2623 5130 2889 5184 instruere
2929 5115 3277 5182 consuerunt.
3330 5123 3399 5181 Et
3435 5126 3516 5181 in-

1937 5241 2090 5289 tuere
2117 5229 2259 5301 quod
2286 5229 2422 5283 inter
2453 5238 2657 5282 summa
2684 5220 2873 5292 gaudia
2906 5219 3068 5294 “5
3109 5227 3373 5275 memorat
3417 5219 3520 5275 hoc

1937 5323 2258 5400 videndungg
2284 5317 2529 5388 lNecesse
2580 5323 2664 5370 est
2714 5313 2856 5368 enim
2905 5320 2963 5368 ut
3014 5313 3305 5384 acquisitus
3348 5311 3520 5369 ﬁdelis

1937 5430 2189 5488 magnum
2211 5397 2456 5485 gaudium
2482 5408 2656 5482 pariat
2677 5407 2968 5478 acquirenti
2995 5448 3012 5477 ,
3034 5408 3156 5479 quia
3180 5423 3366 5480 magna
3398 5409 3520 5465 inde

1938 5511 2196 5582 probatur
2228 5504 2475 5562 mercede
2501 5500 2878 5559 cumulandus.
2912 5501 2992 5556 Ad
3024 5515 3156 5570 quos
3187 5502 3316 5555 illud
3343 5503 3516 5556 talen-

1939 5611 2052 5659 tum
2101 5597 2341 5669 respicit,
2371 5595 2511 5666 quod
2557 5591 2941 5664 paterfamilias
2990 5590 3315 5662 duplicatum
3364 5593 3518 5647 lmtus

1937 5694 2162 5752 invenit.
2213 5690 2466 5761 Sequitur
2513 5685 2778 5742 sententia
2827 5699 2948 5753 qua:
2990 5683 3336 5739 beatitudinis
3377 5683 3519 5738 illius

1935 5789 2147 5845 culmen
2179 5786 2604 5851 suavitatemque
2647 5778 2915 5844 declarat;
2947 5785 3005 5832 ut
3031 5792 3196 5848 supra
3227 5776 3367 5830 illam
3395 5776 3517 5829 bea-

1937 5893 2042 5942 tam
2066 5882 2356 5938 Jcrusalem
2388 5893 2513 5947 pax,
2541 5874 2589 5929 id
2613 5882 2694 5928 est
2719 5871 2970 5926 Dominus
2994 5870 3238 5926 Salvator
3265 5867 3514 5941 insideat,

2477 6032 2554 6055 ._...,
