4032 6340
552 349 657 406 955

1775 351 1849 409 Μ.
1890 349 2173 411 AURELII
2208 349 2617 412 CASSIODORI

3722 359 3833 419 930

549 473 605 520 et
630 470 819 521 cuncta
863 464 1018 521 beata
1063 463 1240 531 iaciat,
1280 473 1611 537 quascunque
1656 464 1961 536 maiestatis
2017 476 2132 520 sua:
2154 464 2209 526 Α
2234 476 2489 533 perverso
2529 462 2667 521 Abel
2710 462 2887 534 justus
2933 464 3144 523 occisus
3189 471 3295 524 est.
3345 464 3577 526 Pertulit
3618 484 3839 545 quoque

550 554 744 611 virtute
779 556 1169 627 complectitur.
1216 556 1332 614 Hoc
1362 567 1443 615 est
1473 558 1623 630 quod
1653 558 1902 629 superius
1945 557 2081 614 dixit
2112 574 2127 613 :

555 644 744 701 Videas
769 662 883 717 qua
922 649 1055 702 bona
1090 657 1207 703 sunt
1246 649 1303 703 in
1342 648 1656 706 Jerusalem.
1689 649 1798 707 Ista
1840 651 1982 707 enim
2027 666 2132 721 ραις

547 745 630 792 est
657 752 813 807 quam
846 740 1023 796 omnis
1051 739 1323 797 desiderat
1365 742 1612 806 devotus,
1646 744 1731 799 cui
1761 742 2017 813 suspirat,
2042 743 2131 801 cui

546 831 729 901 gemit,
758 845 856 902 pro
878 845 984 902 qua
1012 832 1186 905 ipsam
1229 833 1461 891 animam
1483 835 1713 893 libenter
1742 835 1985 893 effundit.

1082 950 1350 1009 Conclusio
1380 954 1587 1025 psalmi.

613 1058 973 1130 Cognovimus
1003 1063 1057 1119 in
1088 1066 1341 1136 praesenti
1369 1066 1574 1137 psalmo
1599 1080 1717 1138 quae
1744 1065 1911 1123 Deum
1939 1065 2129 1123 timen-

544 1151 685 1207 tibus
713 1153 820 1209 sint
850 1156 1135 1225 promissa,
1166 1173 1298 1229 quos
1329 1158 1531 1215 fructus
1557 1159 1782 1229 recipiat
1812 1158 1904 1230 qui
1937 1157 2128 1213 Domi-

543 1260 671 1301 num
713 1247 924 1303 sincera
971 1258 1149 1307 mente
1188 1250 1461 1307 formidat.
1492 1251 1683 1307 Studio
1721 1265 1850 1323 ergo
1890 1250 2129 1306 maximo

543 1335 914 1409 deprecemur,
950 1347 1008 1395 ut
1033 1341 1193 1397 istum
1236 1344 1484 1399 timorem
1514 1342 1763 1413 accipere
1792 1356 2125 1409 mereamur,

541 1430 629 1496 qui
661 1444 769 1487 non
809 1432 877 1488 ad
923 1448 1139 1504 pmnam
1186 1437 1403 1507 petitur,
1434 1438 1529 1493 sed
1574 1437 1642 1493 ad
1691 1436 1953 1503 salutem;
1983 1433 2127 1493 unde

542 1520 666 1575 talia
699 1526 1037 1594 proveniunt,
1070 1527 1246 1597 qualia
1276 1542 1550 1599 nunquam
1580 1528 1647 1584 de
1673 1527 1864 1583 mundi
1888 1526 2127 1585 oblecta-

541 1614 687 1671 tione
713 1626 1026 1673 nascuntur.
1059 1618 1227 1674 Decet
1247 1621 1388 1675 enim
1415 1620 1523 1689 peti
1547 1617 1711 1674 nimia
1737 1618 2129 1688 supplicatione

540 1708 683 1776 quod
714 1724 982 1767 summum
1012 1719 1114 1767 est.
1166 1712 1505 1783 Quapropter
1535 1713 1616 1785 (ut
1640 1712 1845 1768 dictum
1874 1712 1981 1783 est)
2012 1712 2125 1770 Do-

541 1801 745 1857 minum
772 1802 973 1874 jugiter
997 1814 1335 1876 expetamus,
1362 1816 1420 1862 ut
1447 1807 1615 1878 ipsius
1645 1806 1891 1877 largitate
1917 1822 2126 1864 merea-

540 1905 662 1947 mur
692 1894 756 1949 ad
790 1895 913 1950 talia
943 1911 1163 1953 munera
1193 1898 1498 1969 pervenire.
1530 1898 1663 1954 Nam
1694 1899 1785 1970 qui
1809 1908 2125 1970 peccatores

540 1992 843 2053 Opportune
866 1992 921 2041 et
940 1986 1247 2057 importune
1270 1989 1517 2060 praecipit
1536 1989 1863 2061 supplicare,
1881 1989 2130 2062 promisit

539 2078 681 2146 quod
709 2079 870 2138 etiam
899 2088 953 2139 et
975 2095 1075 2139 nos
1106 2082 1403 2140 immeritos
1434 2085 1606 2155 possit
1630 2085 1840 2144 audire.

1000 2189 1319 2249 PSALMUS
1375 2192 1658 2252 CXXVIII.

1036 2280 1306 2339 Canticum
1345 2286 1619 2357 graduum.

608 2387 817 2447 Gradus
870 2393 972 2449 iste
1025 2394 1262 2452 decimus
1318 2396 1543 2455 denario
1602 2399 1712 2469 jam
1767 2408 2124 2472 promovetur

534 2495 784 2551 ascensu,
829 2492 1042 2543 terrena
1078 2488 1369 2559 deserens,
1401 2500 1457 2549 et
1482 2493 1732 2564 supernis
1776 2509 1837 2551 se
1883 2495 2125 2565 gloriosa

534 2576 807 2634 vicinitate
827 2579 1183 2652 coniungens.
1204 2581 1499 2641 Audiamus
1523 2599 1649 2641 eum
1672 2586 1727 2642 in
1754 2585 1864 2642 alto
1887 2586 2123 2657 positum

532 2666 742 2725 dulcius
771 2680 1076 2738 canentem,
1104 2676 1357 2745 quoniam
1410 2676 1634 2735 altitudo
1664 2678 1928 2751 graduum
1973 2678 2122 2750 psal-

535 2773 748 2815 morum
805 2762 964 2819 nobis
1016 2764 1487 2837 intelligendorum
1535 2777 1754 2840 praestat
1809 2784 2115 2826 ascensum.

532 2851 706 2910 Subiit
752 2856 950 2927 quippe
1000 2858 1220 2927 merito,
1246 2860 1337 2932 qui
1388 2860 1456 2917 ad
1511 2861 1723 2917 Domini
1773 2862 2121 2933 proximatur

530 2955 829 3017 aSpectum.
861 2948 968 3006 Sed
996 2959 1174 3009 tamen
1214 2952 1329 3009 haec
1359 2954 1541 3010 omnia
1574 2954 1848 3010 humilitas
1878 2962 2118 3026 praestat,

531 3054 652 3110 quae
696 3040 793 3098 Dei
844 3042 1072 3101 famulos
1116 3047 1373 3103 decenter
1416 3048 1637 3105 exaltat.
1676 3048 1962 3105 Videamus
1989 3048 2119 3120 quid

531 3129 605 3184 sit
644 3131 878 3200 positum
908 3134 962 3188 in
994 3135 1096 3191 hoc
1141 3152 1365 3194 numero
1407 3139 1667 3210 praemiali
1689 3180 1704 3208 ,
1737 3142 1863 3211 quia
1894 3140 2010 3211 ipse
2035 3148 2119 3197 est

2236 554 2568 626 temporibus
2595 555 2751 623 Loth,
2785 556 3001 627 quando
3046 558 3246 615 multas
3293 560 3609 631 iniquitates
3651 564 3831 622 Sodo-

2234 658 2453 702 morum
2482 647 2565 702 vir
2605 646 2782 703 ﬁdelis
2827 656 3083 718 expertus
3111 657 3216 707 est.
3257 649 3487 707 Pertulit
3513 650 3569 708 in
3597 652 3701 711 Job
3728 670 3830 712 no-

2235 739 2470 797 tissimas
2515 740 2636 796 illas
2683 751 2738 797 et
2779 742 3139 800 creberrimas
3188 744 3565 814 calamitates,
3606 751 3830 819 quando

2233 830 2436 888 diaboli
2472 831 2904 890 machinamenta
2927 834 3182 906 gloriosas
3225 836 3510 895 tolerantia
3556 842 3831 910 passionis

2231 923 2372 979 victa
2416 934 2719 982 cesserunt.
2766 924 3072 984 Pharaonis
3119 929 3411 999 quinetiam
3462 933 3694 1004 populus
3722 936 3829 994 Dei

2232 1018 2485 1075 acerbam
2513 1018 2935 1078 dominationem
2962 1021 3238 1079 sustinuit.
3264 1023 3417 1081 Multi
3446 1040 3580 1084 vero
3599 1030 3832 1087 sanctis-

2231 1111 2355 1166 simi
2402 1110 2839 1170 tribulationibus
2888 1122 2943 1169 et
2985 1114 3236 1185 periculis
3264 1116 3511 1187 appetiti,
3546 1128 3828 1181 certamen

2229 1202 2626 1260 atrocissimum
2674 1205 3040 1273 sustinentes,
3097 1208 3343 1279 martyrii
3392 1222 3653 1268 coronam
3695 1227 3831 1270 con-

2230 1303 2498 1350 summata
2554 1293 2708 1351 clade
2752 1304 3087 1352 meruerunt.
3135 1297 3308 1369 Ipsius
3351 1314 3564 1371 quoque
3604 1304 3818 1364 Christi

2230 1384 2446 1443 Domini
2488 1386 2739 1458 passione
2788 1397 3091 1460 expugnata
3140 1399 3224 1447 est
3280 1390 3552 1463 Ecclesia,
3592 1397 3830 1466 quando

2231 1477 2658 1549 imprudentibus
2700 1478 2815 1535 visa
2869 1487 2953 1536 est
3005 1479 3292 1538 Dominum
3337 1483 3605 1554 perdere,
3650 1502 3828 1558 quem

2228 1570 2353 1626 vitae
2386 1585 2498 1627 suae
2536 1570 2848 1641 praedicavit
2875 1580 3186 1639 auctorem;
3218 1574 3314 1631 sed
3341 1575 3467 1632 inde
3494 1577 3674 1646 potius
3702 1594 3828 1636 ere-

2228 1663 2327 1730 vit,
2359 1663 2500 1719 unde
2535 1677 2655 1719 eam
2699 1663 2941 1722 inﬁdeles
2971 1664 3229 1736 putabant
3270 1667 3623 1725 nihilominus
3661 1672 3825 1730 incli—

2231 1753 2371 1809 nari.
2394 1753 2504 1810 Nec
2527 1753 2659 1811 illud
2682 1764 2835 1811 vacat
2853 1755 2998 1827 quod
3013 1756 3278 1828 sequitur,
3296 1758 3435 1812 dicat
3458 1776 3594 1813 nunc
3615 1759 3826 1831 Israel;

2151 1850 2204 1916 Β
2228 1843 2437 1901 scilicet
2463 1846 2517 1901 in
2545 1845 2647 1902 hoc
2672 1846 2870 1903 saeculo
2888 1888 2904 1915 ,
2933 1848 3150 1918 quando
3191 1857 3401 1921 tempus
3429 1860 3516 1908 est
3547 1855 3827 1924 peniten-

2234 1939 2342 2007 tize,
2371 1949 2432 1996 ut
2459 1940 2790 1997 instruantur
2825 1940 3017 2013 reliqui
3062 1941 3271 1999 ﬁdeles.
3303 1944 3436 2000 Nam
3471 1954 3597 2016 post
3633 1962 3827 2007 resur-

2231 2032 2529 2092 rectionem
2557 2034 2863 2107 generalem
2904 2035 3049 2092 solas
3086 2035 3304 2092 Domini
3349 2037 3542 2095 laudes
3586 2042 3831 2101 cantabit

2230 2143 2445 2201 semper
2470 2128 2736 2186 Ecclesia.
2764 2127 2914 2185 Istud
2938 2128 3083 2186 enim
3109 2130 3253 2201 quod
3288 2132 3524 2201 positum
3549 2143 3656 2203 est,
3682 2137 3827 2195 dicat

2231 2238 2366 2277 nunc
2410 2220 2596 2287 Israel,
2623 2234 2720 2291 per
2768 2228 2879 2277 tres
2926 2234 3113 2278 versus
3163 2221 3254 2292 qui
3291 2232 3593 2295 sequuntur
3619 2226 3818 2300 ubique

2229 2312 2662 2371 subaudiendum
2691 2321 2793 2370 est.

2302 2404 2458 2462 Vcrs.
2490 2405 2545 2460 2.
2586 2404 2735 2477 Saepe
2764 2414 3181 2479 expugnaverunt
3216 2423 3296 2463 me
3315 2425 3348 2462 a
3364 2411 3633 2480 juventam
3661 2427 3777 2468 area
3801 2429 3822 2467 :

2230 2494 2414 2551 statim
2447 2512 2548 2550 non
2580 2505 2854 2566 potuerunt
2889 2498 3035 2552 mihi.
3062 2496 3130 2553 Et
3158 2499 3211 2553 in
3240 2499 3430 2569 quinto
3458 2500 3665 2571 psalmo
3692 2518 3823 2573 gra-

2228 2588 2431 2645 dalium
2459 2588 2741 2658 superiore
2768 2590 2969 2646 laetum
2990 2600 3073 2647 est
3100 2590 3274 2647 simile
3304 2592 3645 2664 principium.
3679 2595 3817 2662 Quae

2227 2679 2396 2751 ﬁgura
2426 2678 2621 2736 dicitur
2650 2681 2951 2752 anaphora,
2973 2683 3025 2738 id
3055 2691 3139 2739 est
3166 2683 3360 2741 relatio
3390 2685 3636 2756 ejusdem
3663 2687 3823 2746 verbi

2227 2786 2326 2844 per
2348 2772 2613 2844 principia
2658 2789 2912 2831 versuum
2957 2775 3334 2845 plurimorum.
3366 2777 3518 2836 Nunc
3559 2780 3704 2835 enim
3730 2780 3825 2837 in-

2228 2866 2517 2938 telligenda
2562 2875 2646 2924 est
2688 2875 2938 2924 senectus
2968 2868 3251 2938 Ecclesiae,
3283 2870 3491 2929 dicente
3516 2874 3818 2944 apostolo:

2225 2956 2429 3027 Filioli,
2450 2960 2727 3016 novissima
2770 2961 2898 3015 liora
2937 2969 3013 3016 est
3038 2959 3093 3033 (I
3117 2961 3281 3018 Joan.
3304 2978 3360 3031 ιι,
3392 2963 3499 3035 18).
3533 2966 3844 3044 Quidquid

2224 3050 2366 3106 enim
2404 3051 2458 3106 in
2486 3051 2594 3109 ﬁne
2619 3051 2808 3108 mundi
2836 3053 3062 3122 geritur,
3092 3065 3342 3112 senectus
3364 3056 3639 3126 aptissime
3670 3072 3825 3117 nun-

2223 3152 2467 3216 cupatur.
2498 3144 2838 3215 Quapropter
2873 3160 2904 3197 a
2924 3146 3190 3216 juventute
3222 3161 3318 3203 sua
3360 3148 3500 3204 bene
3540 3162 3601 3205 se
3643 3164 3818 3219 expa-

532 3217 786 3277 denarius
837 3238 998 3293 quem
1063 3225 1435 3286 laborantibus
1485 3230 1541 3286 in
1597 3231 1753 3287 vinea
1805 3245 1905 3287 sua
1966 3231 2117 3289 dives
2145 3237 2193 3304 ο
2223 3245 2428 3307 gnatam
2474 3234 2604 3291 dicit
2648 3234 2921 3302 Ecclesia;
2956 3245 3014 3291 ut
3056 3236 3324 3308 intelligas
3369 3239 3494 3309 quia
3541 3217 3817 3313 nunquam

535 3313 794 3371 Dominus
815 3318 901 3387 pia
928 3318 1175 3388 largitate
1205 3324 1453 3379 concedit
1480 3322 1696 3395 (Matth.
1730 3340 1821 3394 xx,
1845 3325 1925 3398 9).
1950 3325 2118 3383 Docet

531 3410 673 3466 enim
702 3414 960 3482 propheta
990 3414 1284 3470 toleranter
1309 3429 1407 3470 nos
1433 3416 1617 3472 saeculi
1646 3416 1924 3474 molestias
1946 3417 2114 3474 susti-

531 3513 689 3566 nere,
739 3500 953 3571 quando
1012 3503 1270 3561 Ecclesia:
1318 3506 1536 3563 crebras
1576 3505 1747 3564 fuisse
1789 3510 2108 3581 comprobat

532 3605 839 3662 passrones.

1102 3709 1295 3767 Divisio
1327 3713 1541 3784 psalmi.

600 3816 800 3888 Spiritu
831 3830 1018 3878 sancto
1042 3824 1304 3895 propheta
1333 3826 1652 3897 completus,
1678 3827 1732 3882 in
1757 3829 1930 3899 prima
1958 3830 2108 3900 posi-

528 3910 671 3967 tione
720 3926 899 3971 monet
951 3916 1111 3974 Israel
1165 3928 1225 3975 ut
1277 3920 1425 3978 dicat
1474 3931 1672 3993 quanta
1719 3926 2017 3982 certamina
2060 3935 2116 3984 et

525 4005 711 4073 quales
760 4007 978 4063 insidias
1028 4024 1058 4064 a
1106 4011 1217 4067 suis
1259 4014 1538 4082 pertulerit
1586 4016 1842 4087 inimicis,
1875 4032 1945 4075 ne
1986 4020 2111 4090 quis

529 4094 762 4151 ﬁdelium
792 4098 859 4154 dc
889 4102 1120 4172 propriis
1163 4104 1593 4162 tribulationibus
1622 4107 1914 4179 desperare
1960 4111 2113 4169 vide-

528 4192 696 4240 retur.
728 4187 974 4244 Secunda
999 4193 1267 4261 positione
1310 4196 1607 4266 prophetiae
1635 4197 1829 4267 spiritu
1876 4201 2113 4271 pertina-

524 4275 677 4332 cibus
719 4286 773 4333 et
815 4280 1049 4337 inimicis
1099 4283 1357 4341 Ecclesia:
1399 4302 1494 4357 per
1522 4289 1782 4359 quasdam
1823 4292 2110 4362 parabolas

526 4367 870 4442 imprecatur,
900 4377 1040 4445 quod
1070 4376 1154 4435 eis
1182 4379 1238 4434 in
1273 4379 1476 4450 judicio
1521 4381 1699 4439 futuro
1726 4393 1951 4442 noverat
1980 4400 2105 4445 esse

526 4472 829 4526 venturum.

1061 4583 1333 4657 Expositio
1362 4590 1567 4661 psalmi.

594 4690 751 4750 Vers.
784 4695 835 4750 l.
865 4696 1017 4765 Sarpe
1044 4711 1456 4770 expugnaverunt
1487 4719 1564 4757 me
1592 4696 1624 4757 ὸ
1656 4704 1927 4774 juventute
1968 4725 2103 4777 mea,

522 4783 662 4839 dicat
701 4803 835 4841 nunc
869 4786 1046 4844 Israel.
1095 4791 1426 4848 Admonetur
1455 4793 1643 4864 Israel,
1671 4796 1723 4852 id
1749 4808 1832 4854 est
1860 4799 2104 4857 Ecclesia

524 4877 641 4943 Dei,
661 4887 716 4933 ut
738 4879 878 4935 dicat
907 4892 1250 4952 expugnatam
1278 4902 1330 4939 se
1359 4902 1490 4958 stupe
1510 4896 1563 4943 et
1591 4906 1621 4941 α
1636 4892 1921 4961 juventule.
1952 4892 2108 4965 Stepe

530 4966 796 5035 signiﬁcat
840 4967 1193 5040 frequentiam
1225 4975 1555 5043 passionum.
1605 4980 1649 5034 Α
1681 4981 1968 5049 juventule,
1998 4983 2111 5054 pri-

533 5073 681 5112 mum
732 5069 941 5131 tempus
994 5065 1197 5133 aetatis,
1246 5068 1459 5138 quando
1508 5072 1576 5127 ab
1627 5072 1755 5141 ipsis
1799 5075 2106 5145 primordiis

525 5151 851 5209 S$VlS=lﬂlaS
879 5158 1311 5228 conlrarietates,
1340 5162 1555 5220 diabolo
1598 5165 1909 5238 instigante,
1937 5171 2105 5228 susti-

523 5243 658 5299 nuit.
690 5243 780 5300 Sic
826 5247 970 5303 enim
1016 5251 1152 5308 alius
1200 5253 1440 5323 psalmus
1486 5256 1610 5311 ait:
1648 5256 1898 5314 Juvenior
1933 5261 2013 5332 [ui
2057 5271 2107 5319 et

522 5338 688 5405 senui,
718 5349 764 5394 et
794 5356 894 5395 non
923 5343 1028 5397 vidi
1064 5348 1263 5417 justum
1311 5350 1626 5421 derelictum,
1661 5368 1750 5409 nec
1794 5373 1964 5412 semen
1993 5360 2105 5425 eius

520 5439 746 5499 egentem
765 5448 897 5500 pane
919 5432 1092 5503 (Psat.
1117 5451 1298 5506 xxxvi,
1320 5439 1435 5511 25).
1465 5441 1665 5501 Neutro
1683 5448 1865 5518 generi
1892 5464 2104 5507 mascu-

520 5519 686 5573 linum
710 5536 878 5591 genus
905 5524 1182 5595 adjunxit;
1207 5532 1344 5599 quod
1368 5532 1508 5591 inter
1531 5538 1780 5595 idiomata
1810 5540 2101 5613 Scriptura

2224 3328 2371 3385 ﬁnita
2408 3342 2529 3400 quae
2565 3343 2780 3399 semper
2821 3338 3115 3401 expugnata
3142 3338 3235 3387 est.
3267 3330 3477 3388 Crescit
3504 3334 3645 3390 enim
3680 3350 3810 3405 per-

2222 3418 2590 3478 secutionibus
2618 3418 3012 3490 improborum,
3036 3434 3241 3492 suaque
3287 3423 3611 3480 contritione
3646 3438 3817 3495 gran-

2223 3513 2414 3570 descit.
2456 3511 2590 3568 Nam
2614 3512 2716 3568 etsi
2760 3512 3006 3569 videatur
3032 3522 3247 3571 sanctos
3292 3516 3440 3571 viros
3469 3517 3524 3572 in
3562 3516 3662 3573 hac
3694 3518 3804 3575 vita

2222 3608 2493 3674 amittere,
2523 3612 2702 3661 tamen
2747 3619 2842 3661 eos
2888 3604 3084 3663 futura
3116 3606 3303 3677 patris
3331 3608 3587 3680 probatur
3629 3611 3815 3682 acqui-

2221 3712 2371 3765 rere;
2402 3706 2457 3755 et
2484 3695 2608 3754 ideo
2646 3712 2757 3753 non
2787 3705 2964 3768 potest
3008 3697 3171 3765 ﬁniri,
3200 3700 3415 3771 quando
3455 3700 3598 3757 illam
3640 3701 3814 3760 detri-

2229 3790 2426 3848 mentis
2471 3789 2581 3848 suis
2627 3799 2839 3847 constat
2887 3793 3090 3863 augeri.
3122 3792 3256 3849 Nam
3302 3804 3360 3851 et
3404 3797 3679 3865 sequentia
3729 3796 3815 3855 sic

2221 3883 2524 3948 declarant;
2554 3882 2688 3938 dicit
2729 3891 2934 3951 autem,
2965 3887 3148 3941 etenim
3188 3902 3293 3941 non
3339 3897 3605 3958 potuerunt
3647 3890 3814 3947 mihi.

2221 3974 2338 4031 Non
2381 3974 2615 4045 potuisse
2650 3973 2753 4031 sibi
2779 3976 3075 4045 praevalere
3118 3976 3271 4046 dicit,
3306 3992 3433 4048 quos
3464 3992 3521 4033 se
3545 3980 3813 4049 superius

2220 4082 2535 4136 expugnasse
2579 4074 2988 4123 commemorat.
3037 4066 3355 4139 lmperl‘ecta
3394 4077 3477 4126 est
3516 4068 3666 4125 enim
3712 4086 3815 4128 ex-

2218 4161 2492 4231 pugnatio,
2514 4176 2633 4230 quae
2658 4159 2855 4217 iterum
2878 4161 2946 4216 ad
2964 4168 3240 4217 certamen
3263 4162 3432 4229 redit;
3460 4178 3559 4220 nec
3581 4164 3814 4224 victoria

2218 4252 2379 4310 debet
2416 4253 2543 4323 dici,
2572 4262 2854 4325 postquam
2900 4254 3094 4310 iterum
3141 4262 3352 4311 constat
3376 4270 3539 4327 posse
3566 4259 3807 4334 conﬁigi.

2214 4343 2369 4413 Quod
2402 4353 2579 4401 tamen
2606 4360 2817 4402 comma
2849 4360 3083 4416 sequens
3119 4361 3312 4403 versus
3341 4349 3589 4419 exponit.

2286 4445 2441 4503 Vers.
2472 4446 2526 4501 5.
2566 4447 2741 4516 Supra
2772 4447 2982 4502 dorsum
3014 4463 3180 4502 meum
3213 4448 3590 4519 fabricaverunt
3631 4470 3810 4524 pecca-

2215 4548 2379 4605 tores;
2410 4539 2839 4612 prolongaverunt
2882 4540 3208 4611 iniquitatem
3247 4558 3413 4597 suam.
3456 4541 3807 4605 Consuetudo

2136 4633 2192 4695 D
2216 4642 2299 4690 eat
2343 4633 2674 4704 nequissima
2719 4633 3066 4704 perﬁdorum,
3095 4643 3153 4690 ut
3181 4636 3397 4705 quando
3434 4634 3642 4708 aliquid
3686 4642 3804 4699 uni-

2213 4740 2367 4782 verso
2411 4726 2611 4796 populo
2652 4727 2865 4797 publice
2913 4736 3188 4797 nequeunt
3229 4729 3543 4799 imponere,
3593 4733 3802 4791 occulte

2211 4819 2449 4874 nitantur
2471 4818 2695 4889 singulis
2721 4819 2899 4890 aliqua
2928 4818 3191 4887 suadere;
3216 4829 3274 4877 ut
3311 4821 3398 4878 vel
3430 4836 3635 4892 paucos
3662 4823 3801 4882 deci-

2211 4910 2375 4981 piant,
2425 4910 2516 4983 qui
2559 4909 2711 4983 [mss.
2757 4911 2847 4980 A.,
2894 4911 2982 4977 B.,
3024 4911 3121 4982 F.,
3148 4904 3308 4987 quia]
3356 4914 3661 4973 Ecclesiam
3708 4915 3803 4976 Dei

2211 5002 2358 5059 nulla
2382 5010 2673 5073 potuerunt
2716 5004 3064 5073 perversitate
3093 5005 3427 5063 subvertere.
3461 5007 3800 5075 Fabric-ntust

2211 5109 2341 5152 vero
2365 5084 2524 5167 supra
2552 5096 2763 5153 dorsum
2782 5113 2936 5154 suum
2957 5116 2990 5156 a
3014 5101 3363 5169 peccatoribus
3394 5117 3520 5161 esse
3548 5112 3798 5175 testatur,

2210 5186 2303 5258 qui
2333 5185 2485 5243 dolos
2515 5186 2692 5243 facere
2720 5202 2751 5243 a
2781 5188 2869 5244 tali
2893 5196 3045 5260 parte
3071 5189 3356 5260 festinant;
3385 5201 3445 5249 ut
3470 5196 3563 5266 qui
3597 5210 3630 5251 a
3662 5196 3798 5254 {acie

2209 5276 2379 5333 videri
2429 5287 2671 5349 possunt,
2702 5292 2733 5333 a
2785 5287 2935 5352 tergo
2983 5279 3207 5338 minime
3255 5281 3423 5356 m
3470 5288 3794 5345 sentiantur.

2209 5370 2346 5427 Hinc
2388 5380 2747 5441 superventus
2794 5372 3133 5430 inimicorum
3176 5375 3412 5446 graviter
3454 5376 3792 5447 formidatur,

2209 5478 2329 5519 cum
2357 5463 2562 5519 dorsum
2605 5465 2848 5521 nituntur
2892 5466 3067 5523 subita
3117 5466 3424 5525 incursione
3452 5470 3698 5529 turbare.
3730 5473 3795 5530 Et

2207 5562 2264 5608 ut
2289 5555 2559 5624 patientia:
2602 5570 2714 5611 sua:
2738 5554 2904 5612 robur
2941 5557 3226 5629 ostendat,
3255 5559 3430 5630 ipsum
3477 5566 3790 5622 certaminis

521 5611 739 5726 divina:2
766 5624 975 5726 constat
1017 5632 1139 5674 esse
1186 5628 1595 5726 numerandum.
1641 5629 1890 5703 Egentem
1941 5652 2096 5707 pane,
2203 5657 2369 5713 genus
2395 5646 2735 5716 exsequitur;
2768 5647 2912 5718 quod
2940 5665 3324 5723 nonnunquam
3351 5660 3408 5710 et
3435 5669 3468 5710 a
3495 5657 3791 5726 superiori-

518 5702 813 5821 non‘enim‘
828 5705 910 5760 vel
937 5722 1090 5776 puer,
1118 5712 1202 5768 vel
1246 5715 1558 5776 adolescens
1585 5702 2095 5797 liocivideratvquod
2202 5702 2301 5791 bus
2329 5734 2446 5806 plus
2496 5702 2735 5795 timetur:
2780 5702 2853 5795 Et
2885 5749 2941 5796 ut
2971 5702 3196 5800 iterum1
3221 5746 3366 5815 ipsas
3407 5702 3786 5821 subrelptiones

516 5796 747 5857 diccbat.
776 5799 821 5855 Α
839 5802 1106 5874 juventute
1144 5820 1272 5880 ergo
1301 5808 1594 5883 signiﬁcat,
1623 5818 1839 5887 quando
1866 5835 1900 5879 a
1927 5796 2096 5881 fratre
2200 5796 2601 5889 momentancas
2650 5846 2757 5891 non
2802 5796 3439 5912 putares—{prolongata
3477 5796 3613 5903 dici:
