4032 6340
235 486 349 547 937

1137 478 1497 538 EXPOSITIO
1534 476 1604 535 ΙΝ
1639 474 2097 534 PSALTERlUM.
2140 476 2333 536 PSAL.
2375 476 2613 533 CXXIX.

3405 481 3509 536 958

232 602 378 669 dias,
408 612 542 672 quas
568 596 783 655 assidue
809 596 994 655 hostes
1036 596 1163 654 ﬁdei
1204 597 1423 653 armatis
1463 595 1718 653 sensibus
1746 596 1829 652 in-
1854 604 1904 664 Α
1931 594 2104 650 lorum
2146 594 2342 665 quippe
2387 595 2594 650 actibus
2635 600 2883 652 neutrum
2928 596 3067 667 frugi
3096 595 3294 668 aliquid
3341 598 3513 669 po‘uit

234 696 519 768 gerebant.

313 808 469 865 Vers.
502 807 554 862 4.
588 805 841 863 Dominus
871 809 1047 879 justus
1076 806 1305 861 concidet
1339 806 1553 860 cervices
1584 814 1823 875 peccato-

233 921 376 960 rum.
406 904 543 959 Cum
583 903 653 958 sit
697 902 954 957 Dominus
1004 901 1245 969 patiens,
1279 907 1333 956 et
1362 900 1739 970 magnanimis,
1775 905 1833 953 et

235 996 516 1051 sustinens
550 999 884 1064 peccatores,
917 993 986 1048 de
1012 991 1118 1047 illis
1147 984 1582 1062 delinquentibus
1627 990 1835 1047 mavult

239 1086 500 1159 intelligi,
532 1086 624 1157 qui
672 1085 839 1153 ipsius
887 1084 1253 1140 misericordia
1297 1083 1365 1140 ad
1414 1083 1834 1139 satisfactionem

239 1180 558 1235 desiderant
598 1177 774 1233 redire
802 1179 1109 1233 salutarem.
1144 1177 1366 1233 Cervices
1405 1185 1582 1231 autem
1623 1192 1720 1247 pro
1745 1190 1837 1231 su-

239 1272 430 1343 perbia
487 1269 687 1342 positas
742 1270 1021 1340 Scriptura
1078 1278 1339 1337 testatur,
1384 1270 1570 1325 dicens
1616 1285 1629 1321 :
1674 1267 1835 1322 Cerno

238 1365 382 1436 quod
426 1365 648 1433 papulas
676 1363 759 1418 hic
803 1363 946 1417 duras
988 1363 1192 1417 cervicis
1216 1363 1282 1415 sit
1313 1359 1510 1433 (Exod.
1552 1375 1723 1423 χχχιι,
1754 1358 1833 1431 9).

241 1458 318 1514 Et
339 1457 528 1512 beatus
547 1454 850 1525 Stephanus
869 1455 923 1508 in
952 1454 1201 1523 passione
1221 1468 1317 1508 sua
1343 1452 1558 1507 Judaeos
1583 1466 1833 1521 arguens,

242 1548 418 1605 dicit:
444 1548 591 1602 Dura
618 1549 831 1614 cervice,
860 1556 910 1603 et
936 1547 1303 1601 incircumcisis
1343 1546 1581 1600 cordibus
1608 1553 1655 1600 et
1692 1545 1839 1599 auri-

246 1640 366 1707 bus,
401 1656 488 1695 vos
516 1655 713 1710 semper
748 1639 972 1710 Spiritui
998 1648 1174 1694 sancto
1202 1639 1483 1703 restitistis,
1513 1638 1643 1691 sicut
1669 1645 1715 1690 et
1742 1652 1837 1707 pa-

249 1738 360 1785 tres
397 1731 546 1785 vestri
588 1730 731 1801 (Act.
772 1744 869 1795 vn,
901 1729 1016 1800 51).
1071 1728 1189 1785 lstis
1226 1744 1357 1799 ergo
1386 1729 1502 1784 haec
1530 1727 1841 1782 vicissitudo

252 1820 517 1890 redditur,
544 1829 602 1878 ut
630 1822 844 1877 cervices
872 1836 1005 1891 quas
1043 1829 1225 1877 contra
1258 1820 1543 1877 Dominum
1576 1819 1842 1875 letbaliter

251 1920 579 1987 extulerunt,
599 1922 728 1992 jugo
753 1921 923 1991 ipsius
951 1923 1099 1977 suavi
1124 1921 1345 1977 salutari
1378 1919 1682 1976 humilitate
1708 1919 1838 1975 sub-

252 2010 469 2067 dantur.
513 2013 669 2079 Quod
698 2027 844 2083 saepe
893 2012 966 2069 de
1013 2011 1448 2083 persecutoribus
1491 2010 1691 2066 factum
1721 2023 1843 2067 esse

252 2111 639 2179 meminimus,
692 2121 751 2168 ut
812 2113 1008 2169 ﬁerent
1050 2111 1434 2182 praedicatores
1492 2112 1846 2167 sanctissimae

255 2204 560 2273 religionis,
582 2206 672 2276 qui
703 2206 849 2275 prius
879 2205 1018 2262 idola
1051 2205 1452 2261 nefandissimis
1484 2203 1845 2273 persuasioni-

253 2294 360 2351 bus
382 2294 505 2367 [ms.
533 2295 596 2350 G.
629 2306 680 2351 et
718 2296 821 2362 ed.,
850 2293 1336 2367 persecutionibus]
1371 2294 1732 2350 vindicabant.

334 2407 489 2465 Vers.
537 2407 591 2465 5.
645 2409 1040 2480 Confundantur
1081 2420 1127 2466 et
1172 2419 1495 2466 revereantur
1543 2426 1714 2465 omnes
1759 2411 1847 2480 qui

258 2506 475 2559 oderunt
524 2504 673 2561 Sion.
726 2505 881 2563 Venit
924 2509 989 2563 ad
1039 2508 1359 2578 positionem
1404 2507 1723 2575 secundam,
1758 2507 1846 2565 ubi

256 2612 429 2669 usque
468 2596 535 2653 ad
566 2597 725 2655 ﬁnem
769 2600 963 2669 psalmi
993 2615 1088 2671 per
1131 2600 1355 2671 ﬁguram
1388 2600 1703 2671 parabolen,
1729 2600 1845 2671 qui-

258 2688 482 2743 busdam
510 2691 1009 2760 comparationibus
1035 2692 1364 2748 adversariis
1394 2692 1678 2747 obstinatis
1708 2707 1848 2762 prac-

259 2777 391 2833 dicit
437 2794 557 2836 esse
598 2789 917 2848 venturum;
964 2783 1106 2854 quod
1149 2785 1229 2839 eis
1276 2784 1332 2838 in
1383 2784 1592 2839 Domini
1641 2792 1852 2841 constat

262 2871 481 2927 evenire
509 2885 668 2942 posse
692 2872 919 2943 judicio.
962 2872 1385 2946 Confundentur,
1418 2890 1539 2931 cum
1568 2875 1849 2947 perﬁdiam

261 2975 415 3016 suam
445 2962 679 3019 viderint
707 2966 761 3019 in
792 2965 878 3021 illa
908 2969 1136 3023 veritate
1164 2968 1428 3024 damnari.
1461 2967 1851 3023 Reverebuntur

259 3050 609 3121 iudicantem,
641 3070 801 3125 quem
849 3056 937 3111 hic
978 3057 1323 3113 temnendutn
1355 3072 1476 3114 esse
1503 3066 1849 3128 putaverunt.

262 3138 373 3208 Ipsi
397 3142 537 3197 enim
562 3143 778 3198 oderunt
820 3145 970 3211 Sion,
1009 3145 1062 3201 id
1093 3154 1176 3202 est
1205 3146 1526 3216 Ecclesiam,
1556 3148 1647 3219 qui
1674 3148 1851 3204 incar-

260 3233 536 3291 nationem
568 3235 782 3292 Domini
813 3237 1016 3294 insanis
1042 3240 1316 3296 mentibus
1355 3250 1703 3312 respuerunt.

334 3341 492 3400 Vers.
517 3345 572 3401 6.
601 3345 764 3401 Fiant
790 3350 920 3403 sicut
939 3352 1114 3420 fenum
1140 3351 1501 3421 aediﬁciorum,
1524 3353 1663 3422 quod
1683 3353 1850 3423 prius-

263 3454 421 3507 quam
467 3440 710 3494 evellatur
755 3443 959 3496 arescit.
1019 3442 1206 3499 Solent
1254 3444 1483 3515 aediﬁcia
1532 3444 1752 3501 deserta
1798 3446 1854 3501 in

263 3531 633 3587 cacuminibus
660 3533 773 3588 suis
802 3533 1004 3591 caduca
1052 3536 1173 3605 fena
1216 3536 1538 3606 producere,
1569 3553 1688 3608 qua:
1730 3546 1856 3594 ante

265 3627 479 3689 tempus
518 3622 854 3680 eollectionis
897 3624 1131 3680 arefacta
1170 3625 1482 3697 dispereunt
1508 3646 1520 3681 :
1544 3628 1670 3698 quia
1711 3627 1856 3683 nulla

265 3711 575 3768 ﬁrmissima
596 3714 782 3771 radice
804 3715 1105 3788 viguerunt.
1130 3717 1224 3773 His
1251 3726 1562 3787 peccatores
1591 3719 1851 3776 obstinati

264 3804 542 3873 aptissima
590 3808 846 3865 societate
889 3810 1222 3882 junguntur:
1255 3812 1508 3882 quoniam
1536 3820 1592 3867 et
1635 3811 1724 3867 hic
1751 3811 1859 3867 fre-

267 3907 497 3964 quenter
530 3897 863 3970 diapereunt,
888 3911 1173 3972 antequam
1198 3902 1264 3957 de
1290 3902 1392 3960 hac
1417 3904 1537 3961 luce
1566 3904 1851 3970 tollantur;

263 3999 561 4045 nascuntur
604 3992 752 4047 enim
780 3992 834 4049 in
863 3994 1233 4052 cacuminibus
1261 3997 1550 4067 superbiae,
1579 3997 1667 4052 ubi
1711 3997 1856 4052 nulla

268 4081 543 4138 soliditate
568 4084 888 4141 consistunt.
913 4085 1047 4140 Nam
1070 4087 1116 4142 si
1138 4087 1189 4142 in
1217 4087 1463 4143 convalle
1494 4089 1858 4157 lacrymarum

268 4174 668 4241 germinarent,
714 4174 919 4232 fructus
973 4191 1101 4234 suos
1159 4193 1332 4249 usque
1376 4178 1445 4233 ad
1496 4179 1855 4235 maturitatem

274 4264 525 4335 (Domino
557 4267 801 4339 juvante)
835 4269 1215 4339 perducerent.

338 4380 495 4437 Vers.
538 4382 590 4437 7.
633 4382 713 4437 De
757 4399 856 4454 quo
903 4400 1007 4439 non
1053 4386 1279 4457 implevit
1331 4401 1540 4440 manum
1584 4401 1731 4440 suam
1773 4387 1862 4456 qui

271 4470 455 4537 metit,
506 4480 552 4526 et
604 4472 774 4527 sinum
828 4490 977 4528 suum
1026 4476 1112 4545 qui
1164 4476 1454 4546 manipulos
1519 4478 1733 4547 colligit.
1800 4476 1860 4533 In

266 4560 380 4617 feni
429 4561 610 4630 specie
656 4572 997 4632 perseverat;
1049 4574 1105 4621 et
1155 4566 1299 4622 sicut
1346 4567 1595 4637 superius
1656 4569 1710 4621 in
1750 4567 1860 4624 alio

266 4663 477 4735 psalmo
505 4663 574 4719 de
596 4663 876 4722 beatorum
900 4664 1163 4721 fructibus
1190 4666 1359 4722 dicit:
1391 4666 1664 4722 Venientes
1689 4677 1860 4723 autem

1939 702 2186 743 inveniri.

1948 802 1949 805 η
2008 778 2167 833 Vcrs.
2191 777 2244 834 8.
2272 776 2341 831 Et
2362 794 2463 831 non
2484 778 2721 833 dixerunt
2739 779 2826 849 qui
2848 778 3515 850 prateribant:Beuedictio

1936 869 2146 925 Domini
2184 886 2339 941 super
2378 886 2465 925 vos
2487 885 2507 925 :
2529 870 2873 925 benediximus
2919 872 3053 926 vobis
3081 873 3133 925 in
3170 874 3373 928 nomine
3403 874 3514 929 Do-

1936 966 2081 1020 mini.
2110 964 2450 1022 Consuetudo
2494 966 2633 1022 inter
2673 966 2932 1022 liebrmos
2960 976 3077 1022 erat
3114 976 3173 1022 ut
3215 969 3261 1023 si
3292 978 3514 1037 agentes

1936 1056 2099 1123 viam,
2128 1056 2435 1113 laborantes
2464 1058 2519 1112 in
2558 1056 2737 1128 aliquo
2787 1071 3035 1127 agrorum
3080 1073 3246 1128 opere
3285 1061 3518 1129 reperis.

1936 1157 2092 1216 sent,
2141 1149 2310 1220 gratia
2359 1149 2559 1205 indulta
2614 1149 3024 1217 benedicerent;
3077 1150 3215 1207 sicut
3267 1150 3321 1207 in
3373 1152 3513 1209 libro

1938 1239 2081 1295 Ruth
2128 1241 2365 1311 legitur:
2400 1241 2645 1311 Dixitque
2679 1239 2819 1297 Boos
2851 1243 3032 1313 juveni
3078 1243 3163 1312 qui
3214 1244 3522 1300 messoribus

1938 1337 2199 1402 praeerat:
2229 1329 2479 1385 Dominus
2531 1332 2803 1386 vobiscum.
2874 1332 2975 1398 Qui
3018 1334 3385 1404 responderunt
3429 1336 3477 1387 ei
3492 1347 3522 1395 ,⁸

1938 1420 2212 1477 Benedicat
2258 1421 2348 1475 tibi
2378 1420 2630 1476 Dominus
2676 1423 2864 1493 (Ruth.
2893 1440 2952 1488 tt,
2981 1426 3037 1492 4,
3066 1424 3145 1495 5).
3178 1426 3253 1479 De
3280 1439 3386 1495 quo
3414 1425 3521 1480 ritu

1940 1512 2254 1583 magniﬁcus
2305 1511 2390 1567 hic
2430 1526 2461 1566 a
2504 1514 2774 1568 contrario
2815 1528 3005 1570 sensus
3044 1524 3349 1585 assumptus
3399 1526 3520 1572 est:

1940 1604 2195 1675 quoniam
2224 1604 2501 1659 sceleratis
2549 1604 2778 1659 inaniter
2825 1605 3173 1675 operantibus
3215 1605 3523 1662 benedictio

1942 1695 2086 1750 nulla
2118 1701 2425 1765 praestatur.
2455 1692 2831 1749 Prwtereuntes
2871 1702 3048 1749 autem
3103 1695 3368 1765 signiﬁcat
3396 1710 3524 1751 san-

1942 1797 2057 1846 etos
2098 1788 2266 1856 viros,
2298 1788 2387 1859 qui
2430 1786 2617 1843 mundi
2662 1787 2819 1843 istius
2861 1786 3082 1843 confusa
3120 1796 3174 1844 et
3215 1791 3525 1858 perturbata

1944 1886 2266 1945 temnentes,
2296 1879 2365 1933 ad
2404 1878 2585 1934 saeculi
2624 1878 2762 1934 illius
2804 1878 3030 1949 paciﬁca
3073 1887 3129 1933 et
3163 1879 3340 1949 quieta
3378 1878 3528 1934 festi-

1871 1994 1919 2057 Β
1947 1979 2103 2035 nant;
2136 1978 2196 2025 ut
2247 1983 2433 2025 revera
2484 1971 2747 2039 printer-ire
2798 1970 3114 2040 videantur,
3146 1986 3264 2040 qua:
3316 1971 3527 2027 Domini

1947 2078 2131 2119 amore
2170 2071 2539 2120 contemnunt.
2568 2062 2701 2119 Nam
2742 2065 2789 2120 si
2832 2064 2965 2120 istos
2994 2075 3353 2136 prwlercuttles
3393 2068 3528 2123 velis

1951 2156 2049 2212 tibi
2073 2154 2392 2211 auctoritate
2433 2154 2612 2211 divina
2644 2156 2869 2225 ﬁrmari,
2898 2157 3023 2212 audi
3049 2157 3269 2229 Moysen
3296 2177 3307 2211 :
3334 2157 3530 2214 Trans-

1948 2252 2030 2305 ibo
2061 2257 2107 2303 et
2145 2249 2321 2304 videbo
2352 2250 2596 2304 visionem
2624 2249 2758 2304 hanc
2800 2250 2996 2321 (Exod.
3024 2267 3102 2320 nt,
3135 2251 3213 2323 3).
3246 2253 3311 2308 Et
3336 2252 3389 2307 in
3421 2253 3529 2309 alio

1948 2342 2156 2411 psalmo
2184 2342 2429 2411 superius
2452 2342 2654 2397 dictum
2686 2350 2805 2397 est:
2837 2341 2959 2396 Vidi
2986 2343 3199 2415 impium
3224 2347 3528 2415 superem!-

1950 2444 2112 2491 tatum
2150 2446 2197 2492 et
2238 2438 2486 2492 elevatum
2513 2437 2645 2491 sicut
2673 2439 2850 2492 cedros
2888 2437 3072 2493 Libani
3094 2450 3181 2494 :et
3221 2441 3449 2506 transivi,
3482 2452 3532 2495 et

1952 2543 2064 2583 ecce
2105 2543 2206 2583 non
2249 2538 2357 2583 erat
2405 2527 2579 2599 (Psal.
2610 2544 2792 2591 xxxvr,
2818 2527 2933 2599 55).
2974 2529 3134 2585 Vides
3177 2532 3280 2587 hoc
3307 2534 3528 2588 verbum

1950 2633 2095 2690 saepe
2123 2620 2323 2677 sanctis
2347 2620 2614 2677 mentibus
2644 2621 2978 2677 attributum.
3009 2622 3114 2679 Sed
3144 2637 3212 2679 ne
3240 2625 3353 2694 ipsa
3384 2625 3532 2681 bene-

1952 2713 2108 2768 dictio
2140 2722 2416 2785 putaretur
2446 2714 2693 2772 humanis
2723 2717 2928 2773 viribus
2975 2719 3315 2789 applicanda,
3353 2724 3533 2793 sequi-

1954 2813 2060 2871 tur,
2096 2805 2444 2862 benediximus
2495 2808 2630 2862 vobis
2673 2809 2725 2864 in
2768 2812 2972 2864 nomine
3018 2810 3252 2871 Domini.
3284 2812 3402 2883 Ipsa
3447 2825 3535 2869 est

1955 2902 2096 2956 enim
2129 2901 2280 2957 ﬁrma
2308 2911 2362 2957 et
2382 2917 2507 2957 vera
2536 2902 2860 2971 benedictio,
2878 2920 2999 2976 qua:
3027 2906 3128 2961 sub
3156 2907 3367 2964 Domini
3390 2923 3532 2964 com-

1953 2996 2346 3055 memoratione
2394 3005 2761 3067 praestatur,a
2812 3013 2919 3069 quo
2969 3000 3118 3056 venit
3173 3015 3335 3059 omne
3389 3004 3534 3074 quod

1955 3088 2189 3158 expedit.
2742 3114 2745 3117 -

2278 3186 2283 3191 ’
2352 3246 2353 3249 η
2496 3200 2767 3258 Conclusio
2793 3203 2996 3272 psalmi.
3072 3224 3077 3231 ’

2028 3314 2399 3386 Respiciamus
2450 3315 2593 3373 hune
2649 3317 2913 3386 psalmum
2972 3318 3122 3387 quasi
3184 3318 3535 3381 duabus'alis

1960 3417 2227 3475 evectum,
2253 3408 2520 3464 decimum
2552 3408 2931 3464 conscendisse
2962 3408 3251 3480 fastigium.
3298 3412 3537 3471 Dextera

1958 3500 2155 3571 quippe
2200 3501 2283 3556 ala
2338 3501 2507 3572 ipsius
2546 3509 2651 3569 est,
2699 3510 2822 3571 post
2884 3502 3287 3571 persecutiones
3341 3508 3542 3564 multas

1956 3597 2209 3653 Ecclesiae
2235 3598 2588 3669 superborum
2620 3600 2926 3655 denuntiata
2952 3600 3255 3655 conversio.
3284 3599 3535 3669 Sinistra,

1956 3690 2250 3747 odientium
2283 3690 2414 3748 Sion
2441 3700 2618 3763 optata
2653 3693 2914 3749 confusio.
2950 3694 3102 3761 Quod
3142 3695 3398 3766 propheta
3430 3710 3536 3751 non

1958 3781 2314 3838 maledicendi
2366 3783 2544 3840 studio
2598 3785 2851 3855 loquitur,
2899 3787 2995 3841 sed
3050 3786 3238 3843 futurae
3294 3788 3537 3844 veritatis

1961 3877 2215 3934 instinctu
2244 3896 2257 3931 :
2282 3880 2534 3949 quoniam
2564 3878 2689 3935 licet
2715 3890 2769 3935 et
2793 3894 2890 3949 pro
2914 3880 3143 3934 inimicis
3174 3881 3371 3936 nostris
3401 3896 3541 3950 pra:-

1959 3969 2185 4039 cipiatur
2227 3971 2512 4039 orandum,
2538 3970 2605 4027 de
2635 3971 2921 4027 obstinatis
2952 3981 3131 4027 tamen
3176 3986 3239 4027 ac
3267 3973 3538 4041 perituris,

1959 4060 2102 4130 quod
2156 4060 2354 4117 veritas
2401 4061 2672 4131 habebat,
2716 4064 2991 4132 exposuit;
3045 4077 3146 4119 nec
3196 4071 3373 4118 tamen
3423 4065 3543 4123 sine

1962 4149 2133 4206 fructu
2178 4166 2383 4220 magnae
2434 4153 2649 4221 pietatis
2698 4153 2812 4209 haec
2854 4154 2997 4209 dicta
3040 4160 3182 4211 sunt.
3216 4155 3365 4211 Multi
3396 4158 3541 4213 enim

1961 4240 2030 4297 de
2072 4242 2327 4313 praedicta
2367 4258 2526 4314 paena
2568 4258 2629 4301 se
2670 4247 2967 4319 corrigunt,
2996 4249 3209 4319 quando
3257 4250 3540 4307 obstinatis

1961 4336 2091 4392 talia
2118 4335 2398 4394 imminere
2420 4349 2771 4408 cognoscunt.
2958 4346 2961 4349 '

2460 4452 2774 4512 PSALMUS
2811 4452 3047 4511 CXXIX.

2476 4546 2743 4607 Canticum
2768 4547 3039 4618 graduum.
3108 4616 3111 4621 η

2036 4662 2151 4721 Nisi
2169 4663 2505 4720 consuetudo
2525 4663 2784 4720 Ecclesiae
2799 4662 3027 4718 sollicita
3052 4667 3231 4723 mente
3252 4660 3542 4727 recolatur,

265 4758 469 4813 venient
488 4758 544 4812 in
573 4759 932 4825 exsultatione,
956 4768 1212 4828 portantes
1238 4760 1526 4831 manipulos
1546 4776 1665 4815 suos
1686 4760 1858 4832 (Psal.
1885 4742 1941 4806 D
1965 4764 2146 4827 potest
2173 4757 2401 4827 quaestio
2442 4756 2698 4812 nonnulla
2730 4754 2997 4823 suboriri,
3024 4769 3122 4811 cur
3161 4756 3214 4810 in
3250 4754 3415 4824 gradu
3446 4769 3546 4807 un-

266 4865 430 4917 θην,
462 4851 540 4920 6),
582 4851 654 4906 ita
701 4866 845 4908 nunc
873 4852 943 4908 de
973 4854 1349 4922 peccatoribus
1399 4855 1732 4925 pronuntiat,
1760 4868 1863 4912 nec

264 4955 456 5007 manu,
489 4954 591 4995 nec
632 4940 751 4996 sinu
782 4942 983 5013 aliquid
1027 4957 1095 4999 ex
1142 4944 1223 4999 eis
1249 4958 1281 4998 a
1311 4945 1661 5015 messoribus,
1690 4945 1743 5001 id
1781 4954 1867 5003 est

264 5032 338 5084 ab
369 5031 599 5102 angelis,
625 5033 717 5104 qui
746 5033 812 5089 ad
840 5034 1099 5103 judicium
1130 5035 1344 5091 Domini
1376 5037 1609 5107 populos
1633 5052 1864 5108 congre-

265 5123 497 5191 gabunt,
528 5138 649 5181 esse
679 5126 1002 5196 portandum
1028 5142 1043 5180 :
1067 5126 1323 5196 quoniam
1366 5126 1457 5181 illa
1483 5127 1677 5183 messis
1707 5128 1867 5197 spiri-

271 5214 437 5268 tualis
464 5214 562 5271 fuit
584 5231 705 5287 qua:
731 5217 965 5273 fructum
998 5217 1203 5283 intulit,
1224 5218 1325 5273 ista
1351 5232 1479 5273 vero
1502 5218 1734 5274 carnalis
1759 5228 1863 5288 est,

271 5321 397 5377 quae
438 5306 585 5363 nulla
633 5309 828 5364 triticei
872 5310 1111 5364 muneris
1157 5308 1485 5364 fecunditate
1534 5309 1772 5375 laatatur;
1808 5318 1867 5366 ut

272 5412 376 5453 nec
402 5413 562 5453 unam
608 5414 825 5455 manum
854 5401 1085 5469 repleat,
1115 5414 1215 5454 nec
1255 5399 1433 5455 sinum
1462 5414 1691 5456 onerare
1723 5415 1864 5468 prac-

270 5488 475 5543 valcat.
509 5487 656 5544 Talis
699 5499 785 5546 est
832 5490 936 5545 ista
975 5488 1168 5544 messis
1196 5504 1315 5559 quae
1346 5490 1400 5544 in
1441 5488 1712 5545 dominico
1738 5504 1868 5559 agro

274 5597 386 5637 non
420 5582 642 5649 seritur,
671 5582 769 5639 sed
797 5584 850 5638 in
883 5583 1193 5653 pectoribus
1233 5583 1587 5651 superborum
1620 5584 1767 5651 quasi
1811 5583 1866 5638 in

274 5675 605 5732 culminibus
652 5677 869 5732 caducis
923 5677 1209 5733 enascitur.
1284 5676 1421 5730 Nam
1472 5689 1608 5745 quos
1663 5674 1865 5731 fructus

276 5766 475 5823 afferre
503 5767 677 5837 potuit
705 5782 822 5838 qua:
851 5767 1144 5837 priusquam
1172 5767 1462 5822 evelleretur
1491 5766 1724 5819 exaruit?
1759 5765 1868 5822 Nec

281 5857 416 5914 illud
442 5869 597 5915 vacat
621 5860 762 5929 quod
788 5874 997 5914 manum
1024 5860 1203 5928 posuit
1228 5867 1275 5913 et
1301 5844 1470 5914 sinum
1495 5873 1514 5913 :
1542 5873 1720 5913 manus
1744 5873 1865 5927 per-

281 5951 419 6013 tinet
441 5951 510 6009 ad
534 5951 899 6023 operationem
919 5991 934 6017 ,
961 5953 1103 6008 sinus
1128 5952 1196 6010 ad
1223 5951 1634 6019 conscientiam;
1669 5951 1723 6008 iu
1752 5964 1866 6006 ma—

536 6047 804 6109 Ρηιιοι..
852 6043 1058 6107 LXX.

1969 4848 2181 4905 decimo
2218 4848 2511 4904 collocatus
2555 4848 2848 4918 propheta,
2879 4860 2939 4902 se
2969 4844 3298 4918 paenitentiae
3339 4845 3550 4900 satisfa-

1969 4940 2149 4997 ctione
2173 4948 2497 5009 prosternat.
2527 4939 2586 4994 ln
2633 4940 2723 4995 tali
2752 4940 2896 4995 enim
2926 4938 3160 4995 culmine
3200 4937 3544 5002 constitutus,

1970 5038 2025 5086 et
2066 5039 2283 5086 evectus
2317 5029 2384 5085 ad
2430 5031 2654 5101 gloriam
2702 5031 3111 5101 sempiternam,
3139 5028 3545 5098 trepidationem

1970 5125 2145 5180 adhuc
2166 5124 2366 5181 habere
2396 5125 2590 5194 potuit,
2616 5140 2722 5180 non
2751 5125 2980 5179 ruinam.
3012 5121 3212 5178 Similis
3243 5123 3388 5178 enim
3410 5122 3550 5177 ratio

1972 5216 2026 5270 in
2055 5216 2349 5271 centesimo
2378 5217 2639 5286 vigesimo
2686 5216 2917 5286 septimo
2961 5214 3168 5285 psalmo
3194 5213 3403 5271 reddita
3440 5223 3543 5282 est,

1973 5324 2094 5365 cum
2149 5309 2397 5365 timorem
2456 5309 2668 5364 Domini
2719 5322 2813 5378 per
2862 5323 3047 5364 omnes
3094 5308 3292 5379 gradus
3338 5308 3391 5363 in
3447 5309 3549 5363 hoc

1974 5399 2175 5457 mundo
2230 5399 2430 5455 sanctis
2475 5398 2707 5454 diximus
2751 5400 3042 5457 convenire
3096 5400 3362 5469 personis.
3416 5399 3555 5454 Dicit

1976 5492 2138 5547 etiam
2174 5489 2414 5546 Ecclesia
2443 5490 2497 5544 in
2546 5491 2844 5545 centesimo
2866 5491 3122 5561 vigesimo
3148 5499 3337 5546 octavo
3364 5507 3377 5542 :
3403 5487 3558 5562 Swpe

1978 5593 2391 5657 expugnaverunt
2435 5601 2515 5638 me
2558 5600 2589 5637 α
2627 5586 2894 5653 juventute
2935 5601 3082 5652 mea;
3116 5595 3170 5641 et
3214 5585 3369 5653 paulo
3412 5593 3557 5654 post,

1980 5677 2153 5748 Supra
2182 5677 2393 5731 dorsum
2414 5692 2579 5731 meum
2608 5676 2975 5747 fabricaverunt
3007 5684 3309 5746 peccatores,
3337 5673 3552 5727 multas.

1975 5785 2078 5841 que
2112 5770 2446 5825 calamitates
2481 5769 2778 5825 ascendens
2825 5770 3050 5839 populus
3088 5770 3187 5825 iste
3227 5768 3555 5827 dinumerat,

1976 5877 2108 5932 quas
2137 5862 2311 5917 adhuc
2336 5861 2631 5917 sustinebat
2656 5863 2710 5917 in
2744 5852 2959 5918 mundo.
2995 5861 3071 5915 Ita
3103 5868 3157 5915 et
3194 5860 3278 5914 hic
3299 5852 3557 5925 quidquid

1978 5952 2031 6009 in
2057 5952 2328 6009 excelsum
2366 5952 2707 6023 prephetieus
2748 5953 2958 6009 animus
2999 5949 3202 6013 tendit,
3229 5946 3459 6016 amplius
3488 5955 3552 6002 se

3170 6039 3246 6099 30
