4078 6342
281 468 385 529 941

1205 452 1567 516 EXPOSITIO
1606 450 1676 510 IN
1713 448 2163 508 PSALTERIUM.
2206 450 2401 508 PSAL.
2442 448 2658 507 CXXX.

3455 449 3560 506 942

283 582 423 647 bant,
445 576 546 633 nisi
572 575 653 632 lea:
681 574 867 629 diceret
900 586 917 626 :
942 570 1063 627 Non
1091 568 1414 641 concupisces
1443 565 1621 637 (Rom.
1661 577 1758 629 vu,
1785 561 1868 634 7).
1898 567 1954 628 Α
1976 576 2123 630 mus,
2166 562 2286 634 quia
2316 563 2393 618 sic
2423 560 2525 617 sibi
2554 558 2789 632 copulati
2816 565 2943 616 sunt
2965 603 2980 630 ,
3009 565 3064 615 ut
3093 565 3275 616 mutua
3307 558 3565 630 conjunc-

285 675 394 733 Sed
426 674 571 729 illam
603 672 777 742 legem
810 668 894 724 liic
920 666 1177 723 debemus
1204 663 1509 726 advertere,
1537 660 1586 713 id
1611 665 1694 714 est
1713 672 1876 712 evan-

281 768 511 843 gelicam
546 765 872 835 iussionem,
902 775 1024 832 quae
1052 759 1184 815 dicit
1216 776 1229 811 :
1264 754 1490 810 Invicem
1530 768 1686 807 onera
1712 761 1878 806 vestra

284 871 509 933 portate,
533 868 580 914 et
609 858 684 913 sic
708 854 1054 926 adimplebitis
1080 853 1245 925 legem
1272 849 1459 905 Christi
1480 845 1675 920 (Galat.
1695 862 1770 914 vi,
1797 844 1875 916 2).

285 950 412 1010 Haec
452 960 534 1008 est
563 965 695 1022 ergo
748 949 835 1004 lex
858 988 874 1014 ,
908 962 1068 1017 quam
1108 959 1170 1001 se
1199 943 1462 1014 propheta
1491 946 1881 996 commemorat

285 1045 559 1109 sustinere,
584 1057 682 1112 per
711 1054 870 1111 quam
894 1054 954 1094 se
980 1038 1100 1107 jure
1124 1036 1375 1091 credebat
1396 1049 1517 1091 esse
1538 1031 1875 1088 salvandum.

289 1122 425 1195 Nam
456 1144 513 1193 et
540 1135 713 1205 ipsum
741 1131 882 1204 quod
928 1131 1077 1197 dicit,
1110 1130 1363 1197 sustinui,
1406 1127 1606 1184 iudicat
1648 1126 1881 1182 charita-

290 1240 399 1287 tem
426 1269 443 1296 ,
494 1243 612 1296 quae
646 1233 817 1281 totum
844 1216 1009 1296 448
1036 1222 1303 1289 sustinet,
1330 1228 1499 1275 totum
1547 1218 1777 1290 patitur,
1828 1223 1882 1271 et

290 1339 442 1395 spem
490 1336 642 1378 suam
682 1318 1054 1374 desideranter
1075 1323 1381 1386 exspectat;
1435 1310 1884 1395 baecsalutariter

291 1412 591 1474 inﬂammat
613 1411 776 1470 corda
800 1408 1060 1477 ﬁdelium,
1087 1409 1202 1464 haec
1225 1407 1494 1479 perfectos
1509 1404 1675 1463 efﬁcit
1701 1403 1883 1474 utique

290 1504 650 1564 Christianos.

370 1641 525 1696 Vera.
557 1639 612 1695 5.
644 1638 909 1695 Sustinuit
930 1638 1105 1692 anima
1124 1652 1238 1691 mea
1258 1637 1315 1691 in
1335 1636 1543 1691 verbum
1575 1644 1754 1701 tuum;
1774 1649 1887 1702 spe-

293 1736 428 1792 rauit
455 1735 627 1789 mima
653 1748 767 1787 mea
797 1733 848 1787 in
878 1732 1121 1787 Domino.
1151 1730 1423 1801 Repetitio
1452 1730 1554 1784 ista
1586 1727 1884 1798 superioris

295 1842 491 1885 tensus
521 1825 829 1897 explanatio
854 1832 969 1889 est;
1010 1832 1071 1878 ut
1104 1824 1159 1878 in
1198 1822 1469 1877 anteriore
1493 1836 1657 1876 versu
1713 1820 1886 1889 legem

301 1921 438 1978 Novi
466 1918 802 1975 Testamenti
828 1917 1025 1973 dictam
1050 1915 1219 1972 fuisse
1247 1928 1635 1986 cognosceres,
1672 1915 1887 1984 quando

301 2020 362 2069 et
404 2013 577 2081 ipsum
616 2009 875 2075 Verbum,
927 2009 982 2063 id
1023 2018 1108 2064 est
1153 2008 1248 2063 Dei
1280 2007 1475 2062 Filium
1520 2005 1609 2062 hic
1656 2007 1891 2075 positum

303 2103 585 2160 evidenter
606 2112 979 2172 cognosceres.
1027 2099 1285 2155 Sustinuit
1323 2113 1453 2169 ergo
1486 2099 1739 2165 Verbum,
1772 2101 1895 2169 quia

301 2197 730 2255 incarnationem
751 2195 963 2251 Domini
986 2192 1242 2250 credebat
1261 2207 1383 2249 esse
1400 2202 1701 2249 venturam.
1726 2192 1897 2248 Nemo

304 2290 455 2345 enim
482 2288 718 2356 sustinet,
746 2287 848 2343 nisi
874 2287 965 2356 qui
999 2287 1324 2356 promissum
1352 2287 1501 2355 cupit
1528 2286 1796 2354 accipere.
1832 2285 1899 2340 Et

305 2392 385 2437 ne
425 2380 533 2435 hoc
579 2380 783 2435 uerbum
824 2378 1198 2433 transitorium
1226 2378 1461 2447 aliquem
1512 2384 1732 2446 putares
1776 2390 1899 2432 esse

303 2482 649 2535 sermonem,
675 2470 906 2536 addidit,
937 2471 1160 2541 speravit
1198 2471 1373 2524 anima
1409 2485 1523 2523 mea
1557 2470 1613 2523 in
1647 2469 1896 2525 Domino.

311 2562 537 2621 Verbum
582 2564 727 2620 enim
775 2564 912 2631 Dei,
960 2564 1301 2633 omnipotens
1335 2570 1420 2618 est
1460 2562 1664 2630 Filius,
1698 2563 1766 2619 de
1792 2577 1900 2633 quo

305 2659 566 2728 scriptum
598 2666 683 2713 est
711 2674 729 2712 :
771 2655 842 2711 In
877 2656 1136 2727 principio
1170 2664 1279 2710 erat
1317 2654 1567 2722 Verbum,
1600 2666 1648 2709 et
1676 2655 1902 2711 Verbum

308 2762 417 2807 erat
458 2753 599 2821 apud
643 2751 843 2821 Deum,
886 2759 934 2805 et
960 2750 1102 2805 Deus
1132 2760 1243 2805 erat
1279 2748 1525 2805 Verbum.
1560 2748 1676 2803 Hoc
1699 2760 1810 2804 erat
1848 2751 1904 2804 in

313 2845 569 2913 principio
587 2844 728 2915 apud
754 2843 916 2897 Deum
942 2842 1121 2914 (Joan.
1140 2858 1180 2909 ι,
1204 2843 1258 2907 1,
1282 2840 1361 2911 3);
1380 2840 1519 2908 quod
1543 2840 1744 2895 ultimis
1766 2848 1904 2895 tem-

312 2936 535 3006 poribus
584 2935 651 2991 de
698 2933 866 2989 Maria
894 2932 1119 3005 Virgine
1162 2931 1588 2987 incarnationem
1647 2944 1903 2999 sumens,

312 3035 535 3096 propter
562 3026 838 3082 interitum
859 3027 1079 3098 generis
1106 3023 1334 3081 humani
1354 3023 1729 3092 auferendum,
1754 3022 1904 3079 nasci

311 3119 590 3190 (lignatum
618 3127 722 3178 est.
1850 3108 1853 3111 ’

387 3233 543 3290 Vere.
570 3235 623 3291 6.
649 3235 693 3287 Α
716 3231 950 3289 custodia
973 3231 1230 3287 matutina
1248 3244 1411 3302 usque
1430 3228 1498 3283 ad
1522 3235 1717 3283 noctem
1739 3234 1905 3299 speret

315 3327 484 3385 lsrael
507 3329 563 3381 in
593 3326 832 3381 Domino.

385 3444 546 3501 Ἴθι-ε.
573 3444 626 3499 7.
662 3443 797 3509 Quia
825 3443 967 3513 apud
999 3440 1279 3496 Dominum
1321 3438 1703 3505 misericordia,
1736 3446 1782 3493 et
1812 3455 1903 3493 co-

315 3540 464 3613 piosa
490 3539 631 3612 apud
655 3555 765 3593 eum
788 3538 1092 3608 redemptio.
1119 3534 1395 3606 Explicitis
1419 3534 1519 3589 sub
1540 3534 1685 3588 omni
1708 3534 1907 3590 decore

314 3632 616 3705 principiis,
648 3628 715 3685 ad
744 3630 1145 3685 conclusionem
1179 3625 1371 3697 psalmi
1398 3625 1707 3680 laetissimus
1734 3624 1902 3680 venit.

314 3722 449 3781 Nam
484 3737 702 3779 securus
733 3722 801 3779 de
840 3722 951 3776 suis
978 3720 1191 3775 delictis
1218 3718 1459 3775 redditus
1482 3758 1498 3784 ,
1542 3718 1653 3787 jam
1696 3718 1908 3787 pupulis

318 3816 601 3888 praedicat,
624 3825 683 3869 ut
712 3829 807 3884 per
832 3811 1137 3868 universam
1169 3809 1334 3864 vitam
1365 3810 1419 3862 in
1442 3807 1670 3862 Domino
1691 3806 1907 3862 Christo

317 3908 553 3966 debeant
592 3921 843 3977 sperare,
897 3905 1023 3975 quia
1055 3902 1312 3959 Ecclesiae
1342 3915 1454 3957 sua:
1496 3888 1908 3954 molestissimas

317 4002 600 4075 passiones
630 4000 681 4054 in
705 4009 904 4054 aeterna
933 4004 1108 4067 potest
1132 3993 1323 4065 gaudia
1348 4001 1703 4048 commutare.
1728 3989 1912 4046 Custo-

322 4094 412 4148 dia
442 4094 690 4147 matutina
716 4098 801 4147 est
824 4089 1186 4146 manifestatio
1216 4086 1304 4141 illa
1338 4084 1547 4140 Domini
1578 4084 1908 4156 Salvatoris,

318 4188 537 4259 quando
550 4185 849 4255 sepulcrum
865 4179 1288 4238 custodientibus
1302 4176 1500 4232 Iudaeis
1518 4190 1692 4231 rcsum
1705 4177 1774 4245 pti
1792 4192 1912 4231 cor-

319 4276 470 4352 poris
493 4280 716 4332 veritate
754 4274 1009 4329 surrexit.
1045 4270 1264 4326 Noctem
1292 4283 1425 4325 vero
1456 4267 1723 4338 signiﬁcat
1755 4266 1913 4337 hujus

321 4371 507 4427 saeculi
556 4369 842 4425 terminum
866 4410 881 4435 ,
928 4377 986 4422 ut
1015 4381 1181 4436 usque
1208 4362 1273 4418 ad
1308 4360 1493 4417 mundi
1523 4360 1684 4415 ﬁnem
1716 4360 1770 4415 in
1818 4375 1914 4431 spe

322 4467 540 4523 Domini
572 4468 764 4523 debeat
792 4464 1112 4521 universalis
1142 4461 1385 4518 Ecclesia
1428 4459 1749 4530 perdurare.
1804 4460 1914 4517 Sed

324 4559 452 4616 dum
511 4559 613 4616 hoc
654 4558 841 4615 Israeli
894 4556 1216 4629 generaliter
1260 4555 1492 4623 dicitur,
1548 4555 1917 4626 unusquisque

322 4650 673 4707 fidelissimus
715 4651 783 4705 de
813 4652 919 4705 fine
958 4648 1178 4719 proprio
1206 4655 1601 4703 commonetur.
1638 4646 1705 4702 Et
1732 4648 1914 4704 consi-

324 4742 458 4799 dera
483 4742 607 4814 quia
638 4741 772 4797 dixit
816 4760 829 4795 :
860 4743 904 4795 A
930 4740 1195 4809 custodia,
1225 4746 1284 4793 ut
1318 4737 1387 4793 ab
1422 4736 1655 4793 adventu
1698 4738 1909 4794 Domini

321 4835 445 4907 ejus
493 4834 836 4890 manifestato
882 4834 1102 4888 nomine
1148 4832 1376 4903 amplius
1432 4831 1627 4887 debeat
1678 4831 1908 4888 obediri.

324 4927 601 4999 Sequitur,
639 4926 773 4994 Quia
811 4926 951 4996 apud
994 4923 1276 4979 Dominum
1308 4924 1690 4991 misericordia,
1733 4935 1781 4979 et
1822 4941 1911 4980 c0-

323 5021 473 5095 piosa
501 5021 643 5094 apud
666 5037 780 5074 eum
804 5020 1104 5089 redemptio.
1136 5019 1365 5075 Reddita
1392 5029 1475 5075 est
1501 5033 1661 5074 causa
1693 5018 1911 5074 mirabi-
2010 5062 2013 5063 ν

325 5113 398 5170 lis
429 5131 595 5185 quare
627 5113 794 5169 Israel
824 5113 1099 5169 debuisset
1148 5127 1355 5179 sperare
1392 5112 1444 5166 in
1470 5111 1699 5166 Domino
1728 5127 1748 5166 :
1792 5111 1917 5181 quia

325 5203 383 5260 in
420 5206 538 5276 ejus
560 5221 722 5260 manu
747 5202 1099 5259 misericordia
1121 5211 1224 5269 est,
1250 5217 1367 5271 qum
1385 5209 1563 5272 potest
1581 5216 1646 5256 ex
1666 5215 1917 5271 perverso

322 5296 532 5369 justum
566 5299 743 5354 facere
763 5338 779 5364 ,
812 5314 876 5353 ex
904 5295 1178 5351 imbecillo
1210 5294 1601 5360 immortalem,
1622 5309 1691 5350 ex
1713 5309 1918 5351 carneo

327 5389 536 5460 angelis
569 5391 818 5446 similem.
864 5389 977 5445 Hoc
1008 5388 1149 5442 enim
1198 5387 1289 5443 ille
1328 5386 1395 5441 de
1426 5388 1582 5443 nobis
1639 5389 1919 5444 consuevit

329 5481 652 5549 OStendere,
696 5484 761 5537 ad
794 5481 935 5553 quod
966 5484 1199 5535 humana
1230 5488 1423 5533 natura
1469 5495 1563 5549 per
1592 5493 1650 5533 se
1681 5493 1787 5534 non
1824 5493 1918 5549 po-

329 5582 438 5629 test
470 5573 770 5642 pervenire.
806 5572 1026 5629 Addidit
1056 5572 1236 5636 etiaiu,
1271 5572 1479 5637 capiosa
1518 5572 1834 5640 redemptio,
1861 5578 1921 5625 ut

329 5670 603 5737 pretiosus
626 5668 717 5723 ille
738 5670 956 5736 sanguis
981 5675 1123 5721 tanta
1151 5665 1310 5720 fuerit
1335 5666 1581 5720 ubertate
1604 5663 1915 5730 ditissimus,

332 5767 600 5828 quatenus
651 5762 812 5815 tutius
841 5758 1022 5813 mundi
1052 5768 1267 5829 peccata
1308 5758 1626 5823 redimeret;
1674 5765 1730 5810 et
1776 5757 1920 5811 velut

333 5849 569 5918 quodam
597 5850 799 5905 diluvio
821 5850 1041 5905 salutari
1064 5851 1249 5905 orbem
1274 5859 1538 5906 terrarum
1562 5864 1591 5904 a
1616 5849 1724 5903 suis
1746 5850 1920 5904 sordi-

332 5937 438 5996 bus
476 5943 741 6009 expiaret.
769 5942 969 6000 Versus
1000 5949 1179 5999 autem
1207 5942 1341 5998 duos
1364 5942 1487 6000 ideo
1518 5944 1570 5999 in
1605 5956 1709 5998 uno
1739 5942 1918 6013 posui-

1980 654 2125 712 tioue
2155 652 2541 709 declarentur-

2050 746 2204 803 Vers.
2234 749 2289 802 8.
2320 743 2387 800 Et
2426 747 2531 817 ipse
2558 746 2771 800 redimet
2805 744 2974 800 Israel
3015 760 3077 799 ea:
3108 743 3342 800 omnibus
3370 744 3568 818 iniqui-

1980 840 2171 897 tatibus
2197 842 2331 907 eius.
2357 839 2455 896 llle
2474 854 2632 910 quem
2654 838 2900 908 superius
2925 838 3135 894 dixerat
3163 837 3571 898 misericordem

1980 942 2143 1004 atque
2167 933 2468 1003 copiosum,
2501 932 2584 986 hic
2603 931 2713 1002 jam
2736 930 2860 1002 quid
2884 930 2954 985 sit
2980 927 3217 985 facturus
3246 930 3572 993 ostenditur.

1981 1027 2218 1085 Redimet
2257 1027 2436 1097 itaque
2479 1022 2649 1080 Israel
2688 1025 2949 1094 sanguine
2992 1025 3232 1093 pretioso
3284 1039 3300 1079 :
3350 1022 3568 1094 sanguis

1984 1119 2075 1191 qui
2133 1118 2380 1190 puriﬁcat
2436 1132 2544 1173 non
2584 1123 2870 1184 cruentat,
2922 1116 3014 1186 qui
3064 1129 3171 1172 non
3203 1114 3438 1170 maculat
3478 1114 3574 1171 sed

1984 1210 2268 1276 eniundat;
2289 1211 2427 1264 sicut
2446 1206 2680 1263 Joannes
2705 1206 2983 1277 apostolus
3005 1204 3133 1260 dicit
3159 1223 3173 1258 :
3201 1204 3429 1277 Sanguis
3448 1203 3577 1261 Jesu

1986 1302 2176 1361 Christi
2203 1303 2417 1357 mundat
2442 1318 2536 1357 nos
2565 1301 2629 1354 ab
2655 1300 2793 1355 omni
2820 1300 3003 1354 delicto
3033 1297 3086 1372 (Ι
3111 1298 3269 1354 Joan.
3296 1313 3337 1367 ι,
3358 1298 3433 1369 7).
3465 1296 3574 1354 Sed

1986 1390 2109 1452 eum
2137 1394 2363 1460 dicitur,
2415 1393 2527 1462 ipse
2553 1392 2783 1456 redimet,
2826 1392 3026 1447 nullam
3055 1390 3463 1460 possibilitatem
3522 1388 3578 1443 ln

1989 1476 2207 1544 homine
2253 1496 2309 1541 ut
2357 1484 2584 1540 evadere
2624 1484 2923 1554 potuisset,
2973 1482 3227 1537 ostendit.
3271 1481 3402 1551 Ipsae
3447 1490 3577 1536 sunt

1988 1580 2283 1649 iniquitates
2314 1592 2450 1647 quas
2480 1575 2727 1646 superius
2775 1574 2993 1629 nolebat
3036 1573 3241 1629 intendi
3279 1589 3296 1630 :
3328 1573 3579 1643 quoniam

1992 1673 2038 1729 si
2069 1672 2173 1728 illa:
2204 1670 2433 1727 fuissent
2477 1678 2737 1741 respectas
2756 1709 2771 1735 ,
2804 1668 2988 1723 redimi
3015 1668 3319 1723 nullatenus
3359 1670 3459 1723 iste
3485 1681 3583 1737 po-

1993 1756 2204 1823 tuisset.
2227 1766 2356 1822 Sive
2377 1764 2458 1835 (ut
2486 1763 2700 1834 quidam
2728 1760 2910 1817 dicere
2934 1759 3243 1828 voluerunt)
3269 1760 3572 1830 redemptio

1996 1852 2158 1912 lsrael
2183 1865 2393 1925 tempus
2416 1853 2546 1908 illud
2569 1852 2905 1923 signiﬁcatur
2930 1852 3143 1922 quando
3164 1851 3217 1905 in
3244 1851 3349 1906 ﬁne
3373 1852 3582 1920 saeculi,

1997 1948 2109 2003 Elia
2138 1956 2455 2016 conspecm,
2486 1934 2793 1998 Judaeorum
2827 1941 3097 1997 creditura
3150 1948 3236 1997 est
3266 1941 3586 2007 multitudo;

2002 2041 2139 2096 sicut
2171 2048 2225 2094 et
2262 2036 2552 2093 Malachias
2582 2035 2842 2107 prOpheta
2874 2042 3294 2097 commemorat,
3337 2032 3525 2088 dicens
3568 2047 3588 2086 ε

2001 2133 2071 2189 Ει
2117 2149 2213 2206 ego
2256 2131 2469 2185 mittam
2508 2129 2648 2184 vobis
2702 2127 2875 2183 Ellam
2922 2128 3265 2198 prophetam,
3319 2133 3593 2197 antequam

2000 2228 2167 2283 veniat
2183 2227 2289 2281 dies
2311 2225 2523 2280 Domini
2547 2238 2766 2295 magnus
2787 2231 2833 2275 et
2859 2221 3136 2289 pra'clarus
3160 2217 3385 2292 (Malae.
3410 2235 3485 2287 ιν,
3510 2219 3592 2290 5).

2001 2320 2109 2377 Sed
2153 2318 2279 2389 quid
2324 2318 2441 2374 istis
2479 2314 2719 2387 proderit
2747 2328 2868 2368 cum
2905 2312 3042 2366 alter
3071 2312 3341 2379 evaserit,
3372 2309 3588 2381 quando

1994 2411 2221 2487 gravius
2250 2407 2589 2478 torquebitur
2617 2405 2708 2475 qui
2738 2403 2884 2459 solus
2913 2416 3038 2457 reus
3064 2401 3324 2457 correctis
3356 2400 3592 2472 posteris

2003 2504 2309 2562 invenitur?
2361 2501 2525 2556 Multo
2574 2498 2766 2554 melius
2815 2498 2861 2551 si
2907 2494 3277 2567 princederent
3316 2494 3458 2562 ﬁde,
3502 2492 3593 2565 qui

2003 2596 2212 2669 praelati
2254 2601 2381 2651 sunt
2412 2601 2673 2661 tempore.

2540 2700 2814 2758 Conclusio
2855 2699 3061 2771 psalmi.

2083 2821 2158 2875 De
2209 2816 2476 2890 profundo
2523 2815 2739 2886 quidem
2789 2814 3027 2883 psalmus
3068 2815 3170 2867 iste
3201 2812 3327 2868 fecit
3352 2812 3599 2882 initium,

1990 2911 2103 2969 sed
2165 2910 2231 2966 ad
2279 2907 2617 2965 altitudinem
2674 2920 2920 2975 magnam
2976 2904 3121 2959 velut
3175 2905 3255 2959 sol
3316 2914 3601 2974 provectus

2007 3005 2294 3071 ascendit;
2346 3014 2404 3058 ut
2450 3013 2803 3071 agnoscamus
2851 3012 3012 3068 quam
3056 2997 3339 3053 utilitatem
3400 2997 3605 3054 habeat

2009 3097 2325 3172 paenitentia
2355 3140 2370 3167 ,
2419 3109 2539 3166 quae
2578 3095 2632 3148 in
2666 3092 2757 3147 tali
2789 3090 3023 3146 culmine
3059 3089 3404 3158 cognoscitur
3435 3088 3604 3144 collo-

2009 3201 2151 3251 cata.
2178 3192 2243 3246 Et
2270 3191 2394 3245 ideo
2422 3186 2828 3243 consideremus
2852 3197 3011 3255 quam
3042 3182 3201 3237 noxia
3232 3182 3303 3238 sit
3326 3182 3599 3251 superbia,

2011 3287 2099 3341 cui
2128 3298 2237 3339 non
2264 3280 2465 3339 desinit
2493 3279 2745 3349 frequens
2775 3277 2995 3332 obviare
3026 3274 3316 3329 medicina.
3351 3274 3601 3329 Violento

1933 3353 2201 3435 cmorbo
2225 3388 2332 3430 non
2364 3387 2528 3427 unum
2556 3371 2893 3425 medicamen
2922 3368 3235 3438 apponitur,
3265 3366 3362 3422 sed
3409 3376 3597 3422 contra

1996 3484 2131 3527 leum
2184 3466 2468 3536 multiplici
2525 3464 2842 3519 curiositate
2894 3468 3176 3516 tractatur.
3238 3459 3369 3513 Nam
3410 3468 3465 3514 et
3511 3459 3606 3514 illa

2010 3568 2171 3623 arbor
2229 3566 2427 3635 saepius
2482 3563 2762 3619 securibus
2817 3561 3076 3629 caeditur,
3140 3574 3258 3631 qum
3297 3576 3395 3630 per
3444 3576 3603 3617 auras

2008 3668 2202 3715 tenues
2245 3670 2437 3726 magna
2484 3656 2731 3710 libertate
2760 3653 3033 3711 luxuriat.,
3064 3652 3177 3708 Hoc
3205 3653 3348 3709 enim
3396 3653 3601 3709 malum

2000 3750 2280 3822 superbiae
2310 3756 2459 3805 sexta
2490 3748 2822 3819 paenitentiae
2858 3747 3091 3818 bipenne
3122 3762 3438 3817 percussum
3483 3759 3567 3805 est
3586 3790 3603 3813 .

2012 3852 2071 3900 et
2097 3843 2338 3897 nutantia
2376 3856 2651 3896 ramorum
2697 3839 2939 3895 membra
2985 3848 3352 3904 tremuerunt,
3402 3840 3495 3895 scd
3550 3840 3605 3896 in

2014 3935 2366 4003 subsequenti
2390 3934 2617 4002 septima
2646 3934 2725 3985 sic
2747 3930 3071 4001 conciditur,
3100 3938 3161 3985 ut
3186 3932 3239 3985 in
3263 3940 3458 3985 terram
3482 3946 3608 4001 pro-

2016 4027 2160 4081 tinus
2185 4025 2314 4080 elisa
2345 4023 2641 4090 frangatur.
2674 4022 2857 4076 Redeo
2883 4022 2948 4074 ad
2976 4020 3096 4076 illos
3119 4022 3207 4091 qui
3235 4023 3603 4091 paenitentiam

2018 4132 2179 4190 agere
2207 4118 2259 4172 in
2287 4116 2411 4171 vitae
2432 4129 2543 4169 suae
2570 4116 2675 4170 fine
2703 4114 3002 4170 fastidiunt.
3031 4115 3168 4168 Ecce
3192 4131 3450 4186 nusquam
3475 4118 3607 4188 legis

2015 4226 2137 4268 esse
2168 4210 2497 4281 prohibitum
2534 4209 2675 4277 quod
2726 4221 2755 4261 a
2786 4206 3013 4277 perditis
3057 4207 3361 4264 horninibus
3411 4208 3608 4266 dicitur

2018 4301 2419 4371 negligendum;
2446 4301 2554 4354 imo
2575 4314 2789 4369 semper
2814 4314 3223 4355 commonemur
3242 4311 3300 4357 ut
3330 4318 3603 4374 nunquam

2019 4397 2089 4453 ab
2134 4411 2218 4461 ea,
2251 4394 2454 4451 desidia
2486 4392 2736 4461 faciente,
2770 4408 3066 4449 cessemus.
3102 4394 3431 4453 llorreamus
3474 4413 3603 4469 ergo

2019 4491 2325 4560 superbiam
2346 4504 2465 4559 qua:
2488 4488 2739 4557 angelum
2763 4488 2828 4543 de
2849 4489 3022 4559 gratia
3047 4503 3296 4558 supernae
3325 4489 3605 4545 suavitatis

2020 4585 2210 4655 ejecit;
2256 4595 2496 4638 amemus
2541 4580 2897 4635 humilitatem
2943 4595 3062 4649 qua:
3102 4579 3168 4634 ad
3211 4579 3378 4634 caelos
3419 4579 3606 4638 ﬁdeles

2021 4679 2241 4744 extulit;
2269 4677 2531 4733 velociter
2551 4674 2903 4730 conﬁteamur
2924 4673 3067 4742 quod
3090 4672 3230 4728 male
3260 4672 3506 4739 fecimus,
3536 4687 3604 4728 ne

1936 4745 1993 4807 Β
2017 4770 2286 4843 possimus
2331 4769 2606 4824 incurrere
2636 4767 2777 4837 quod
2807 4780 3101 4821 meremur.

2475 4899 2851 4959 PSALMUS
2889 4898 3135 4955 CXXX.

2519 4994 2787 5049 Canticum
2823 4992 3093 5066 graduum.

2091 5111 2317 5169 Solliciti
2343 5124 2533 5167 sensus
2562 5108 2813 5179 agricolis
2842 5106 2969 5161 dum
3007 5104 3187 5161 curvis
3212 5106 3409 5162 aratris
3448 5121 3603 5165 um.

2021 5222 2211 5278 porum
2261 5206 2533 5275 pinguium
2565 5204 2729 5259 densa
2761 5200 3079 5269 prosciderit
3099 5242 3114 5266 ,
3163 5200 3429 5271 cultisque
3458 5203 3606 5269 arvis

2020 5302 2235 5357 semina
2263 5298 2489 5354 fecunda
2512 5298 2843 5352 commiserit
2861 5338 2877 5361 ,
2909 5294 3191 5349 arboreum
3221 5294 3433 5350 culmen
3460 5296 3605 5352 sola-

2022 5395 2180 5451 toriis
2209 5393 2454 5450 cautibus
2482 5392 2635 5447 laetus
2662 5390 2934 5456 ascendit,
2986 5390 3180 5446 eximie
3202 5390 3463 5460 iumentis
3490 5390 3605 5447 suis

2022 5487 2241 5541 frondea
2261 5483 2448 5554 pabula
2467 5496 2736 5538 ramorum
2750 5482 3183 5537 desecationibus
3206 5482 3601 5546 subministrat;

2026 5588 2081 5632 ut
2103 5591 2222 5646 quae
2250 5575 2402 5629 labor
2422 5574 2652 5628 assiduas
2671 5573 3040 5629 seminationis
3061 5572 3361 5638 addixerat,
3384 5573 3603 5641 c0piosa

2024 5668 2355 5723 comestionc
2384 5667 2607 5722 reﬁciat.
2635 5666 2725 5723 Sic
2754 5667 3032 5735 propheta,
3053 5664 3385 5733 poenitentiae
3408 5661 3605 5717 labori-

2023 5760 2123 5816 bus
2170 5759 2418 5829 peractis.
2446 5758 2801 5828 spiritualium
2828 5758 3089 5828 graduum
3119 5757 3434 5810 ascensione
3475 5753 3602 5809 sub.

2026 5862 2230 5915 vecms,
2264 5852 2442 5905 suavia
2475 5851 2804 5905 canticiirum
2853 5848 3005 5903 nobis
3037 5848 3287 5901 alimenta
3330 5844 3604 5899 transmit-

2025 5942 2107 5996 tit.
2130 5941 2296 5998 'l‘otus
2315 5942 2454 5998 enim
2471 5941 2557 5997 hic
2576 5940 2810 6012 psalmus
2826 5939 2895 5996 de
2910 5937 3313 5995 mansuetudine
3329 5943 3488 6006 atque
3501 5934 3606 5990 bu-
