4078 6342
468 5011 480 5037 1

498 386 606 444 963

1747 385 1817 442 Μ.
1859 384 2137 444 AURELII
2173 384 2564 444 CASSIODORI

3655 385 3768 444 9“

496 506 721 563 militate
743 512 1018 573 cantatur;
1044 520 1215 577 coque
1236 506 1316 575 ﬁt,
1341 514 1397 562 ut
1426 518 1561 577 quos
1588 505 1744 561 labor
1783 506 2078 577 praemissae
2105 506 2161 566 Α
2258 504 2410 561 Vers.
2443 507 2498 561 4.
2547 505 2692 561 Sicut
2722 506 3008 560 ablactatus
3043 518 3196 575 super
3224 509 3437 558 matrem
3477 520 3657 571 suam,
3700 510 3779 564 ita

498 599 860 657 confessionis
889 598 1189 666 afﬁixcrat,
1231 598 1480 669 gloriosae
1509 597 1814 655 devotionis
1862 596 2088 652 dulcedo

501 692 732 747 reﬁciat.
762 690 1127 759 Suscipiamus
1155 689 1336 759 itaque
1361 691 1740 745 transmissum
1789 690 1967 745 cibum
1990 730 2006 754 ,
2035 696 2090 744 et

505 785 643 839 tanti
684 785 922 838 muneris
946 782 1084 837 dona
1118 791 1394 852 gustemus
1429 800 1442 836 :
1490 791 1651 854 atque
1686 783 1890 839 utinam
1923 781 2090 837 boves

503 875 673 932 simus
704 874 795 943 qui
844 888 1028 942 agrum
1059 874 1273 930 Domini
1317 874 1488 930 nostri
1537 875 1704 931 sulcis
1748 874 2091 955 regularibus

500 967 816 1023 exaremusl
847 966 1113 1023 Memento
1160 976 1340 1024 autem
1369 968 1514 1039 quod
1560 977 1703 1025 totus
1735 968 1824 1024 hic
1849 968 2092 1037 psalmus

501 1061 589 1128 (ut
613 1057 870 1128 diximus)
909 1059 976 1113 ad
1004 1060 1310 1130 superbiam
1332 1060 1568 1131 pertinet
1595 1060 1974 1116 destruendam
1995 1103 2010 1128 ,
2038 1066 2093 1113 et

504 1149 869 1205 humilitatem
912 1150 1088 1206 modis
1131 1151 1383 1206 omnibus
1427 1150 1833 1218 aediﬁcandam,
1875 1152 2015 1205 sicut
2039 1157 2095 1205 et

502 1238 766 1295 Dominus
788 1241 842 1295 in
866 1241 1156 1313 Evangelia
1181 1241 1311 1298 dicit
1339 1259 1352 1296 :
1388 1242 1564 1297 Omnis
1590 1244 1678 1313 qui
1705 1260 1759 1298 se
1783 1245 1975 1298 exultat
1997 1242 2095 1295 hu-

504 1333 809 1398 miliabitur,
833 1344 878 1387 et
898 1336 986 1403 qui
1012 1349 1064 1388 se
1083 1333 1321 1389 humiliat
1342 1334 1652 1389 exaltabitur
1666 1333 1817 1407 (Luc.
1842 1349 1959 1400 le,
1978 1331 2089 1404 11).

511 1424 641 1490 Qua:
662 1423 934 1478 sententia
959 1438 1143 1479 rerum
1163 1438 1400 1479 summas
1423 1410 1675 1494 utrasque
1694 1423 2090 1492 complectitur.

503 1513 567 1570 In
599 1514 850 1584 superbia
882 1514 1023 1570 enim
1055 1514 1218 1586 449
1238 1514 1485 1586 designat
1506 1514 1801 1582 diabolum,
1833 1516 1887 1569 in
1911 1513 2093 1568 humi-

501 1603 661 1661 litate
714 1619 841 1661 vero
894 1605 1177 1660 Dominum
1226 1604 1519 1661 Christum.
1553 1606 1630 1660 Ita
1676 1607 1777 1662 sub
1828 1604 2095 1662 brevitate

508 1696 777 1752 dictorum
804 1735 820 1761 ,
876 1705 930 1751 et
976 1696 1101 1765 quid
1137 1697 1446 1753 desiderare
1474 1697 1706 1753 debeant
1735 1696 2011 1763 homines,
2042 1706 2097 1754 et

504 1785 633 1858 quid
657 1800 751 1843 eos
778 1785 1028 1858 refugere
1051 1794 1341 1857 competat,
1373 1789 1648 1845 evidenter
1683 1789 1944 1846 insinuat.

1082 1880 1278 1936 Divisio
1305 1882 1514 1953 psalmi.

508 2070 563 2115 et
594 2061 1059 2119 mansuetudinem
1102 2063 1302 2119 docens
1330 2065 1587 2136 populum
1621 2065 1805 2135 utique
1834 2066 2100 2121 Christia-

505 2166 673 2217 num,
728 2167 940 2223 pmnam
986 2155 1088 2210 sibi
1118 2156 1486 2225 gravissimam
1521 2156 1710 2225 ponit,
1761 2156 1808 2211 sl
1851 2158 2099 2212 mandata

508 2242 722 2300 Domini
771 2262 879 2302 non
902 2262 1025 2303 cum
1070 2262 1280 2303 summa
1315 2248 1616 2305 humilitate
1643 2250 1963 2319 susceperit.
1998 2248 2100 2305 Se-

507 2334 686 2391 cundo
734 2350 1061 2403 conversus,
1113 2337 1361 2393 hortatur
1390 2328 1556 2395 Israel
1587 2349 1645 2395 ut
1682 2340 1882 2411 iugiter
1922 2348 2106 2409 speret

510 2428 567 2483 in
598 2429 823 2485 Domino
840 2447 854 2497 ;
874 2439 1137 2501 quatenus
1153 2432 1245 2487 tali
1260 2446 1356 2504 spe
1378 2433 1651 2502 roborata,
1670 2442 1891 2491 cunctas
1909 2432 2103 2489 adver-

513 2519 703 2577 sitates
731 2520 916 2577 saeculi
947 2522 1181 2578 tolerare
1218 2523 1526 2592 praevaleat.

1050 2614 1321 2686 Expositio
1359 2618 1570 2689 psalmi.

585 2706 742 2764 Vers.
769 2708 822 2763 1.
848 2709 1086 2777 Domine,
1109 2725 1213 2764 non
1228 2720 1302 2765 est
1316 2712 1598 2766 exaltatum
1614 2726 1699 2767 cor
1720 2726 1921 2778 meum;
1943 2726 2104 2781 neque

513 2800 634 2856 elati
664 2810 783 2857 sunt
813 2802 949 2857 oculi
980 2804 1098 2858 mei.

587 2894 743 2950 Vers.
769 2895 827 2950 2.
857 2894 1039 2966 Neque
1075 2897 1335 2952 ambulavi
1354 2898 1409 2951 in
1429 2898 1629 2969 magnis
1648 2936 1664 2966 ,
1688 2912 1849 2968 neque
1871 2899 1925 2951 in
1949 2897 2107 2950 mira-

518 2987 704 3043 bilibus
724 3004 879 3060 super
896 3005 997 3045 me.
1025 2988 1226 3045 Taliter
1255 2991 1342 3045 hic
1370 2991 1746 3062 hypotbeticus
1766 2991 2107 3063 syllogismus

519 3080 811 3135 enascitur.
866 3080 925 3136 Si
971 3096 1081 3136 non
1121 3089 1207 3137 est
1231 3082 1526 3138 exaltatum
1556 3097 1651 3139 cor
1681 3097 1859 3138 meum
1881 3125 1896 3150 ,
1931 3095 2108 3153 neque

2190 599 2434 651 rctribues
2476 600 2529 651 in
2556 598 2779 650 animum
2811 613 2997 650 meum.
3033 595 3202 651 Nimis
3227 604 3601 664 competenter
3629 597 3779 654 edic-

2191 698 2302 744 tum
2352 698 2457 755 est,
2492 688 2553 744 Si
2596 704 2698 742 non
2730 687 2989 743 humiliter
3008 688 3317 754 sentiebam,
3349 688 3475 758 quia
3507 704 3779 745 summum

2191 781 2470 852 sapientia:
2513 796 2680 852 genus
2708 790 2791 835 est
2839 794 2943 835 non
2970 795 3067 851 per
3094 780 3381 835 elationem
3423 780 3527 834 sibi
3577 781 3783 851 aliquid

2191 873 2542 943 persuadere,
2574 872 2669 927 sed
2699 871 2893 927 devoto
2926 873 3108 927 animo
3136 871 3337 926 sentire
3361 871 3507 942 quod
3535 872 3781 941 expedit.

2192 963 2373 1020 Monet
2394 978 2522 1036 ergo
2546 963 2852 1034 Scripturas
2878 962 3088 1026 divinas
3113 963 3342 1034 simplici
3365 977 3429 1019 ac
3454 979 3591 1034 puro
3615 964 3785 1019 corde

2200 1069 2260 1112 se
2309 1056 2472 1112 fuisse
2496 1057 2809 1111 meditatum
2828 1100 2843 1125 ,
2878 1070 2982 1111 non
3013 1064 3074 1111 ut
3102 1054 3308 1122 Ariani,
3337 1055 3640 1119 Manichaei,
3672 1056 3782 1110 Do-

2193 1146 2405 1209 natistae
2436 1146 2699 1213 fecerunt,
2732 1156 2786 1202 et
2806 1146 2989 1201 caeteri
3017 1147 3157 1217 quia
3181 1160 3309 1202 vera
3330 1148 3595 1217 religione
3621 1146 3784 1202 divisi

2194 1250 2345 1299 sunt.
2386 1242 2465 1296 llli
2498 1240 2641 1297 enim
2674 1242 2719 1295 si
2754 1240 3015 1295 humiliter
3041 1240 3227 1296 sentire
3264 1240 3595 1311 voluissent,
3627 1254 3784 1295 suam

2198 1349 2307 1389 non
2338 1334 2599 1402 eligerent
2617 1331 2909 1389 defendere
2936 1332 3284 1402 pravitatem;
3316 1331 3412 1387 sed
3439 1332 3501 1387 ad
3527 1332 3785 1387 doctores

2199 1426 2516 1482 verissimos
2543 1434 2598 1481 et
2627 1424 2994 1480 sanctissimos
3023 1423 3323 1491 venientes,
3359 1423 3476 1480 ﬁdei
3502 1434 3657 1480 rectae
3688 1424 3779 1478 in-

2198 1518 2548 1589 telligentiam
2576 1517 2855 1587 percipere
2882 1516 3225 1571 meruissent.
3270 1515 3377 1571 Iste
3401 1531 3531 1586 ergo
3560 1529 3618 1570 se
3648 1515 3788 1571 dicit

2196 1611 2457 1666 humiliter
2485 1611 2722 1677 sensisse,
2754 1609 3207 1680 quemadmodum
3235 1618 3419 1664 monet
3445 1608 3739 1679 Apostolus
3767 1625 3785 1664 :

2197 1703 2327 1759 Noli
2351 1706 2516 1759 altum
2540 1721 2737 1775 sapere,
2766 1705 2857 1759 sed
2884 1706 3003 1758 time
3033 1702 3211 1774 (Rom.
3243 1719 3321 1769 ιι,
3353 1702 3472 1772 20);
3498 1713 3553 1757 et
3581 1702 3711 1756 alibi
3734 1702 3789 1757 in

2198 1795 2405 1867 psalmo
2433 1812 2449 1852 :
2486 1795 2607 1850 Non
2634 1795 2879 1849 habitabit
2915 1795 2970 1849 in
2997 1795 3165 1849 medio
3198 1796 3381 1848 domus
3431 1809 3556 1847 mete
3598 1794 3791 1862 faciens

2126 1878 2175 1939 B
2198 1888 2487 1960 superbiam
2517 1886 2687 1959 (Psal.
2720 1902 2773 1953 c,
2798 1886 2873 1957 7);
2906 1887 3210 1957 iterumque
3240 1895 3426 1941 contra
3460 1887 3565 1941 hoc
3594 1885 3786 1940 vitium

587 1969 768 2025 Primo
822 1971 1007 2026 ordine
1034 1972 1297 2042 propheta
1325 1973 1576 2043 exemplo
1608 1988 1708 2029 suo
1737 1974 2095 2030 humilitatem
2142 2008 2145 2011 η

2200 1994 2383 2045 orans,
2415 1979 2626 2035 Domini
2649 1977 2895 2047 deposcit
2916 1978 3194 2043 auxilium,
3219 1977 3405 2033 dicens
3431 1993 3448 2031 :
3474 1975 3599 2030 Non
3625 1977 3791 2030 veniat

2152 2126 2157 2133 ,
2200 2072 2329 2125 mihi
2358 2087 2443 2141 pes
2471 2071 2722 2141 superbiat
2767 2069 2940 2142 (Psal.
2985 2084 3155 2137 xxxv,
3200 2067 3312 2139 12).
3361 2069 3650 2139 Sequitur,
3696 2070 3793 2124 sed

2202 2170 2419 2227 exaltavi
2459 2172 2684 2225 animam
2710 2188 2892 2227 meam.
2925 2169 3025 2225 Hic
3053 2179 3216 2241 negat
3239 2170 3523 2224 exaltatum
3566 2170 3787 2224 animus

2202 2278 2378 2330 suam,
2403 2262 2455 2317 id
2481 2270 2562 2318 est
2584 2263 2638 2318 in
2667 2262 2932 2332 superbiae
2952 2262 3165 2318 culmen
3189 2271 3457 2328 evectam,
3489 2261 3581 2317 ubi
3605 2277 3793 2319 ascen-

2204 2355 2334 2412 dere
2356 2356 2638 2411 ruinosum
2659 2364 2761 2420 est,
2783 2369 3103 2424 promovere
3124 2353 3445 2424 periculum.
3470 2353 3602 2408 Nam
3618 2355 3793 2409 sancti

2205 2447 2307 2503 viri
2335 2447 2565 2503 exaltant
2585 2447 2786 2501 animas
2812 2460 2971 2513 suas,
2999 2446 3215 2516 quando
3240 2459 3333 2501 eas
3366 2444 3697 2502 contendunt
3720 2444 3793 2500 ad

2207 2539 2420 2595 divinas
2455 2540 2864 2609 praedicationes
2893 2541 3122 2611 erigere.
3154 2539 3618 2608 Quemadmodum
3644 2540 3795 2595 enim

2208 2639 2300 2687 aut
2329 2631 2398 2686 de
2425 2638 2607 2686 sancta
2637 2631 2899 2688 Trinitate
2926 2645 3213 2702 possumus
3236 2629 3439 2700 aliquid
3462 2614 3792 2700 intelligere,
3894 2634 3897 2637 ’

2209 2732 2300 2779 aut
2325 2723 2613 2780 salubriter
2631 2723 2698 2779 de
2719 2724 2876 2779 beata
2898 2724 3267 2779 incarnatione
3289 2724 3515 2793 sentire,
3542 2724 3645 2778 nisi
3671 2738 3798 2780 cum

2213 2832 2405 2888 magna
2436 2817 2736 2873 humilitate
2761 2818 2997 2873 animam
3035 2824 3274 2871 nostram
3304 2816 3543 2872 levemus
3582 2814 3651 2871 ad
3686 2815 3801 2871 Do-

2212 2909 2453 2964 minum?
2476 2910 2607 2964 Nam
2647 2909 2811 2965 licere
2835 2909 3070 2963 animam
3095 2909 3161 2963 ad
3192 2923 3423 2978 superna
3446 2923 3504 2964 se
3530 2908 3757 2963 tendere
3773 2949 3793 2975 ,

2212 3002 2362 3056 testis
2388 3009 2470 3056 est
2496 3001 2632 3055 alius
2667 3002 2903 3070 psalmus
2931 2999 3025 3055 ubi
3054 3000 3257 3056 dictum
3281 3010 3365 3057 est
3401 3018 3415 3053 :
3442 3001 3518 3054 Ad
3543 3001 3591 3054 te
3622 3000 3796 3054 levavi

2213 3110 2439 3148 animam
2476 3110 2642 3149 meam
2672 3094 2841 3167 (Psal.
2887 3111 3035 3161 xxiv,
3083 3094 3159 3166 1).
3201 3096 3259 3151 In
3296 3095 3405 3151 illis
3450 3094 3593 3151 enim
3627 3092 3800 3149 rebus

506 3170 649 3243 elati
679 3180 804 3226 sunt
833 3171 972 3226 oculi
994 3173 1123 3237 mei,
1156 3187 1186 3226 a
1230 3173 1484 3243 superbia
1513 3174 1719 3230 scilicet
1748 3173 1948 3229 reddor
1977 3174 2104 3228 alie-

2214 3187 2448 3242 animam
2472 3188 2641 3243 levari
2669 3188 2748 3242 fas
2769 3198 2874 3255 est,
2904 3191 3047 3245 unde
3072 3190 3235 3258 vivat,
3263 3189 3404 3245 unde
3425 3189 3635 3253 ﬂoreat,
3658 3188 3803 3243 unde

524 3278 658 3330 “"3;
702 3273 940 3319 alumen
980 3278 1086 3319 που
1115 3273 1197 3320 εει
1245 3266 1535 3321 exaltatum
1563 3279 1657 3321 σοι·
1682 3281 1891 3333 meum.
1940 3278 2113 3334 ηεαιιθ
2141 3255 2190 3321 C
2218 3279 2423 3335 caelesti
2453 3294 2587 3347 pane
2613 3288 2881 3349 pascatur.
2909 3281 2965 3336 ln
2997 3282 3113 3336 istis
3143 3255 3320 3337 autem
3347 3278 3803 3350 exquisitionibus

518 3356 647 3410 elati
669 3365 797 3410 sunt
816 3356 956 3411 oculi
979 3357 1083 3412 mei
1110 3375 1122 3409 :
1149 3373 1181 3411 a
1205 3358 1453 3427 superbia
1481 3360 1645 3430 igitur
1667 3359 1866 3416 reddar
1880 3359 2107 3416 alienus.

522 3445 677 3500 Nunc
706 3444 905 3514 reliqua
931 3457 1347 3515 perscrutemur.
1376 3449 1619 3505 Psalmus
1645 3449 1731 3505 hic
1753 3450 2109 3505 humilitatem

521 3534 737 3605 quidem
789 3536 1062 3606 prredicat,
1098 3539 1505 3607 temperantiam
1538 3540 1736 3609 docet,
1794 3542 2108 3612 patientiam

521 3639 727 3685 monet.
759 3628 865 3686 Sed
897 3643 1019 3685 cum
1049 3629 1311 3700 propheta
1356 3640 1515 3702 negat
1544 3632 1773 3700 vitiosa,
1827 3633 2110 3689 conﬁtetur

522 3724 744 3779 omnino
797 3723 1086 3779 laudanda.
1134 3724 1266 3791 Quae
1297 3725 1464 3795 ﬁgura
1493 3725 1690 3781 dicitur
1743 3726 2067 3797 anastroplte
2090 3768 2107 3796 ,

532 3818 748 3889 quando
776 3817 1079 3889 respuendo
1109 3818 1430 3873 contrariam
1460 3827 1667 3888 partem
1686 3860 1702 3885 ,
1729 3819 1818 3873 illa
1867 3820 1980 3874 vult
2025 3820 2107 3873 in-

535 3909 705 3981 telligi
736 3910 1081 3985 quremonita
1111 3909 1291 3965 divina
1317 3910 1612 3979 jusserunt.
1661 3910 1798 3966 Dicit
1822 3912 1965 3991 enim
2007 3927 2111 3965 non

525 4018 635 4057 esse
655 4002 938 4057 exaltatum
958 4019 1046 4057 cor
1067 4017 1245 4071 suum,
1269 4002 1409 4073 quod
1428 4002 1624 4057 factum
1646 4012 1731 4058 est
1750 4018 1780 4057 a
1802 4002 2104 4071 Pharaone,

523 4095 740 4165 quando
771 4110 1103 4165 praesumens
1131 4095 1185 4150 in
1214 4094 1603 4163 numerositate
1626 4097 1799 4165 gentis
1829 4110 1974 4163 sure,
2007 4095 2111 4153 ile-

524 4189 701 4244 brazos
750 4190 1129 4245 devotissimos
1168 4203 1264 4259 per
1308 4189 1532 4260 Moysen
1572 4189 1734 4245 toties
1775 4188 2107 4259 prohibitus,

526 4282 816 4337 crudeliter
864 4281 1152 4351 afﬂigebat.
1184 4280 1457 4351 Sequitur,
1491 4297 1649 4351 neque
1674 4281 1797 4335 elati
1820 4288 1938 4335 sunt
1975 4281 2112 4336 oculi

526 4374 647 4428 mei.
683 4371 818 4426 Elati
866 4380 984 4425 sunt
1014 4372 1149 4425 oculi
1195 4370 1375 4426 divitis
1406 4370 1549 4427 illius
1576 4372 1668 4442 qui
1719 4372 1773 4426 in
1822 4371 2110 4441 Evangelia

526 4465 722 4534 legitur
773 4461 925 4536 (Luc.
971 4477 1077 4528 ιιι,
1136 4461 1226 4533 18)
1266 4462 1460 4518 horrea
1500 4477 1594 4519 sua
1640 4478 1801 4533 parva
1846 4464 2112 4533 cogitasse

528 4557 843 4621 destruere,
868 4565 922 4610 et
946 4554 1014 4610 ad
1040 4554 1246 4622 copiam
1300 4555 1727 4625 congregandam
1754 4556 1985 4625 ingentia
2031 4556 2111 4611 fa—

2216 3370 2397 3439 pravis
2437 3379 2491 3425 et
2530 3368 2731 3425 infelici
2767 3371 3009 3426 doctrina
3050 3372 3383 3443 turgentibus
3423 3370 3652 3426 exaltari
3694 3386 3805 3425 non

2213 3459 2368 3516 decet
2408 3460 2637 3515 animam
2656 3501 2672 3529 ,
2702 3461 2793 3515 ubi
2820 3470 3048 3517 mortem
3076 3463 3296 3533 reperit,
3322 3462 3597 3517 infernum
3625 3459 3800 3525 subit,

2212 3571 2268 3618 et
2313 3570 2515 3621 aeterna
2571 3560 2883 3617 infelicitate
2926 3562 3233 3617 damnatur.
3285 3560 3499 3631 Adjecit
3550 3561 3800 3617 decoram

2213 3653 2372 3708 nimis
2413 3660 2470 3707 et
2518 3652 2926 3707 subtilissimam
2982 3651 3475 3721 comparationem,
3527 3658 3587 3705 ut
3620 3651 3692 3705 ita
3743 3662 3803 3704 se

2214 3746 2494 3802 Dominum
2535 3745 2876 3801 desiderasse
2922 3744 3097 3811 dicat,
3125 3743 3274 3799 Sicut
3322 3742 3612 3797 ablactatus
3652 3757 3804 3811 super

2213 3847 2427 3891 matrem
2455 3852 2622 3890 suam.
2654 3834 2998 3892 Consuetudo
3027 3845 3108 3893 est
3131 3836 3278 3890 enim
3310 3834 3547 3906 parvuli,
3586 3832 3802 3902 quaties

2210 3927 2278 3982 ad
2303 3926 2437 3981 alios
2457 3927 2607 3982 cibos
2629 3934 2789 3980 aetate
2813 3934 3092 3982 crescente
3115 3934 3463 3996 praeparatur,
3479 3923 3560 3977 lac
3581 3923 3659 3976 illi
3682 3935 3793 3990 quo

2212 4019 2417 4074 solebat
2444 4017 2592 4074 vesci
2616 4033 2646 4072 a
2677 4018 2763 4089 pia
2785 4026 2957 4074 matre
2979 4019 3265 4089 denegari,
3291 4024 3549 4088 quatenus
3570 4015 3641 4068 ad
3666 4013 3802 4069 soli-

2212 4109 2392 4169 diores
2415 4109 2565 4165 cibos
2590 4117 2833 4163 transeat
2861 4126 2873 4164 :
2900 4125 2969 4166 ne
2989 4109 3106 4180 ejus
3127 4108 3427 4165 substantia
3463 4107 3516 4161 in
3538 4106 3804 4163 teneritu-

2213 4200 2339 4257 dine
2354 4200 2583 4270 quadam
2607 4201 2793 4257 relicta
2810 4202 3115 4258 mollescat.
3140 4201 3246 4258 Sed
3268 4210 3392 4256 tunc
3414 4215 3518 4272 qua
3544 4201 3803 4269 puritate,

2213 4308 2319 4363 quo
2349 4292 2651 4360 desiderio,
2690 4307 2794 4363 qua
2822 4294 2991 4363 gratia
3020 4302 3245 4349 matrem
3280 4293 3498 4363 quaerit,
3530 4302 3589 4346 ut
3623 4294 3805 4346 animo

2214 4384 2387 4453 ipsius
2417 4382 2483 4438 ad
2512 4383 2744 4439 lamenta
2777 4393 3022 4454 permoto
3052 4388 3168 4455 ejus
3199 4401 3336 4456 pene
3365 4385 3615 4440 doleatur
3642 4384 3805 4440 amis-

2215 4477 2316 4529 sio.
2348 4475 2459 4529 lloc
2484 4475 2807 4531 desiderium
2825 4517 2841 4544 ,
2888 4476 2989 4533 hoc
3016 4487 3200 4533 votum
3245 4479 3506 4549 prapheta
3524 4478 3637 4533 sibi
3661 4493 3809 4533 com-

2216 4581 2447 4637 parans,
2495 4568 2731 4623 ostendit
2758 4579 2954 4639 quanta
2992 4585 3156 4640 spes,
3206 4580 3403 4640 quanta
3446 4568 3804 4639 simplicitas,

523 4650 736 4708 bricare
770 4649 1023 4704 voluisse.
1053 4648 1302 4717 Addidit,
1346 4665 1504 4719 neque
1532 4648 1783 4702 ambulavi
1807 4649 1860 4701 in
1894 4650 2104 4719 magnis.

2218 4670 2447 4731 quantus
2475 4661 2670 4717 debeat
2692 4677 2813 4719 esse
2835 4665 2997 4719 ardor
3016 4665 3070 4719 in
3095 4666 3342 4719 Domino.
3376 4664 3641 4718 Abtactati
3664 4664 3805 4719 enim

527 4744 815 4799 Ambulacit
845 4744 899 4797 in
921 4744 1118 4815 magnis
1141 4743 1366 4808 Pilatus,
1389 4743 1480 4812 qui
1512 4740 1649 4797 dixit
1679 4742 1905 4797 Domino
1929 4741 2113 4799 Salva-

529 4838 633 4893 tori
665 4854 678 4891 :
714 4836 897 4893 Nescis
942 4837 1065 4905 quia
1104 4845 1399 4906 potestatem
1429 4836 1588 4890 habeo
1616 4835 1905 4891 dimittendi
1932 4846 1977 4890 te
1997 4877 2013 4903 ,
2064 4845 2112 4891 et

528 4936 824 5000 potestatem
850 4928 1011 4984 habeo
1038 4927 1367 4999 cruciﬁgendi
1396 4936 1444 4981 te
1476 4928 1656 4997 (Joan.
1688 4942 1778 4982 xxx
1803 4967 1819 4994 ,
1875 4927 1986 4999 10).
2029 4926 2112 4983 Ad

468 5018 480 5097 ξ
529 5028 860 5090 postremum
887 5020 1167 5091 subjunxit
1210 5020 1277 5074 ad
1305 5018 1575 5075 cumulum
1593 5062 1608 5088 ,
1634 5035 1793 5090 neque
1820 5020 1873 5073 in
1903 5020 2112 5073 mirabi-

528 5113 663 5167 libus
682 5128 834 5183 super
853 5131 952 5171 me.
976 5113 1264 5168 Ambulauit
1296 5112 1481 5169 Simon
1511 5113 1693 5183 Magos
1715 5113 1771 5167 in
1794 5112 2111 5169 mirabilibus

529 5221 687 5275 super
700 5219 781 5275 se,
794 5206 1009 5276 quando
1021 5206 1281 5276 Spiritum
1297 5215 1542 5262 sanctum
1556 5205 1625 5261 ab
1639 5204 1896 5274 apostolis
1915 5203 2114 5261 Christi

532 5296 760 5367 pecunia
787 5297 1013 5354 credidit
1041 5310 1163 5353 esse
1191 5297 1561 5354 redimendum
1578 5337 1594 5363 ,
1627 5305 1686 5353 ut
1714 5296 1885 5368 pretio
1908 5311 2115 5353 merca-

532 5396 684 5444 retur
710 5389 855 5459 quod
887 5389 1004 5458 ejus
1024 5388 1217 5443 merita
1258 5404 1365 5443 non
1396 5389 1678 5445 habebant.
1714 5388 1805 5445 Sic
1830 5388 1956 5443 dum
1988 5388 2111 5443 talia

532 5489 731 5548 negat,
783 5479 876 5534 illa
926 5479 1120 5533 dantur
1167 5478 1387 5549 intelligi
1436 5494 1555 5550 quas
1600 5480 1828 5535 Domino
1892 5480 2112 5549 juvante

533 5570 787 5628 taciebat.
832 5570 1076 5640 Denique
1126 5571 1200 5626 ita
1258 5573 1595 5630 sentiendum
1647 5588 1877 5644 sequens
1926 5587 2113 5628 versus

532 5662 791 5720 ostendit;

608 5754 761 5811 Vers.
791 5756 848 5811 5.
893 5753 957 5810 Si
984 5770 1092 5811 non
1132 5756 1390 5815 humiliter
1414 5760 1722 5827 sentiebam;
1770 5759 1860 5825 sed
1885 5758 2107 5816 exaltari

535 5864 761 5906 annnam
781 5862 967 5902 meant.

2218 4753 2470 4808 dicuntur
2495 4753 2585 4824 qui
2625 4764 2749 4810 sunt
2776 4770 2821 4827 av
2848 4756 2987 4811 lacte
3031 4757 3309 4826 prohibiti.
3343 4755 3413 4810 Et
3440 4756 3640 4812 merito
3689 4755 3807 4811 talis

2216 4845 2358 4901 facta
2387 4854 2470 4901 est
2496 4848 2828 4917 comparatio
2862 4865 2874 4901 :
2906 4850 3030 4920 quia
3053 4851 3189 4905 sicut
3232 4850 3462 4906 infantes
3491 4852 3661 4907 ubera
3690 4865 3805 4905 ma-

2219 4945 2371 4993 terna
2399 4945 2633 5007 sugunt,
2683 4938 2755 4992 ita
2792 4937 2979 4995 ﬁdeles
3014 4941 3222 5011 parvuli
3270 4941 3567 5012 Scriptura:
3610 4942 3807 4997 divinas

2217 5028 2561 5099 simplicitate
2600 5032 2927 5099 nutriuntur,
2961 5033 3133 5089 donec
3163 5042 3534 5104 praeparentur
3564 5033 3634 5088 ad
3680 5033 3808 5089 soli-

2219 5119 2346 5175 dum
2370 5112 2569 5193 cibum,
2598 5124 2814 5180 dicente
2840 5124 3099 5194 Apostolo
3126 5143 3139 5179 :
3173 5124 3295 5180 Non
3318 5125 3462 5195 potui
3490 5125 3634 5195 loqui
3671 5124 3808 5179 vobis

2219 5210 2364 5281 quissi
2418 5216 2773 5284 spiritualibus
2799 5257 2813 5283 ,
2862 5219 2952 5271 sed
3006 5219 3153 5288 quasi
3184 5218 3509 5284 carnalibus;
3565 5226 3808 5288 tanquam

2219 5305 2448 5374 parvulis
2490 5307 2546 5360 in
2571 5306 2775 5362 Christo
2816 5308 2897 5361 lac
2926 5309 3062 5364 vobis
3098 5318 3271 5379 potum
3295 5307 3437 5377 dedi,
3490 5324 3595 5362 non
3643 5323 3807 5363 escam

2220 5392 2278 5465 (I
2308 5394 2427 5451 Cor.
2454 5412 2532 5467 nr,
2566 5398 2721 5470 1,2).
2752 5399 2861 5455 Nec
2888 5410 3043 5456 vacat
3071 5402 3214 5472 quod
3239 5401 3471 5466 addidit,
3503 5419 3660 5473 super
3702 5400 3811 5456 nia-

2223 5495 2349 5542 trem
2373 5506 2554 5555 suam,
2596 5490 2722 5546 dum
2761 5492 2938 5548 adhuc
2972 5493 3142 5549 teneri
3168 5502 3325 5560 sunt,
3356 5503 3412 5549 et
3438 5508 3605 5563 supra
3647 5493 3813 5549 ubera

2223 5592 2463 5639 materna
2484 5593 2784 5654 portantur.
2810 5586 2944 5655 Ipsis
2968 5585 3112 5641 enim
3137 5586 3351 5657 gravior
3370 5595 3452 5640 est
3473 5588 3811 5643 consuetudo

2224 5677 2479 5731 subtracti
2506 5678 2633 5744 cibi,
2658 5679 2750 5748 qui
2797 5680 2926 5751 [ed.,
2958 5678 3102 5750 quia]
3128 5694 3189 5736 se
3228 5681 3368 5737 escis
3399 5681 3519 5734 aliis
3564 5681 3817 5736 nesciunt

2221 5768 2510 5825 consolari.
2552 5769 2803 5838 Addidit,
2854 5773 2929 5825 ita
2956 5773 3197 5828 retribues
3243 5775 3294 5827 in
3348 5774 3575 5827 animam
3623 5789 3809 5826 meum.

2227 5860 2371 5918 More
2397 5863 2594 5919 dictum
2625 5874 2707 5921 est
2729 5865 3093 5924 humanitatis.
3124 5868 3225 5939 Ipsi
3256 5868 3398 5923 enim
3448 5866 3604 5922 nobis
3655 5865 3809 5936 poni-
