4114 6362
327 379 432 435 945

1216 379 1577 438 EXPOSI'I‘IO
1619 380 1685 438 IN
1720 376 2185 439 PSALTERIUM.
2225 374 2420 432 PSAL.
2459 371 2696 433 CXXXI.

3481 379 3586 435 946

323 462 442 552 mus
486 508 735 567 poenam,
783 495 997 566 quando
1040 495 1111 553 de
1150 498 1327 569 aliqua
1372 511 1537 553 causa
1578 498 1724 566 juste
1772 496 1905 568 [ed.,
1932 497 1983 559 Α
2013 494 2350 565 patientiam,
2374 495 2631 564 quoniam
2655 494 2712 549 in
2732 506 3051 566 quacunque
3075 507 3307 567 persona
3330 493 3433 551 ista
3458 509 3590 551 vere

320 585 483 660 justa]
514 587 865 654 confidimus,
901 590 1115 645 sicutet
1135 590 1186 645 in
1217 592 1449 660 septimo
1475 590 1681 661 psalmo
1702 589 1904 644 dictum

324 688 405 736 est
438 698 451 733 :
482 680 699 735 Domine
726 678 865 737 Deus
897 699 1063 749 meus,
1095 684 1138 737 si
1160 684 1255 753 feci
1275 687 1444 751 istud,
1489 685 1533 738 si
1560 694 1633 740 est
1663 685 1905 754 iniquitas

321 774 372 826 in
396 772 629 826 manibus
661 773 783 827 meis
809 814 826 841 ,
849 775 893 828 si
914 774 1120 829 reddidi
1152 777 1541 832 retribuentibus
1570 777 1695 830 mihi
1734 776 1903 843 mala,

321 864 553 918 decidant
574 867 751 920 merito
772 868 835 919 ab
859 867 1078 921 inimicis
1093 869 1218 922 meis
1240 869 1411 923 inanis
1427 867 1603 939 (Psat.
1627 884 1721 933 vu,
1741 867 1798 935 4,
1823 866 1903 937 5).

319 957 429 1014 Sed
450 957 538 1012 hic
562 957 696 1013 ordo
717 958 872 1015 nobis
899 959 1186 1015 verborum
1214 960 1491 1016 faciendus
1508 971 1609 1026 est,
1635 968 1697 1015 ut
1715 971 1907 1014 versus

319 1053 483 1121 hujus
503 1052 863 1108 decarminata
894 1054 1165 1110 contextio
1193 1053 1309 1123 ipsa
1339 1069 1399 1109 se
1424 1054 1595 1123 magis
1635 1065 1907 1123 exponere

320 1142 586 1198 videatur.
622 1143 682 1198 Si
716 1160 817 1199 non
837 1144 1098 1200 humiliter
1125 1145 1402 1201 sentiebam
1426 1185 1441 1212 ,
1469 1144 1599 1200 sicut
1628 1144 1908 1199 obluctatus

310 1252 474 1311 super
519 1244 734 1291 matrem
757 1254 925 1305 suam,
958 1240 1047 1294 Sed
1074 1240 1294 1294 exaltan
1321 1240 1550 1293 animant
1585 1255 1768 1293 meam.
1804 1237 1907 1295 Se-

320 1326 502 1397 quitur
522 1331 926 1397 compensativa
948 1330 1207 1393 conditio,
1234 1332 1307 1386 ita
1336 1330 1581 1385 retribues
1607 1331 1661 1383 in
1683 1329 1909 1385 animant

319 1434 507 1472 meam.
539 1417 626 1473 Ita
654 1420 781 1475 dum
819 1422 1036 1487 dicitur,
1066 1422 1197 1479 illud
1234 1423 1595 1493 significatur,
1633 1430 1692 1477 ut
1715 1423 1760 1477 si
1808 1436 1910 1492 ego

321 1520 376 1567 te
402 1526 727 1584 praesumpsi
754 1525 1124 1582 contemnere,
1150 1525 1204 1571 tu
1227 1531 1315 1571 me
1340 1517 1535 1572 merito
1563 1514 1796 1572 videaris
1815 1515 1910 1571 ab-

319 1599 513 1670 jicere.
541 1602 670 1659 Sive
700 1606 779 1660 sic
803 1604 1028 1661 forsitan
1065 1606 1239 1677 accipi
1259 1606 1443 1676 debet,
1474 1618 1532 1664 ut
1556 1608 1787 1678 psalmus
1808 1607 1911 1663 iste

319 1703 510 1749 contra
555 1693 678 1749 illos
709 1697 951 1753 videatur
980 1711 1102 1752 esse
1130 1697 1368 1766 prolatus
1404 1698 1494 1768 qui
1531 1697 1586 1752 iu
1641 1697 1910 1768 aliquibus

318 1784 756 1841 tribulationibus
800 1800 958 1857 atque
997 1786 1423 1843 adversitatibus
1463 1788 1772 1855 constituti,
1800 1788 1910 1843 im-

316 1878 592 1948 patienter
617 1877 782 1951 45ο
808 1888 999 1951 agunt,
1032 1889 1087 1935 et
1114 1880 1305 1935 nolunt
1355 1880 1596 1936 remedia

318 2060 450 2129 quia
497 2059 841 2117 differebatur
882 2062 1082 2130 audiri,
1117 2076 1212 2118 cor
1242 2078 1398 2117 suum
1446 2064 1499 2118 in
1547 2070 1912 2132 contemptum

322 2153 549 2207 minime
579 2153 906 2222 prosiliisse;
951 2168 1126 2223 neque
1174 2168 1303 2208 suos
1335 2154 1505 2209 elatos
1545 2154 1730 2209 oculos
1752 2152 1914 2219 dicit,
2010 2186 2013 2187 ν

320 2245 448 2315 quia
493 2245 727 2299 maxime
753 2245 956 2314 parvuli
987 2245 1089 2299 hoc
1117 2244 1350 2312 faciunt,
1378 2246 1469 2315 qui
1497 2255 1748 2314 parentes
1788 2258 1915 2300 suos
2012 2280 2015 2285 η

324 2344 680 2391 contemnere
728 2335 926 2391 furiosa
974 2335 1248 2392 voluntate
1295 2344 1650 2405 praesumunt.
1679 2335 1814 2390 Nam
1860 2343 1919 2391 et

324 2427 445 2497 ipsa
472 2430 801 2499 comparatio
828 2430 1002 2499 posita
1040 2429 1092 2483 in
1142 2429 1283 2485 malo
1312 2438 1490 2500 potest
1514 2429 1684 2501 accipi
1716 2447 1729 2483 :
1772 2444 1909 2500 quo:

326 2519 474 2574 niam
496 2519 794 2576 ablactatus
812 2520 985 2577 infans
1010 2535 1174 2592 super
1195 2531 1423 2578 matrem
1450 2522 1655 2578 exaltat
1676 2521 1926 2578 animam.

326 2624 480 2665 suam
512 2653 527 2677 ,
584 2614 797 2682 quando
859 2613 1125 2669 mamillas
1182 2613 1301 2683 ejus
1363 2615 1613 2671 manibus
1676 2614 1919 2672 lacerare

327 2706 630 2775 praesumit,
658 2716 712 2761 et
732 2707 998 2778 vagitibus
1019 2717 1179 2778 atque
1203 2707 1420 2763 ﬂetibus
1451 2707 1582 2778 agit,
1608 2714 1670 2763 ut
1693 2706 1812 2777 ejus
1830 2706 1918 2763 in-

326 2796 570 2867 dignatio
600 2800 768 2868 possit
799 2800 1039 2870 agnosci.
1069 2799 1276 2856 Deinde
1296 2800 1542 2870 sequitur
1570 2800 1803 2871 pmnalis
1827 2800 1919 2855 illa

324 2891 588 2959 conditio,
615 2901 674 2947 ut
693 2893 738 2948 si
768 2894 894 2950 fecit
919 2908 983 2951 ea
1005 2909 1125 2965 quae
1149 2895 1399 2966 superius
1427 2894 1603 2962 dixit;
1629 2910 1660 2951 a
1690 2896 1920 2952 Domino

321 2982 664 3053 projiciatur,
680 2986 1128 3055 quemadmodum
1142 2988 1631 3046 ablactatusinfans
1653 2990 1917 3046 maternis
2019 3042 2025 3049 .

318 3075 588 3157 uberibus
612 3079 869 3147 probatur
890 3079 1125 3135 excludi.
1156 3080 1290 3137 Nam
1312 3090 1372 3136 ut
1393 3082 1538 3138 hunc
1558 3082 1829 3153 psalmum
1850 3083 1917 3138 ad

326 3167 588 3224 virtutem
614 3170 883 3240 patientia:
913 3179 1072 3242 atque
1102 3173 1419 3230 humilitatis
1448 3173 1530 3248 (ut
1568 3174 1769 3231 dictum
1810 3172 1917 3246 est)

2010 594 2098 641 tua
2139 596 2264 641 sunt
2319 588 2563 657 praemia.
2603 585 2720 643 Non
2766 588 2908 643 enim
2956 588 3059 645 hoc
3105 590 3307 659 passim
3354 588 3593 645 humana

2007 680 2287 736 voluntate
2318 683 2548 736 sumitur
2568 723 2583 746 ,
2636 681 2733 737 sed
2763 682 3163 738 misericordia
3196 688 3321 737 tuze‘
3343 678 3595 753 largitate

2009 778 2313 840 przestatur.
2346 771 2476 838 Quae
2505 772 2627 827 ideo
2650 772 2902 833 maxime
2940 774 3082 829 inter
3113 772 3339 827 virtutes
3368 774 3595 829 eximias

2008 860 2273 917 honorata
2310 863 2621 935 consurgit,
2650 869 2902 933 quoniam
2933 879 3053 921 eatn
3084 864 3320 934 dignatio
3344 872 3449 919 tua:
3477 878 3598 920 ma-

2004 949 2225 1022 iestatis
2270 955 2581 1025 assumpsit.
2623 954 2863 1025 Denique
2893 955 3299 1012 consideremus
3337 965 3595 1026 quantum

2008 1043 2271 1102 honorata
2318 1048 2407 1105 sit,
2427 1047 2734 1114 humilitas,
2766 1062 2884 1117 quae
2914 1049 3182 1118 superbiae
3205 1050 3503 1113 contraria,
3538 1048 3596 1105 in

2014 1135 2330 1193 duodecimo
2374 1138 2546 1209 gradu
2594 1139 2833 1195 noscitur
2875 1140 3168 1206 collocata;
3201 1140 3292 1195 illa
3320 1138 3465 1196 enim
3494 1139 3599 1197 de~

2024 1228 2206 1299 uergit
2232 1229 2286 1285 in
2309 1238 2597 1298 tartarum,
2626 1231 2742 1286 haec
2770 1232 3012 1301 perducit
3037 1232 3104 1289 ad
3126 1232 3341 1289 coelum.

2464 1346 2832 1403 PSALMUS
2870 1347 3142 1403 CXXXI.

2508 1440 2779 1496 Canticum
2825 1442 3097 1512 graduum.

2016 1556 2021 1561 ’
2087 1549 2220 1607 Cum
2263 1553 2580 1623 prophetam
2626 1538 2803 1610 omnia
2833 1555 3039 1609 cantica
3070 1553 3330 1624 graduum
3360 1555 3427 1611 ad
3472 1570 3600 1626 pro-

2012 1653 2219 1700 vectum
2261 1646 2377 1714 spei
2423 1632 2666 1702 celsioris
2710 1646 3024 1715 evexerint,
3076 1648 3215 1703 istud
3264 1658 3445 1705 tamen
3475 1664 3601 1707 eum

2013 1735 2343 1790 omnimodis
2393 1737 2658 1803 elevavit,
2707 1738 2829 1808 quia
2876 1738 3263 1793 incarnationis
3315 1740 3602 1797 dominium

2015 1836 2353 1883 sacramenta
2401 1827 2676 1885 describit.
2727 1828 2951 1899 Dignum
2996 1830 3138 1885 enim
3183 1827 3359 1884 fuerat
3390 1838 3446 1884 ut
3475 1837 3598 1900 post

320 1881 592 1979 Ρὶηῗθηιθτ
617 1881 782 1951 4⁵0
808 1888 999 1981 “3“”‘2
1032 1889 1087 1935 εί
1114 1881 1305 1982 “⁰¹ξ¹¹ξί
1355 1881 1596 1982 “milia
1640 1881 1911 1980 “sm?”
1941 1881 1989 1942 Β
2017 1881 3136 1992 ιιυοάεηᾲιςίιιηιζιᾷᾼὲὶὸὶδτυὲιῖέίιίὲέέεέυιῖ
3159 1881 3601 1992 ιριῆᾇιὲέηῖξὲιζζιὶ

320 1966 525 2022 dtvma.
574 1967 773 2022 Contra
803 1970 919 2022 hzec
966 1983 1142 2022 Itaque
1172 1970 1302 2022 dicit
1349 1970 1567 2022 humilis
1598 1979 1653 2022 et
1698 1969 1909 2022 fidelis.
2012 1998 2017 2005 ι
2148 2014 2161 2022 .
2292 2013 2303 2022 .
2544 2013 2558 2022 .
2672 2013 2688 2022 -
2763 2015 2773 2022 .
2986 2013 3003 2022 -
3112 1965 3131 2022 ’.

364 1968 525 2023 ivina.
574 1967 773 2024 Contra
803 1970 919 2025 haec
966 1969 1142 2041 itaque
1172 1970 1302 2025 dicit
1349 1970 1567 2025 humilis
1598 1979 1653 2026 et
1698 1969 1909 2039 fidelis,
2012 1998 2017 2005 ι

2017 2014 2256 2068 omnium
2290 2013 2408 2083 ipse
2438 2013 2627 2070 tertius
2658 2013 2900 2069 decimus
2939 2013 3256 2082 adveniret,
3288 2029 3447 2083 quem
3496 2028 3606 2069 non

2016 2105 2252 2161 arbitror
2282 2120 2525 2175 personae
2557 2106 2887 2177 propheticae
2920 2120 3080 2177 posse
3110 2121 3443 2176 congruere,
3481 2105 3608 2175 quia

2016 2196 2185 2267 gloria
2218 2198 2348 2253 tanti
2374 2198 2566 2268 psalmi
2588 2198 2689 2254 nisi
2723 2197 2950 2253 Domino
2974 2197 3187 2253 Christo
3216 2196 3609 2253 rationabiliter

2019 2286 2173 2341 alteri
2204 2276 2319 2343 {non
2365 2296 2541 2357 potest
2582 2288 2866 2358 applicari.
2898 2289 3008 2344 Nec
3037 2290 3180 2345 enim
3226 2289 3315 2344 ille
3357 2288 3607 2356 humilis,

2017 2376 2107 2443 qui
2138 2374 2398 2431 hactenus
2425 2377 2752 2431 clamaverat
2780 2378 2848 2432 de
2884 2377 3163 2447 profundis
3188 2418 3205 2444 ,
3256 2378 3433 2432 subito
3454 2391 3515 2433 se
3547 2378 3604 2432 in

2021 2472 2224 2520 tantam
2242 2464 2452 2521 laudem
2473 2467 2977 2538 potuisseterigere,
3003 2477 3059 2522 ut
3075 2468 3367 2523 humanum
3384 2466 3606 2523 modum

2020 2555 2298 2612 videretur
2319 2556 2602 2614 excedere.
2635 2558 2969 2628 Quapropter
2998 2558 3165 2613 David
3202 2559 3291 2614 ille
3330 2556 3609 2614 desidera-

2020 2646 2163 2715 bilis,
2196 2648 2287 2704 ille
2334 2662 2497 2704 manu
2524 2648 2679 2705 fortis
2708 2648 2795 2705 hic
2837 2665 2868 2704 a
2898 2650 3054 2706 nobis
3084 2649 3463 2719 intelligendus
3490 2657 3606 2719 est,

2018 2739 2074 2796 in
2105 2756 2211 2811 quo
2233 2749 2289 2797 et
2309 2741 2586 2798 humilitas
2609 2752 2897 2813 assumpta
2919 2743 3305 2799 incarnationis
3327 2743 3605 2815 convenit,

2021 2840 2075 2889 et
2104 2832 2496 2904 omnipotentis
2528 2832 2753 2890 Deitatis
2777 2833 3014 2889 excellit.
3532 2841 3545 2851 “

2600 2944 2797 3000 Divisio
2831 2946 3035 3018 psalmi.

2097 3056 2234 3114 Cum
2266 3055 2575 3135 frequenter
2602 3056 2866 3127 propheta
2912 3057 2969 3113 in
2994 3055 3218 3129 psalmis
3255 3054 3326 3113 de
3364 3054 3614 3112 incarna-

2023 3151 2177 3208 tione
2207 3149 2419 3229 Domini
2451 3148 2616 3206 fuerit
2642 3149 2888 3223 locutus,
2935 3150 2992 3205 in
3020 3148 3123 3206 hoc
3169 3147 3405 3206 maxime
3445 3146 3618 3220 gradu

330 3238 700 3335 intelligamus
725 3278 848 3321 esse
868 3238 1157 3335 prolatum,
1180 3266 1434 3336 subjecit,
1457 3238 1646 3335 Sperat
1675 3265 1844 3322 Israel
1872 3238 1926 3323 iit
1949 3254 1998 3319 C
2030 3252 2238 3300 unum
2267 3243 2586 3336 ιηῖεμιθτίυω
2607 3243 2888 3336 “idem”
2907 3243 3101 3336 θάίοίῑξ
3127 3252 3186 3299 ιη
3206 3238 3621 3336 malignum:

326 3331 581 3421 Domino,
604 3371 666 3408 ea:
685 3355 778 3409 hoc
798 3331 933 3410 nunc
959 3364 1006 3411 et
1032 3331 1189 3427 usque
1207 3357 1261 3411 in
1279 3331 1570 3413 suculam:
1599 3370 1670 3413 ne
1687 3372 1925 3429 praeceps
2028 3344 2114 3393 δεῖ
2161 3336 2231 3429 δᾳ
2260 3335 2378 3429 81°?
2382 3334 2489 3391 iam
2519 3335 2867 3429 Ρθτίθθξίοιξίξ
2896 3334 3193 3429 εξοςξὶὼῐθ
3210 3373 3228 3402 ,
3245 3333 3349 3429 _qui
3376 3331 3622 3429 humani

330 3443 644 3515 deSperatio
675 3457 863 3505 nostra
891 3424 1171 3506 ablactatis
1217 3450 1507 3507 infantibus
1546 3424 1743 3507 merito
1777 3424 1928 3509 com-
2028 3428 2247 3501 εθηθτίδ
2292 3426 2519 3482 “me”
2548 3439 2657 3482 “0"
2693 3424 2896 3483 ἀθδίηίί
2935 3425 3198 3483 ίηδίθθτθσ
3240 3425 3423 3483 Prima
3461 3425 3626 3496 δαίων

332 3545 523 3607 parata
550 3537 814 3596 videatur.
1422 3586 1423 3589 η
1904 3576 1910 3595 ε

320 3692 325 3701 1
410 3628 565 3687 Vers.
599 3631 652 3685 5.
704 3631 885 3701 Speret
914 3632 1083 3688 Israel
1123 3634 1177 3687 in
1206 3632 1453 3701 Domino,
1496 3650 1559 3689 ea:
1585 3634 1680 3690 hoc
1713 3651 1851 3691 nunc
1881 3644 1930 3692 et

333 3737 499 3791 usque
517 3723 573 3775 iu
602 3722 867 3778 saeculum.
896 3723 1185 3794 Postquam
1212 3723 1571 3779 humilitatem
1595 3733 1650 3782 et
1677 3735 1930 3783 mansue-

338 3812 582 3869 tudinem
628 3813 958 3884 sequendam
996 3823 1364 3886 competenter
1392 3814 1639 3882 edocuit,
1670 3823 1929 3886 tanquam

338 3904 516 3962 bonus
562 3906 817 3976 magister
857 3907 1091 3964 secunda
1137 3917 1292 3979 parte
1343 3922 1678 3977 conversus,
1731 3925 1929 3965 unum-

338 4012 611 4070 quemque
649 3999 887 4055 fidelium
920 4008 1103 4056 monet
1128 4009 1188 4055 ut
1221 4000 1604 4056 confidentiam
1647 4015 1801 4057 suam
1831 4016 1933 4071 po-

350 4101 442 4147 nat
461 4107 674 4164 semper
696 4093 750 4148 in
781 4094 1029 4159 Domino,
1054 4102 1108 4148 et
1150 4095 1204 4149 in
1230 4108 1295 4149 ea
1318 4094 1526 4149 cunctis
1553 4094 1765 4149 saeculis
1802 4109 1931 4164 per-

344 4195 578 4241 severet.
612 4185 669 4240 ln
690 4188 793 4241 hoc
815 4186 959 4241 enim
983 4185 1183 4240 mundo
1212 4185 1338 4240 licet
1364 4200 1589 4254 sperare,
1614 4184 1725 4240 illic
1753 4193 1931 4240 autem

330 4276 650 4350 desiderata
678 4276 901 4347 praemia
930 4277 1197 4332 contueri.
1227 4274 1361 4329 Nam
1389 4276 1637 4330 swculum
1660 4273 1931 4330 interdum

345 4369 604 4425 mundum
634 4371 795 4426 istum
835 4370 1139 4441 significat,
1195 4369 1465 4424 interdum
1521 4383 1751 4439 regnum
1797 4368 1932 4425 illud

346 4462 561 4519 Domini
591 4464 733 4533 quod
771 4465 1040 4521 credimus
1070 4477 1191 4521 esse
1227 4471 1533 4521 venturum.
1567 4464 1708 4519 Dicit
1751 4463 1930 4529 enim,

345 4573 411 4610 ea:
436 4556 529 4610 hoc
558 4573 692 4611 nunc
740 4566 788 4611 et
828 4572 985 4628 usque
1018 4558 1072 4610 in
1099 4554 1346 4635 swculum
1367 4599 1382 4624 ,
1427 4553 1482 4609 id
1510 4563 1591 4609 eet
1621 4569 1652 4608 a
1680 4554 1933 4625 praesenti

2029 3518 2344 3575 narratione
2372 3516 2585 3572 Domini
2615 3515 2817 3595 Christi
2843 3515 3009 3589 verba
3034 3515 3223 3583 refert,
3249 3517 3447 3587 quibus
3475 3516 3625 3574 Patri

2037 3625 2139 3667 suo
2185 3608 2530 3680 cognoscitur
2556 3609 2895 3681 promisisse,
2920 3608 3161 3679 requiem
3211 3620 3273 3663 se
3308 3607 3621 3665 nullatenus

2026 3717 2282 3781 sumere,
2315 3702 2418 3757 nisi
2444 3715 2589 3757 verae
2618 3700 2898 3773 religionis
2928 3700 3182 3756 affectum
3224 3700 3476 3757 humanis
3497 3714 3627 3772 pee-

2032 3796 2243 3853 toribus
2268 3795 2575 3851 infudisset.
2609 3793 2860 3851 Secunda
2884 3793 3192 3849 narratione
3220 3792 3353 3849 dicit
3377 3807 3499 3849 esse
3533 3807 3627 3849 co-

2031 3887 2275 3959 gnitum,
2322 3885 2466 3957 quod
2510 3884 2776 3941 veraciter
2800 3883 2973 3939 fuerat
3021 3897 3052 3937 a
3078 3881 3314 3951 Domino
3343 3884 3624 3940 Salvatore

2026 3978 2333 4055 pollicitum
2350 4018 2366 4045 ,
2418 3989 2607 4046 preces
2638 3990 2765 4032 suas
2789 3974 3076 4045 adjiciens,
3109 3981 3169 4029 ut
3193 3975 3305 4032 cito
3329 3975 3625 4034 adventum

2035 4073 2328 4128 salutarem
2360 4071 2621 4140 prebeat,
2650 4070 2740 4141 qui
2765 4068 2943 4124 adhuc
2970 4066 3185 4124 venturi
3207 4067 3464 4137 temporis
3488 4068 3629 4125 dila-

2037 4163 2183 4219 tione
2224 4161 2511 4233 pendebat.
2542 4159 2721 4217 Tertia
2749 4168 2902 4231 parte
2924 4157 3337 4231 promissionem
3378 4174 3497 4229 qua
3549 4160 3630 4217 illi

2036 4269 2067 4311 a
2092 4254 2255 4310 Patre
2283 4253 2425 4309 facta
2454 4252 2660 4320 fuerat,
2692 4250 2940 4323 perhibet
2966 4264 3089 4307 esse
3108 4249 3483 4320 complendam
3510 4294 3527 4319 ,
3568 4258 3630 4306 ut

2037 4346 2240 4401 fructus
2270 4344 2410 4399 uteri
2433 4342 2716 4414 virginalis
2744 4341 2995 4398 thronum
3024 4340 3211 4399 sedeat
3243 4341 3631 4399 dominationis

2036 4448 2298 4496 aeternum
2317 4479 2334 4506 ,
2386 4447 2653 4510 quatenus
2679 4435 2981 4494 Ecclesiam
3008 4435 3126 4507 ejus
3153 4434 3467 4504 benedicat,
3496 4448 3630 4505 pau-

2038 4545 2195 4601 peres
2232 4535 2452 4601 pascat,
2507 4528 2818 4584 sacerdotes
2856 4526 3155 4597 glorificet,
3197 4533 3254 4582 et
3300 4532 3629 4596 potestatem

349 4658 593 4717 tempore
618 4663 789 4719 usque
827 4648 893 4705 ad
923 4620 1278 4705 mternitatem
1306 4647 1573 4713 futuram;
1605 4659 1726 4701 cum
1761 4660 1925 4702 unum

2040 4621 2159 4693 ejus
2210 4620 2503 4690 perducat,
2534 4620 2779 4675 inimicos
2824 4618 3010 4707 induat
3061 4616 3411 4685 confusione,
3462 4632 3629 4689 super

345 4743 602 4797 saeculum
627 4743 756 4808 erit,
786 4752 841 4798 et
867 4742 1183 4798 vicissitudo
1217 4750 1530 4811 temporum
1572 4739 1631 4795 in
1675 4740 1936 4805 unitatem

346 4844 663 4904 perpetuam
713 4833 938 4889 feliciter
978 4834 1313 4889 immutatur.
1365 4832 1455 4889 Sic
1490 4838 1702 4887 textum
1745 4830 1939 4901 psalmi

345 4926 734 4995 compendioso
785 4926 892 4980 fine
934 4925 1240 4991 conclusit,
1289 4932 1351 4980 ut
1392 4932 1594 4980 sancta:
1646 4918 1939 4979 humilitati

347 5012 665 5075 Conveniret
703 5026 758 5074 et
787 5017 899 5088 ipsa
924 5017 1161 5072 brevitas
1185 5016 1455 5072 dictionis.

764 5168 765 5171 η
883 5109 1153 5162 Conclusio
1180 5108 1384 5179 psalmi.

350 5199 357 5207 ’
422 5202 682 5259 Mirabilis
717 5210 801 5258 est
828 5201 985 5256 nimis
1014 5200 1317 5264 humilitas,
1366 5214 1486 5271 qua:
1508 5198 1745 5255 culmine
1782 5212 1935 5253 com-

348 5296 634 5352 mendatur
682 5294 914 5352 excelso.
962 5293 1093 5348 Nam
1124 5292 1170 5347 si
1211 5292 1403 5361 aliquis
1446 5292 1675 5347 eremita
1725 5290 1936 5347 cellulas

351 5402 462 5443 sum
512 5403 709 5444 vacans
762 5387 885 5443 talia
923 5372 1173 5452 diceret,
1214 5400 1406 5455 magna
1454 5394 1630 5440 tamen
1663 5382 1936 5453 patientiae

352 5478 509 5535 laude
543 5480 792 5551 fulgeret.
840 5480 953 5535 Hoc
981 5486 1311 5549 purpuratus
1336 5517 1352 5541 ,
1396 5477 1501 5532 hoc
1553 5476 1936 5546 prophetarum

354 5578 565 5634 dicebat
591 5579 847 5644 eximius,
880 5584 939 5631 ut
962 5583 1111 5631 tanto
1134 5572 1429 5628 studiosius
1453 5572 1728 5641 refugeret
1752 5584 1944 5640 super-

354 5668 497 5725 biam
526 5710 541 5736 ,
589 5679 791 5739 quanto
817 5669 1047 5739 amplius
1076 5667 1341 5722 honorum
1368 5664 1611 5721 claritate
1668 5664 1939 5718 radiabat.

358 5758 465 5815 Sed
495 5762 621 5830 quid
648 5778 677 5819 a
712 5762 865 5816 rubis
895 5760 1155 5831 exigitur,
1178 5761 1221 5814 si
1248 5759 1315 5814 ab
1352 5758 1442 5813 illo
1475 5757 1596 5812 talia
1631 5757 1939 5825 pendeban-

2041 4728 2165 4770 eum
2194 4712 2385 4768 ﬂoreat
2415 4710 2766 4767 sanctiﬁcatio
2794 4695 2994 4765 aeterna
3019 4708 3261 4779 justitite.
3287 4709 3631 4781 Quapropter

2042 4805 2185 4860 hunc
2211 4804 2477 4874 psalmum
2501 4803 2724 4859 intentis
2747 4801 2942 4856 animis
2972 4800 3275 4881 audiamus,
3302 4808 3387 4857 est
3406 4800 3549 4856 enim
3572 4810 3631 4858 et

2042 4895 2289 4952 sensibus
2330 4893 2650 4965 profundus,
2683 4902 2739 4951 et
2766 4893 3053 4951 verborum
3085 4892 3327 4963 ipsorum
3355 4892 3631 4963 signiﬁca-

2045 4988 2192 5045 tione
2217 4988 2493 5059 copiosus.

2576 5079 2843 5151 Expositio
2883 5076 3091 5150 psalmi.

2117 5196 2270 5251 Vers.
2300 5196 2352 5250 i.
2383 5194 2664 5264 Mcuwnto,
2696 5193 2913 5250 Domine
2932 5233 2949 5258 ,
2977 5191 3145 5247 David
3184 5200 3231 5247 et
3261 5194 3426 5249 omnis
3478 5210 3626 5249 man-

2046 5289 2331 5345 suetudinis
2375 5292 2511 5361 ejus.
2544 5286 2688 5344 Usus
2732 5296 2819 5343 est
2862 5286 3136 5357 prophetae
3175 5284 3491 5357 frequenter
3529 5302 3629 5359 per

2045 5381 2313 5437 humanas
2332 5379 2744 5436 consuetudines
2770 5377 2998 5434 Domino
3020 5377 3344 5448 supplicare.
3366 5378 3627 5434 Memento

2048 5475 2192 5531 enim
2216 5473 2293 5528 illi
2322 5471 2537 5540 dicitur,
2562 5471 2654 5540 qui
2678 5469 2811 5526 nihil
2838 5468 3130 5540 aliquando
3154 5470 3330 5540 potuit
3352 5470 3624 5527 oblivisci.

2044 5570 2162 5625 Non
2190 5568 2333 5624 enim
2374 5577 2433 5624 ut
2462 5568 2530 5623 ad
2576 5567 2895 5625 memoriam
2933 5568 3118 5625 redeat
3168 5568 3430 5625 Divinitas
3473 5581 3630 5624 com-

2048 5671 2319 5729 mouetur,
2345 5668 2469 5715 ante
2491 5675 2648 5730 quam
2671 5675 2831 5716 omne
2855 5674 3092 5728 prtesens
3113 5671 3197 5716 est
3217 5660 3549 5731 praeteritum
3568 5666 3629 5715 et

2048 5755 2307 5811 futurum.
2335 5752 2503 5807 David
2524 5763 2705 5808 autem
2725 5751 3053 5824 significatur
3075 5752 3333 5807 Dominus
3353 5750 3626 5819 Christus,

360 5854 478 5915 iuri
509 5853 735 5927 Praesta,
768 5854 1014 5925 Domine,
1042 5852 1405 5910 humilitatem
1437 5850 1585 5925 regis
1606 5893 1621 5922 ,
1668 5850 1944 5923 prophetae
2055 5853 2143 5925 qui
2175 5864 2273 5925 per
2298 5846 2479 5905 carnis
2501 5860 2684 5905 semen
2704 5846 2772 5904 de
2798 5855 3059 5904 creatura:
3083 5860 3195 5903 sua:
3222 5841 3497 5909 descendit
3517 5842 3642 5918 ονίς⁸
