4078 6342
485 249 592 308 987
1699 236 1771 297 M.
1812 234 2095 294 AUllELll

2196 225 2534 291 iSSlODORl
3652 231 3770 290 918

486 362 634 434 gine.
658 355 749 416 Sic
770 355 914 414 enim
937 367 1159 411 avorum
1184 361 1612 424 proavorumque
1638 345 1856 404 nomina
1875 346 2067 402 subsc-
2099 347 2153 408 Α
2175 344 2423 401 dentibus
2449 340 2709 414 apostolis
2742 341 3017 408 ascendit,
3049 355 3208 413 quam
3237 355 3296 398 se
3325 347 3450 399 ante
3487 342 3778 413 ingressu-

487 432 672 524 [ποθειιὲ
689 457 850 506 tritate
865 448 1136 519 ponimus,
1157 455 1219 501 ut
1231 459 1357 500 eum
1379 442 1644 512 majorum
1663 453 1882 496 suorum
1903 439 2070 496 ﬁlium
2173 451 2291 494 rum
2322 449 2445 492 esse
2471 450 2578 491 non
2607 435 2873 506 perhibet,
2899 449 3057 506 quam
3082 433 3312 490 Domino
3351 432 3503 490 Patri
3527 436 3777 506 reperiat

487 543 660 603 fuisse
679 541 1035 601 declaramus.
1069 535 1202 592 Nam
1226 537 1410 592 Iesum
1441 532 1712 588 Christum
1740 532 1906 586 thid
1933 531 2066 598 dici,
2174 531 2549 600 religiosorum
2610 538 2886 600 pectorum
2931 530 3130 585 locum.
3181 529 3306 586 ideo
3347 529 3494 584 enim
3538 528 3777 597 addidit,

488 635 646 695 ωδιίί
686 643 773 692 οεῑ
799 631 1060 689 “remi”
1085 643 1209 685 cum
1237 627 1316 682 αίι
1355 643 1373 681 ε
1411 623 1480 680 Εἰ
1503 624 1672 680 David
1705 639 1874 695 regem
1910 621 2072 693 551
2177 624 2364 677 domus
2396 637 2538 691 mea,
2575 629 2634 676 ut
2651 623 2930 678 cmlestem
2957 623 3286 694 signiﬁcaret.
3335 621 3775 693 habitationem;

489 731 721 801 ipsorum
746 723 1002 781 suscitabo
1022 723 1129 778 illis
1152 721 1283 793 (Jer.
1309 736 1436 787 xxx,
1465 717 1544 789 9);
1572 728 1627 774 et
1650 718 1868 780 iterum,
1897 715 2077 770 Susci-

489 822 611 876 δύο
633 819 738 874 illis
764 817 933 872 David
952 831 1122 886 regem
1149 813 1412 868 Orientem
1425 815 1625 884 justum
1653 809 1786 883 (Ier.
1815 823 1967 877 xxiii,
1991 809 2074 879 ὅ),

490 921 603 973 etc.
657 908 794 967 Item
820 907 1104 974 Ezechiel,
1141 906 1205 960 Et
1252 905 1486 961 excitabo
1509 919 1662 974 super
1690 919 1775 958 eos
1823 912 2079 973 pastorem

449 1005 452 1008 ’
493 1017 658 1065 unum
683 1001 872 1068 altum,
905 1009 951 1054 et
977 1008 1146 1069 pascet
1173 1013 1258 1051 eos
1286 1012 1458 1052 servus
1487 1010 1627 1048 meus
1660 993 1827 1047 David
1849 1035 1864 1061 ,
1897 999 1946 1047 et
1983 992 2079 1047 erit

493 1095 568 1150 eis
595 1101 802 1164 pastor,
824 1101 874 1149 et
903 1106 997 1162 ego
1023 1106 1110 1145 ero
1129 1089 1234 1144 illis
1273 1089 1327 1142 in
1357 1087 1544 1152 Deum,
1576 1095 1624 1140 et
1654 1084 1818 1138 David
1848 1085 2081 1156 princeps

497 1188 554 1242 in
591 1185 756 1240 medio
775 1199 956 1241 eorum
981 1181 1197 1252 (Euech.
1222 1196 1402 1243 xxxiv,
1427 1180 1541 1250 25).
1568 1178 1718 1232 Unde
1739 1185 1950 1231 constat
1975 1183 2081 1228 noti

500 1293 620 1336 esse
645 1278 850 1332 dictum
881 1276 946 1330 de
969 1273 1137 1328 David
1159 1273 1269 1327 ﬁlio
1297 1272 1468 1334 Iesse,
1497 1269 1709 1340 quando
1735 1268 1820 1322 isxi
1851 1266 2084 1336 prOphe-

500 1379 572 1427 ιω
602 1370 762 1440 longo
795 1378 1034 1438 tempore
1063 1375 1183 1436 post
1211 1366 1384 1434 ipsum
1415 1364 1582 1418 luisse
1623 1361 1998 1424 declarantur,
2032 1365 2086 1412 et

499 1463 783 1534 prophetia
835 1463 1076 1532 ipsorum
1133 1460 1313 1514 dicere
1360 1456 1702 1526 cognoscitur
1759 1453 1826 1508 de
1879 1450 2081 1506 futuro.

495 1551 707 1612 Deinde
729 1556 904 1626 potuit
932 1554 1111 1608 dicere
1143 1569 1156 1604 :
1203 1549 1458 1605 Memento
1483 1549 1618 1611 mei;
1650 1546 1744 1603 sed
1775 1553 1832 1600 ut
1856 1544 2086 1600 alterum

503 1646 852 1718 signiﬁcaret,
884 1642 1026 1698 dixit
1080 1659 1094 1696 :
1128 1641 1407 1707 Memento,
1447 1638 1702 1704 Domine,
1728 1636 1915 1691 David.
1942 1636 2086 1703 Qua-

2175 715 2317 772 sicut
2343 714 2450 770 alio
2479 715 2597 772 loco
2622 715 2753 769 dicit
2781 714 3017 770 :Caelum
3059 716 3186 768 mihi
3214 716 3357 770 sedes
3382 723 3479 784 est,
3515 726 3656 770 terra
3677 731 3784 770 au-

2179 817 2279 862 tem
2315 806 2591 862 scabellum
2619 807 2808 877 pedum
2831 823 3062 861 meorum
3089 805 3246 880 (isai.
3285 823 3429 873 vat,
3463 807 3544 878 1).
3575 807 3784 878 Sequi-

2179 909 2288 968 tur,
2329 901 2375 954 si
2399 903 2680 954 ascendere
2704 901 2759 954 in
2790 900 2975 954 lectum
3001 909 3193 955 stratus
3237 901 3354 954 mei.
3383 900 3532 956 More
3561 914 3664 955 suo
3691 913 3783 958 res

2177 993 2430 1048 ctelestes
2462 1007 2556 1062 per
2594 991 2855 1046 humanas
2881 991 3302 1046 consuetudines
3327 990 3668 1061 dignoscitur
3695 993 3784 1048 ius

2181 1084 2381 1140 dicare.
2431 1085 2624 1140 Lectus
2671 1083 2814 1140 enim
2861 1089 3294 1139 noster'stratus
3322 1084 3564 1153 quietem
3613 1081 3775 1139 nobis

2180 1177 2391 1233 confert
2427 1186 2482 1232 et
2504 1178 2662 1231 ﬁnem
2687 1177 2930 1231 laborum
2960 1193 2972 1229 :
3003 1177 3148 1231 unde
3173 1175 3350 1232 iectus
3375 1175 3566 1246 ipsius,
3609 1175 3663 1230 id
3694 1182 3786 1232 est

2182 1270 2420 1342 requies,
2475 1271 2869 1327 consummatio
2917 1269 3259 1340 intelligenda
3311 1277 3397 1325 est
3449 1269 3784 1326 beatissima

2185 1364 2466 1434 passionis.
2517 1364 2648 1420 Nam
2693 1375 2752 1420 et
2803 1364 2978 1434 ipsum
3012 1363 3158 1431 quod
3206 1346 3362 1428 dixit,
3395 1362 3438 1416 si
3474 1363 3773 1426 ascendere,

2183 1458 2451 1526 signiﬁcat
2483 1459 2874 1523 ascensionem,
2919 1455 3132 1526 quando
3173 1454 3417 1510 ascendit
3443 1454 3496 1509 in
3525 1455 3692 1510 ctelos
3715 1461 3776 1509 et

2183 1549 2326 1606 sedit
2353 1552 2420 1604 ad
2451 1550 2730 1606 dexteram
2779 1549 2972 1604 Patris.
3008 1548 3162 1603 Tunc
3189 1546 3336 1602 enim
3377 1546 3692 1618 iurationis,
3727 1545 3785 1602 id

2187 1653 2272 1699 est
2303 1643 2674 1712 promissionis
2712 1643 2880 1713 ipsius
2914 1650 3036 1698 vota
3065 1641 3329 1710 completa
3360 1648 3526 1705 sunt;
3560 1639 3706 1711 quod
3731 1645 3787 1697 et

506 1745 733 1814 propter
763 1734 1096 1790 conﬁdenter
1122 1733 1280 1788 debet
1311 1729 1518 1799 accipi,
1550 1727 1688 1798 quod
1722 1728 1884 1782 tantis
1939 1725 2085 1780 testi-

2196 1739 2308 1809 ipse
2335 1740 2387 1794 in
2417 1739 2665 1809 passione
2691 1753 2786 1794 sua
2817 1737 2968 1794 dixit
2999 1752 3120 1793 cum
3152 1746 3302 1792 aceto
3332 1746 3550 1810 potatus
3596 1745 3744 1792 esset
3771 1753 3786 1791 :

507 1829 708 1886 moniis
737 1829 1078 1899 cognoscitur
1117 1823 1421 1896 approbari.
1456 1821 1587 1876 Nam
1635 1819 1776 1891 quod
1820 1819 2082 1890 sequitur,

505 1929 556 1976 et
612 1921 776 1976 omnis
827 1917 1236 1974 mansuetudinis
1287 1917 1438 1988 ejus,
1493 1915 1768 1968 immensa:
1817 1910 2090 1983 patientiae

505 2014 680 2070 virtus
718 2013 1037 2080 ostenditur,
1071 2011 1140 2067 de
1168 2026 1274 2080 quo
1298 2009 1464 2064 lsaias
1487 2007 1617 2062 dicit
1648 2024 1662 2059 :
1705 2005 1851 2061 Sicut
1893 2006 1995 2059 ovis
2023 2002 2091 2058 ad

506 2109 810 2162 occisionem
855 2107 1036 2160 ductus
1064 2114 1166 2170 est,
1201 2113 1246 2158 et
1277 2103 1405 2156 sicut
1450 2115 1614 2173 agnus
1655 2115 1826 2153 coram
1855 2097 2093 2162 tondente

507 2215 578 2267 se,
609 2199 679 2255 sic
711 2216 813 2254 non
855 2200 1052 2269 aperuit
1083 2215 1139 2253 os
1163 2214 1313 2253 suum
1346 2195 1479 2266 (Isa.
1513 2210 1640 2263 Lm,
1679 2192 1759 2265 7).
1794 2192 1905 2248 Hoc
1949 2201 2093 2249 certe

505 2289 776 2362 ‘quomodo
801 2298 1012 2358 poterat
1033 2289 1100 2344 de
1131 2304 1190 2345 se
1221 2287 1480 2358 propheta
1511 2286 1713 2356 dicere,
1739 2299 1863 2340 cum
1890 2298 1950 2340 se
1981 2299 2095 2339 me-

509 2375 758 2439 minisset
813 2383 996 2440 Uriam
1054 2383 1341 2438 llethzeum
1403 2389 1624 2452 propter
1699 2393 1923 2435 uxorem
1975 2376 2097 2448 ejus

510 2477 796 2534 crudeliter
823 2477 1084 2533 occidisse
1114 2475 1199 2549 (II
1240 2476 1366 2546 Reg.
1398 2489 1494 2539 xit,
1540 2473 1630 2544 9)?
1659 2471 1815 2529 Unde
1841 2481 1896 2529 et
1925 2470 2098 2543 pinni-

502 2551 692 2628 tentiae
715 2570 882 2640 ipsius
903 2571 1198 2640 gloriosum
1227 2577 1404 2626 exstat
1425 2567 1754 2637 exemplum.

506 2658 518 2672 '
580 2657 741 2717 Vers.
767 2660 824 2716 2.
849 2660 996 2718 Sicut
1014 2661 1214 2732 juravit
1245 2659 1490 2728 Domino,
1521 2669 1694 2716 votum
1719 2659 1848 2714 vovit
1873 2657 1982 2714 Deo
2003 2657 2100 2714 Ia-

508 2749 624 2809 ‘cob.
651 2751 880 2821 Iuravit,
908 2753 978 2809 de
1003 2753 1217 2810 Christo
1241 2753 1469 2810 Domino
1493 2753 1714 2821 dicitur,
1735 2753 1889 2825 cujus
1916 2768 2100 2812 sacra-

511 2852 754 2901 mentum
779 2855 863 2902 est
885 2846 1039 2900 ﬁrma
1067 2847 1371 2915 promissio.
1401 2845 1534 2902 Nam
1564 2852 1622 2901 et
1659 2846 1772 2916 ipsa
1800 2846 1948 2901 verbi
1977 2853 2099 2917 ety-

513 2937 746 3009 mologia
776 2938 940 3009 (sicut
970 2937 1085 3009 jam
1124 2937 1323 2994 dictum
1346 2935 1453 3009 est)
1476 2939 1740 3010 signiﬁcat
1759 2939 1880 3008 jure
1907 2939 2100 3008 oravit,

507 3031 567 3087 id
585 3040 672 3088 est
689 3018 954 3086 veraciter
973 3031 1233 3103 ﬁrmaque
1252 3033 1526 3102 promisit;
1555 3039 1682 3087 tunc
1707 3031 1916 3088 scilicet
1937 3048 2104 3102 quan-

2191 1828 2609 1886 Consummatum
2637 1841 2710 1887 est
2733 1849 2754 1899 ,°
2802 1839 2850 1886 et
2876 1829 3122 1886 inclinato
3147 1829 3313 1902 capite
3337 1831 3502 1884 emisit
3543 1831 3788 1899 spiritum

2190 1922 2374 1995 (Joan.
2405 1940 2518 1989 XIX,
2539 1924 2652 1995 50).
3771 1917 3774 1922 ’

2265 2019 2421 2074 Vers.
2453 2019 2507 2074 4.
2543 2020 2603 2074 Si
2631 2018 2815 2073 dedero
2854 2031 3091 2072 somnum
3116 2017 3280 2072 oculis
3307 2016 3455 2083 meis,
3489 2023 3581 2069 aut
3607 2014 3788 2088 palpe-

2191 2111 2298 2165 bris
2319 2111 2446 2164 meis
2469 2111 2902 2176 dormitationem,
2928 2119 3018 2164 aut
3044 2110 3271 2180 requiem
3295 2109 3610 2179 temporibus
3639 2109 3781 2162 meis.

2194 2205 2452 2272 Quamvis
2473 2220 2571 2260 nec
2593 2203 2681 2259 illa
2713 2205 2989 2274 superiora
3013 2218 3130 2274 qua:
3151 2202 3408 2272 diximus,
3437 2203 3504 2256 ad
3537 2211 3784 2258 naturam

2195 2294 2410 2351 deitatis
2452 2294 2569 2366 ejus
2612 2295 2870 2364 applicari
2912 2308 3072 2365 posse
3099 2295 3407 2359 videantur,
3457 2294 3562 2349 hoc
3612 2302 3790 2348 tamen

2198 2387 2520 2443 omnimodis
2564 2387 2874 2454 discrepare
2922 2389 3285 2458 cognoscitur,
3336 2391 3401 2440 ut
3429 2385 3519 2440 illa
3551 2383 3789 2456 potentia

2197 2475 2502 2534 Divinitatis
2531 2487 2624 2532 aut
2653 2479 2816 2533 oculis
2847 2479 2960 2533 suis
2989 2493 3248 2542 somnum,
3272 2486 3361 2530 aut
3389 2477 3645 2547 palpebris
3671 2476 3792 2528 dor-

2195 2569 2516 2625 visitationem
2541 2567 2742 2623 dedisse
2782 2568 3045 2624 videatur.
3075 2567 3186 2623 Sed
3217 2567 3330 2623 huic
3352 2567 3534 2621 omnia
3561 2568 3794 2621 rationa-

2195 2661 2379 2720 biliter
2427 2660 2744 2716 humanitati
2785 2659 2902 2728 ejus
2947 2659 3237 2715 convenire
3285 2666 3602 2714 noscuntur.
3649 2655 3792 2711 Dicit

2195 2753 2382 2811 enim:
2417 2753 2477 2808 Si
2517 2752 2703 2808 dedero
2751 2767 2986 2806 somnum
3027 2749 3191 2806 oculis
3226 2751 3372 2805 meis.
3417 2749 3644 2806 Somnus
3689 2749 3790 2803 iste

2199 2847 2582 2919 intelligendus
2609 2852 2695 2902 est
2731 2846 2942 2916 requies
2991 2846 3182 2902 mortis
3214 2861 3228 2898 :
3263 2843 3330 2899 de
3360 2858 3463 2915 quo
3503 2854 3556 2898 et
3586 2842 3642 2896 in
3677 2841 3790 2898 alio

2201 2941 2408 3011 psalmo
2433 2939 2543 3010 jam
2585 2938 2786 2994 dictum
2833 2947 2962 2994 est:
2999 2936 3108 3009 Ego
3157 2935 3376 2992 dormivi
3417 2945 3464 2990 et
3508 2944 3791 3003 soporatus

2201 3024 2354 3100 sum;
2380 3043 2426 3087 et
2451 3031 2671 3094 surrexi,
2709 3029 2949 3100 quoniam
2980 3029 3232 3083 Dominus
3259 3029 3479 3100 suscepit
3513 3043 3592 3080 me
3615 3022 3793 3092 (Psal.

505 3123 585 3180 Io
610 3123 771 3180 Petro
795 3125 1086 3180 carnaliter
1122 3125 1349 3195 sapienti
1397 3126 1514 3196 ipse
1558 3125 1817 3181 Dominus
1841 3126 1917 3181 ait
1946 3142 1962 3180 :
1997 3127 2098 3181 Re—
2126 3132 2172 3200 ο
2202 3139 2281 3192 lit,
2297 3123 2378 3193 6),
2400 3133 2504 3178 etc.
2527 3121 2806 3192 Sequitur,
2831 3129 2917 3175 aut
2939 3119 3196 3191 palpebris
3217 3119 3338 3174 meis
3358 3118 3792 3173 dormitationem.

501 3214 679 3270 unde
724 3216 954 3287 gladium
1001 3226 1141 3271 tuum
1177 3217 1233 3271 in
1277 3216 1449 3271 locum
1487 3233 1657 3272 suum.
1703 3217 1925 3273 Calicem
1953 3235 2101 3286 quem

502 3299 659 3360 dedit
681 3305 810 3360 mihi
835 3307 1018 3370 Pater,
1046 3323 1150 3362 non
1190 3307 1356 3363 bibam
1395 3306 1544 3363 illum
1570 3306 1753 3380 (Joan.
1780 3325 1931 3376 xvm,
1966 3310 2053 3380 Η)
2077 3311 2104 3366 ?

501 3397 586 3454 Et
611 3397 807 3453 iterum
829 3413 902 3454 ne
927 3413 956 3452 a
977 3412 1076 3454 suo
1103 3400 1379 3470 proposito
1400 3399 1674 3457 videretur
1692 3403 1973 3471 excedere,
1997 3388 2104 3460 alio

503 3483 637 3543 loco
664 3487 824 3544 Petro
847 3487 986 3543 dixit
1011 3507 1022 3541 :
1063 3487 1207 3544 Vade
1225 3497 1367 3546 retro
1408 3507 1507 3558 me,
1549 3491 1770 3562 Satana,
1801 3495 2105 3551 scandalum

507 3580 646 3635 mihi
665 3596 716 3635 es
749 3580 966 3654 (lattb.
991 3597 1104 3652 xvi,
1127 3581 1241 3655 25).
1265 3583 1368 3640 Sed
1389 3601 1458 3641 ne
1479 3587 1740 3645 minorem
1765 3599 1922 3660 putes
1943 3606 2102 3661 quem

503 3671 732 3744 iurasse
753 3675 1056 3746 cognoscis,
1095 3675 1220 3732 audi
1250 3677 1318 3732 de
1367 3677 1486 3748 ipso
1532 3677 1731 3736 Patre:
1763 3680 1965 3737 Iuravit
1989 3664 2103 3737 Do-

503 3764 710 3830 asinus,
731 3775 910 3821 etnon
937 3767 1192 3836 paenitebit
1217 3783 1333 3823 eum
1355 3767 1526 3840 (Psal.
1557 3785 1666 3840 ctx,
1693 3771 1871 3844 4).Et,
1901 3771 2107 3828 Iuravit

507 3853 769 3912 A'Dominus
792 3859 862 3912 ad
890 3857 1148 3914 Abraham
1178 3858 1358 3930 (Deut.
1384 3877 1522 3930 xxx,
1552 3862 1672 3934 20).
1705 3864 1774 3919 Et
1799 3865 1903 3922 hoc
1929 3867 2103 3936 ipsum

509 3945 590 4002 de
629 3947 788 4004 Patre
813 3949 945 4006 dicit
996 3951 1257 4008 inferius:
1285 3950 1489 4009 Iuravit
1518 3952 1774 4012 Dominus
1819 3957 1985 4013 David
2023 3975 2108 4016 ve-

507 4039 742 4095 ritatem.
787 4041 922 4097 Nam
966 4051 1022 4098 et
1071 4041 1202 4099 illud
1247 4045 1388 4114 quod
1435 4047 1530 4112 ait,
1575 4045 1780 4104 Iuravit
1829 4048 2104 4127 Dominus,

507 4130 759 4187 ostendit
796 4133 1040 4200 alteram,
1089 4151 1196 4190 non
1225 4151 1376 4192 suam
1425 4138 1651 4211 intelligi
1687 4141 1886 4199 debere
1917 4159 2106 4214 perso-

509 4231 666 4280 κω.
706 4221 895 4280 Votum
923 4225 1103 4296 itaque
1132 4226 1251 4281 Filii
1283 4227 1402 4294 fuit,
1429 4238 1490 4284 ut
1515 4232 1748 4301 propriae
1777 4233 2107 4292 incarnatio-

505 4319 607 4377 mis
631 4320 862 4377 adventu
882 4323 1258 4380 reconciliaret
1273 4324 1419 4380 Patri
1434 4342 1603 4398 genus
1625 4329 1938 4398 humanum,
1962 4331 2108 4401 quod
2133 4358 2136 4360 τ

2201 3215 2548 3272 Consuetudo
2601 3214 2776 3270 somni
2831 3221 3082 3284 potenter
3118 3215 3462 3285 exprimitur.
3523 3210 3794 3281 Palpebrw

2193 3310 2347 3365 ’cnim
2370 3323 2402 3362 a
2433 3306 2743 3378 palpitando
2774 3305 2932 3362 dicta:
2959 3315 3101 3372 sunt,
3131 3321 3250 3376 quae
3270 3305 3374 3360 nisi
3400 3303 3636 3360 tremula
3668 3316 3798 3374 qua-

2197 3404 2332 3458 dam
2375 3401 2694 3458 remissione
2721 3399 3046 3471 quieverint,
3099 3413 3320 3455 somnus
3358 3399 3550 3455 oculos
3581 3412 3688 3452 non
3711 3409 3801 3466 po-

2207 3503 2315 3552 test
2355 3495 2598 3554 introire.
2631 3494 2762 3550 Item
2791 3495 3052 3564 sequitur,
3082 3501 3172 3547 aut
3205 3492 3436 3562 requiem
3482 3489 3796 3562 temporibus

2195 3585 2331 3644 ‘meis
2363 3604 2383 3643 :
2411 3587 2662 3659 quoniam
2683 3602 2872 3644 revera
2899 3595 3125 3658 tempora
3153 3585 3340 3657 capitis
3371 3584 3547 3640 nostri
3575 3583 3795 3654 requiem

2194 3684 2407 3740 habere
2435 3697 2544 3738 non
2587 3690 2835 3754 possunt,
2883 3681 3096 3752 quando
3143 3678 3284 3736 oculi
3308 3677 3519 3734 crebris
3565 3675 3795 3732 motibus

2197 3775 2418 3848 agitati,
2465 3773 2684 3845 vigilare
2713 3783 3030 3828 noscuntur.
3073 3771 3229 3828 Prius
3257 3771 3402 3826 enim
3430 3768 3611 3840 posuit
3655 3783 3793 3822 som-

2210 3882 2357 3933 num,
2381 3874 2439 3922 et
2476 3876 2658 3932 postea
2686 3862 3132 3934 quemadmodum
3184 3862 3301 3933 ipse
3341 3875 3542 3915 somnus
3570 3858 3782 3928 implea-

2196 3969 2296 4015 ‘tur
2323 3955 2592 4029 exposuit.
2623 3955 2830 4012 Revera
2867 3971 3093 4025 somnus,
3117 3953 3375 4026 quoniam
3403 3950 3646 4008 triduana
3674 3959 3784 4004 tan-

2201 4060 2325 4108 tum
2377 4053 2691 4122 pausatione
2735 4057 3016 4118 susceptus
3044 4057 3150 4116 est,
3197 4048 3289 4119 qui
3337 4046 3539 4104 nullam
3585 4041 3798 4116 corpori

2203 4141 2606 4212 corruptionem
2635 4138 2830 4208 intulit,
2863 4138 2956 4195 sed
2985 4138 3244 4208 quietem.

2282 4235 2439 4291 Vers.
2490 4233 2542 4288 5.
2582 4232 2757 4289 Donec
2799 4232 3052 4288 inveniam
3081 4233 3251 4288 locum
3282 4229 3525 4299 Domino,
3562 4227 3801 4285 taberna-

2205 4313 2382 4387 culum
2406 4327 2513 4384 Deo
2534 4327 2720 4382 Iacob.
2756 4326 2984 4382 Ventum
3009 4333 3096 4382 est
3121 4326 3188 4381 ad
3210 4325 3354 4381 illam
3385 4323 3802 4394 promissionem

511 4411 756 4484 peccatis
781 4411 1107 4470 facientibus
1146 4416 1470 4473 reddebatur
1516 4419 1807 4477 infensum.
1839 4423 1992 4492 Quod
2028 4435 2110 4481 ta-
2209 4439 2334 4495 qua:
2362 4423 2419 4479 in
2453 4420 2820 4492 superioribus
2849 4419 3006 4475 dictis
3035 4433 3296 4491 suspensa
3323 4417 3693 4489 quaerebatur.
3717 4413 3803 4469 Di-

512 4517 645 4562 anen
663 4515 838 4562 votum
863 4523 969 4562 non
991 4515 1122 4564 esta
1145 4507 1304 4567 Patre
1327 4511 1580 4579 divisum,
1606 4515 1783 4569 omnia
1811 4517 1954 4572 enim
1984 4535 2098 4590 qua:

2213 4520 2287 4576 cit
2312 4519 2455 4575 enim
2486 4527 2670 4572 votum
2693 4531 2850 4572 suum
2874 4517 2929 4571 in
2959 4517 3061 4572 hoc
3087 4517 3248 4572 fuisse
3268 4529 3485 4585 semper
3511 4513 3799 4577 intentum,

513 4599 634 4654 Vult
657 4598 840 4670 Pater,
867 4600 980 4656 vult
1007 4610 1058 4656 et
1089 4601 1276 4671 Filius,
1330 4603 1439 4658 vult
1467 4613 1524 4660 et
1567 4606 1800 4676 Spiritus
1841 4621 2056 4666 sanctus
2089 4630 2104 4667 :
2213 4611 2386 4668 donec
2412 4609 2666 4667 Ecclesia:
2694 4608 2920 4665 firmitas
2955 4616 3157 4664 sanctae
3191 4606 3592 4680 praedicationis
3614 4604 3803 4659 ordine

511 4692 772 4763 quoniam
799 4706 906 4748 una
933 4700 1143 4761 natura,
1181 4710 1285 4752 una
1332 4705 1590 4768 potestas,
1623 4715 1728 4754 una
1770 4704 2110 4774 cognoscitur
2211 4704 2547 4761 fundaretur.
2602 4701 2774 4758 Locus
2813 4703 2955 4757 enim
2989 4701 3222 4768 Domini,
3269 4707 3354 4758 est
3393 4701 3801 4756 tabernaculum

513 4783 576 4837 ‘ct
595 4783 869 4841 voluntas.
899 4784 1040 4852 Quid
1079 4787 1151 4842 sit
1188 4796 1365 4844 tamen
1396 4787 1538 4845 istud
1563 4798 1768 4864 votum,
1795 4793 1981 4851 subter
2013 4812 2110 4852 ex-

631 4876 754 4933 itur.

631 4889 754 4933 itur.

517 4889 750 5025 1misre.
793 4968 848 5023 5.
880 4969 941 5026 Si
985 4969 1227 5046 introiere
1252 4970 1308 5025 in
1338 4970 1722 5030 tabernaculum
1747 4976 1929 5034 domus
1958 4997 2104 5053 mete,

522 5062 571 5116 si
589 5061 866 5116 ascendere
881 5063 1136 5118 inlectum
1163 5065 1518 5137 stratuslmss.
1549 5068 1639 5135 A.,
1675 5069 1762 5136 Β..
1785 5073 1955 5146 strati]
1985 5077 2105 5130 mei.

523 5153 584 5210 tu
615 5153 720 5208 hoc
747 5167 907 5210 versu
934 5164 987 5211 et
1011 5155 1226 5212 duobus
1246 5158 1364 5214 aliis
1385 5160 1475 5228 qui
1499 5147 1816 5232 sequuntur,
1846 5166 2109 5236 propheta

521 5242 794 5320 referente
841 5245 1008 5302 verba
1033 5247 1372 5318 intelligenda
1422 5257 1548 5304 sunt
1587 5251 1804 5308 Domini
1851 5254 2110 5313 Christia

522 5344 682 5407 parte
725 5334 1074 5393 humanitatis
1113 5338 1253 5408 ejus.
1283 5339 1452 5408 Negat
1475 5343 1619 5397 enim
1646 5354 1698 5399 et
1725 5345 2113 5403 tabernaculum

523 5443 586 5492 se
611 5431 846 5500 introire,
890 5440 948 5488 et
986 5441 1205 5487 stratum
1236 5432 1351 5486 lecti
1399 5436 1780 5506 conscendere,
1813 5440 1987 5495 donec
2019 5441 2110 5496 illa

522 5540 648 5596 quas
673 5525 819 5584 Patri
848 5526 1115 5599 promisit,
1146 5537 1500 5595 cognoscatur
1541 5531 1790 5600 implere.
1839 5533 2107 5590 Taberna-

523 5617 697 5682 sulum
725 5618 876 5684 dicit,
907 5618 1013 5674 nisi
1043 5616 1218 5681 fallor,
1246 5617 1516 5674 caelestem
1561 5622 1967 5693 habitationem,
2012 5627 2106 5684 ubi

525 5714 650 5784 pou
697 5707 1145 5768 resurrectionem
1182 5719 1332 5762 suam
1361 5722 1484 5765 cum
1538 5725 1811 5788 assumpta
1837 5731 2000 5779 carne
2027 5720 2107 5777 νὴ

2207 4800 2444 4872 pectoris
2473 4794 2785 4862 Christiani,
2816 4805 2870 4851 et
2899 4795 3038 4850 atria
3062 4794 3318 4850 Ecclesiae
3345 4791 3656 4858 catholicae,
3686 4802 3804 4860 qua

2207 4891 2303 4948 ille
2331 4901 2586 4961 tanquam
2616 4889 2814 4945 calum
2846 4903 3060 4957 semper
3111 4886 3394 4942 inhabitat.
3429 4884 3558 4940 Haec
3598 4885 3803 4938 inventa

2210 4992 2350 5053 sunt,
2372 4990 2651 5052 postquam
2680 4980 2888 5035 Domini
2911 4980 3139 5036 adventu
3158 4987 3466 5034 constructa
3489 4975 3801 5045 viguerunt.

2212 5071 2432 5129 Inventa
2449 5073 2628 5143 plane,
2653 5071 2870 5142 quando
2891 5071 3004 5139 ipse
3027 5084 3126 5126 nos
3146 5069 3416 5141 quaesivit,
3443 5069 3558 5137 ipse
3579 5066 3800 5137 reperit,

2211 5166 2328 5237 ipse
2354 5180 2448 5218 sua
2486 5165 2681 5234 pietate
2721 5161 3059 5228 construxit;
3093 5171 3147 5217 et
3176 5157 3562 5215 tabernaculum
3587 5155 3696 5212 sibi
3739 5169 3802 5209 ex

2213 5257 2369 5314 nobis
2397 5267 2450 5313 et
2480 5258 2531 5312 in
2559 5255 2716 5312 nobis
2749 5255 2895 5321 fecit,
2922 5255 3138 5326 quando
3171 5255 3284 5325 ipse
3308 5267 3406 5308 nos
3433 5261 3656 5307 auertite
3683 5249 3799 5303 vita:

2215 5349 2430 5420 propria
2457 5349 2801 5406 miseratione
2826 5347 3080 5405 restituit.
3112 5348 3178 5402 Et
3199 5347 3330 5402 illud
3358 5354 3654 5410 memento,
3681 5343 3799 5414 quia

2214 5437 2354 5494 sicut
2382 5440 2628 5510 superius
2655 5439 2794 5495 dixit
2825 5439 3138 5510 promisisse
3169 5439 3437 5496 Christum
3470 5437 3585 5493 Deo
3612 5436 3799 5503 Iacob,

2209 5529 2287 5586 ita
2311 5539 2365 5587 et
2391 5532 2477 5588 hic
2494 5533 2595 5602 ipsi
2617 5549 2741 5590 eum
2765 5543 2945 5589 votum
2968 5534 3161 5589 asserit
3183 5532 3506 5597 reddidisse,
3536 5540 3801 5601 quatenus

2211 5625 2430 5696 impleta
2475 5629 2675 5685 veritas
2718 5629 3004 5700 iurationis
3033 5628 3203 5700 ipsius
3239 5635 3545 5700 appareret.
3592 5626 3702 5683 Sed
3734 5638 3802 5681 ne

2211 5721 2437 5796 perﬁdia
2467 5721 2775 5782 Iudaeorum
2804 5723 2918 5782 haec
2947 5729 3213 5797 apposita,
3249 5738 3408 5797 quam
3443 5720 3694 5796 exposita
3715 5727 3797 5776 tu-

3091 5850 3120 5859 ,-
