4078 6342
285 262 392 319 ΜΩ

1203 254 1560 314 EXPOSITIO
1595 253 1660 312 IN
1697 253 2151 312 PSALTERIUM.
2196 253 2390 313 PSAL.
2436 255 2670 314 CXXXI.

3459 259 3563 318 950

284 345 734 448 multueturtqute
753 373 1061 444 Scripturas
1082 371 1293 430 divinas
1319 374 1373 429 in
1402 387 1556 429 suam
1577 370 1871 441 perniciem
1904 372 1955 438 Α
1978 384 2064 426 res
2091 369 2143 425 in
2167 369 2272 425 ﬁde
2299 379 2550 438 constare
2573 387 2677 432 non
2707 385 2864 442 posse
2892 371 3029 428 alter
3052 372 3290 442 psalmus
3312 371 3566 434 ostendit,

284 470 405 534 aliis
423 468 744 542 quibusdam
770 466 1184 524 conﬁctionibus
1211 481 1241 522 a
1263 465 1347 522 via
1371 464 1611 522 veritatis
1633 462 1878 520 derivare

283 541 582 632 priesumit,
615 574 673 615 ut
697 558 1058 630 integritatem
1097 562 1174 615 rei
1204 556 1541 614 abscondere
1575 554 1876 624 videatur),

283 653 467 712 audiat
505 652 630 722 quid
675 653 942 723 sequitur,
989 659 1044 708 et
1082 650 1304 710 confusa
1348 652 1561 709 tandem
1592 651 1878 724 aliquando

284 748 586 816 resipiscat.

362 838 513 894 Vers.
539 839 593 894 6.
623 837 756 892 Ecce
786 838 1075 893 audivimus
1095 853 1208 892 eam
1231 840 1282 892 in
1307 836 1566 907 Ephrata,
1589 838 1880 893 invenimus

284 949 396 988 eam
417 934 473 986 in
499 933 694 1001 campis
717 933 877 987 silete.
913 933 1042 987 Post
1069 932 1279 986 Domini
1313 941 1730 1000 sacramentum,
1759 941 1880 1002 post

286 1024 520 1080 studium
551 1026 668 1094 ejus
697 1025 838 1096 quod
871 1033 981 1082 tota
1013 1025 1238 1082 veritate
1263 1026 1577 1094 complevit,
1615 1012 1878 1096 propheta

287 1119 433 1176 venit
462 1118 528 1172 ad
555 1120 916 1176 narrationem
943 1119 1257 1187 secundam,
1284 1121 1334 1174 in
1355 1135 1456 1190 qua
1482 1135 1544 1174 ex
1578 1135 1670 1174 sua
1695 1135 1880 1190 perso-

287 1224 356 1266 na
387 1210 797 1278 promissionem
829 1209 990 1282 452
1025 1210 1235 1266 Domini
1266 1226 1425 1282 quam
1455 1211 1507 1262 in
1536 1209 1768 1281 Ephrata
1785 1227 1880 1264 au-

287 1305 474 1370 dierat,
507 1306 560 1357 in
597 1303 790 1375 campis
818 1304 959 1358 silua:
990 1319 1050 1360 se
1090 1305 1285 1360 asserit
1326 1304 1594 1358 invenisse.
1652 1302 1880 1370 Ephrata

286 1396 465 1465 lingtta
489 1395 674 1450 Latina
698 1396 1002 1466 signiﬁcare
1029 1406 1356 1452 memoratur
1380 1397 1676 1466 speculum.
1701 1395 1880 1467 Campi

286 1501 414 1547 vero
445 1487 584 1541 silva:
611 1487 848 1542 indicant
877 1487 1040 1542 corda
1069 1489 1372 1558 gentilium,
1407 1504 1524 1558 qua:
1556 1505 1620 1542 ex
1647 1488 1879 1558 peccatis

289 1578 440 1649 quasi
484 1578 824 1634 silvestribus
872 1593 934 1634 ac
975 1578 1237 1645 dumosis,
1287 1579 1581 1636 mnndaute
1629 1579 1876 1648 Domino,

289 1670 571 1737 campestri
605 1669 834 1740 puritate
865 1679 1172 1734 patuerunt.
1223 1669 1401 1742 Campi
1429 1671 1693 1742 siquidem
1727 1688 1755 1725 a
1791 1688 1880 1727 ca-

1981 460 2165 516 dicens
2198 478 2212 516 :
2245 461 2269 514 1
2280 461 2330 515 bi
2359 463 2651 516 ceciderunt
2679 465 2764 535 qui
2785 472 3063 535 aperantur
3093 463 3413 536 iniquitatem
3439 479 3458 517 :
3482 479 3569 517 exs

1983 551 2118 622 pulsi
2138 560 2280 619 sunt,
2307 569 2396 608 nec
2421 562 2696 624 potuerunt
2725 566 2860 609 stare
2892 553 3064 624 (Psal.
3086 571 3248 624 xxxv,
3283 554 3394 628 i5).
3420 554 3570 622 Quod

1981 644 2027 700 si
2061 645 2162 700 hoc
2211 653 2265 700 et
2309 647 2376 700 ad
2409 644 2692 708 historiam
2743 649 2828 718 pie
2858 648 2992 704 velis
3037 647 3260 717 referre,
3311 649 3577 720 signiﬁcat

1981 737 2118 793 forte
2150 747 2389 798 sanctam
2417 755 2634 797 crucem
2662 741 2752 796 ubi
2785 744 3134 813 corporaliter
3161 743 3329 812 stetit,
3359 742 3574 812 quando

1983 823 2034 888 in
2061 850 2122 889 ea
2153 837 2393 890 conﬁxus
2417 837 2663 906 apparuit
2691 854 2704 891 :
2733 837 2783 891 in
2813 853 2914 907 qua
2946 839 3158 893 stetisse
3186 845 3328 893 recte
3351 837 3569 904 dicitur,

1983 927 2069 981 tibi
2109 943 2305 1000 corpus
2349 927 2471 999 ejus
2513 929 2733 985 inﬁxum
2785 930 2949 986 fuisse
2987 940 3336 986 monswalur.
3389 930 3576 986 Merito

1983 1034 2109 1088 eigo
2137 1020 2273 1074 hunc
2297 1020 2554 1090 propheta
2584 1024 2755 1078 locum
2781 1021 2907 1077 dicit
2927 1022 3282 1092 adorandum,
3306 1025 3396 1094 qni
3423 1023 3578 1088 nobis

1982 1123 2034 1168 et
2068 1112 2185 1166 ﬁdei
2217 1114 2427 1184 signum
2460 1117 2702 1184 praestitit
2731 1126 2786 1170 et
2811 1116 3058 1172 salutem.

2054 1206 2207 1262 Vcrs.
2253 1210 2304 1264 8.
2352 1207 2607 1282 Exsurge,
2656 1208 2896 1275 Domine,
2926 1211 2978 1262 in
2997 1211 3216 1281 requiem
3249 1218 3414 1276 tuam,
3445 1218 3498 1263 tu
3529 1215 3580 1268 et

1983 1315 2102 1353 arca
2129 1299 2550 1367 sanctiﬁcationis
2598 1311 2719 1356 tuae.
2779 1302 3068 1372 Postquam
3121 1301 3328 1356 Domini
3373 1299 3577 1356 Christi

1984 1392 2374 1460 pt'on'tissiones
2405 1409 2521 1463 quae
2545 1395 2790 1464 superius
2814 1396 2970 1451 dictae
2991 1407 3136 1463 sunt,
3164 1395 3422 1466 prepheta
3456 1410 3580 1464 per-

1986 1481 2151 1540 fectas
2174 1498 2295 1538 esse
2325 1486 2572 1556 cognovit
2602 1504 2614 1539 :
2640 1501 2707 1539 ne
2732 1485 3018 1556 quidquam
3044 1487 3281 1542 debitum
3303 1502 3424 1542 esse
3449 1501 3582 1541 con-

1983 1584 2169 1641 staret,
2213 1576 2480 1630 exclamat
2521 1575 2586 1630 ad
2633 1577 2913 1631 Dominum
2952 1595 2965 1632 :
3000 1577 3234 1650 Exsurge
3271 1579 3324 1632 in
3356 1580 3582 1648 requiem

1986 1677 2165 1736 tuam;
2216 1679 2271 1722 ut
2302 1680 2552 1724 eventum
2595 1687 2776 1726 rerum
2811 1671 3062 1740 perfectae
3109 1671 3347 1727 veritatis
3391 1672 3582 1726 ordine

290 1761 518 1832 paeitate
547 1772 598 1816 et
623 1764 796 1832 spatio
827 1760 1023 1816 diffuso
1065 1762 1188 1817 dicti
1224 1771 1367 1818 sunt.
1400 1763 1548 1818 Facti
1580 1775 1704 1818 sunt
1734 1765 1877 1821 enim
1907 1761 1958 1832 Β
1986 1761 2308 1826 declararet,
2361 1763 2412 1817 id
2441 1773 2545 1830 est,
2575 1764 2642 1819 ab
2683 1763 2870 1819 inferis
2923 1773 3224 1834 resurgeret
3271 1763 3323 1818 in
3371 1762 3584 1818 deitatis

290 1869 354 1910 ex
380 1853 600 1922 hispidis
625 1855 795 1920 nitidi,
830 1870 895 1910 ex
920 1857 1222 1923 agrestibus
1267 1856 1555 1924 mansueti,
1583 1871 1650 1912 ex
1683 1859 1883 1914 sterili-

290 1946 392 2001 bus
436 1947 715 2012 fructuos'i,
751 1963 816 2002 ex
847 1949 1112 2005 cubilibus
1142 1950 1444 2006 daemonum
1481 1951 1676 2022 templa
1703 1952 1884 2009 Domi-

292 2040 487 2094 nantis.
537 2039 601 2094 Et
631 2039 752 2096 ideo
780 2041 833 2094 in
877 2043 1068 2113 campis
1107 2043 1270 2110 silete,
1318 2042 1369 2097 id
1417 2053 1499 2100 est
1548 2043 1600 2098 in
1633 2046 1883 2116 gentibus

289 2128 420 2183 dicit
468 2144 588 2184 esse
633 2144 984 2201 compertum,
1017 2133 1160 2201 quod
1209 2133 1260 2188 in
1296 2135 1530 2204 imagine
1585 2138 1883 2206 prophetia

286 2217 492 2274 Judzeis
551 2219 720 2276 fuerat
768 2223 1168 2290 repromissum.
1228 2224 1359 2280 Nam
1409 2235 1464 2280 et
1505 2227 1622 2295 ipsa
1663 2244 1880 2301 quoque

293 2305 634 2378 Bethlehem,
678 2313 761 2368 ubi
814 2305 1070 2372 Dominus
1119 2327 1280 2372 natus
1326 2327 1432 2384 est,
1485 2321 1746 2388 appellata
1801 2331 1884 2378 est

290 2399 550 2470 Ephrem,
586 2406 721 2460 sicut
745 2407 993 2464 llliclnnas
1036 2410 1292 2480 propheta
1323 2412 1491 2467 dicit:
1531 2413 1592 2469 Et
1615 2425 1691 2480 tu,
1725 2415 1882 2472 Beth-

288 2493 476 2563 lehem,
506 2497 687 2552 domus
715 2498 966 2570 Ephrata,
992 2503 1225 2571 nunquid
1250 2505 1459 2557 minima
1481 2521 1533 2558 es
1557 2506 1608 2560 in
1655 2506 1882 2561 tribubus

287 2583 466 2651 Juda;
517 2604 580 2656 ea:
621 2598 668 2642 te
715 2591 846 2644 enim
891 2594 1023 2646 cxict
1069 2596 1303 2666 princeps
1333 2600 1422 2665 qui
1461 2605 1601 2666 regat
1633 2601 1882 2666 populum

288 2695 452 2731 meum
490 2678 656 2736 Israel
688 2683 872 2753 (Mich.
901 2700 952 2750 v,
984 2684 1056 2754 ἓ).
1092 2687 1154 2740 Et
1177 2685 1230 2740 in
1261 2686 1458 2744 Genesi
1484 2690 1744 2759 scriptum
1778 2701 1878 2761 est,

291 2769 555 2841 Sepultum
584 2791 688 2828 esse
734 2776 924 2831 Rachel
965 2777 1121 2849 juxta
1158 2778 1424 2847 Ephrata,
1471 2797 1587 2851 qua:
1616 2793 1689 2836 est
1720 2782 1882 2840 Beth-

291 2861 448 2915 leliem
480 2863 630 2936 (Cen.
667 2884 828 2933 xxxv,
875 2870 984 2938 l9).
1035 2871 1184 2928 [Inde
1227 2873 1505 2928 evidenter
1535 2885 1760 2945 apparet
1784 2895 1879 2932 au-

290 2951 458 3008 ditum
484 2955 646 3012 fuisse
670 2962 998 3016 nasciturum
1032 2964 1314 3018 Dominum
1340 2967 1388 3018 in
1417 2967 1756 3035 Bethlehem,
1785 2971 1879 3028 sed

289 3059 508 3118 propter
554 3051 713 3108 ﬁdem
759 3054 996 3123 gentium
1037 3056 1092 3110 in
1130 3059 1320 3128 campis
1355 3060 1496 3116 silrtz
1525 3060 1690 3116 fuisse
1733 3079 1882 3120 com-

290 3147 526 3210 pcrtum.

363 3231 520 3288 Vers.
551 3234 602 3289 7.
644 3232 980 3293 Introivimus
1007 3239 1057 3294 in
1098 3241 1427 3296 tabernacula
1465 3247 1596 3316 ejus,
1639 3248 1883 3302 adoravi-

287 3339 399 3377 mus
450 3325 502 3378 in
545 3326 656 3380 loco
685 3328 771 3382 ubi
809 3338 1057 3384 steterunt
1110 3334 1260 3403 pedes
1303 3335 1436 3406 ejus.
1476 3334 1608 3390 Cum
1640 3338 1885 3407 superius

288 3413 489 3486 dixerit
516 3415 566 3469 in
595 3417 831 3488 Ephrata
874 3434 932 3476 se
964 3423 1216 3487 audii-se,
1252 3440 1370 3496 qua:-
1417 3427 1468 3480 iu
1500 3428 1704 3497 campis
1736 3430 1885 3484 silvae

286 3508 602 3575 reperierat,
636 3527 777 3566 nunc
805 3511 869 3566 ad
899 3513 1325 3571 conﬁrmandum
1377 3520 1540 3573 totius
1583 3519 1885 3576 devotionis

290 3597 561 3663 effectum,
603 3600 861 3658 introiisse
890 3620 948 3659 se
975 3605 1105 3660 dicit
1149 3609 1201 3661 in
1247 3609 1575 3665 tabernacula
1624 3614 1881 3684 Domini;

287 3699 346 3742 ut
377 3689 515 3758 quod
543 3690 592 3743 in
621 3704 715 3760 Spe
745 3693 1047 3748 ﬁrmissima
1077 3698 1318 3766 gerebat,
1354 3699 1406 3752 in
1445 3699 1548 3755 hoc
1578 3716 1636 3756 se
1669 3705 1887 3772 proﬁte-

289 3789 440 3836 retur
471 3781 645 3838 modis
666 3784 911 3839 omnibus
935 3787 1229 3843 introiisse.
1255 3789 1701 3846 l'erscrutandum
1726 3796 1888 3865 plane

289 3873 433 3944 quod
467 3875 712 3942 superius
739 3878 871 3933 dicit
917 3879 1196 3935 Dominum
1228 3881 1486 3953 singulari
1535 3902 1761 3942 numero
1809 3899 1888 3943 ta—

291 3965 625 4020 bernaculum
653 3970 987 4038 promisisse,
1013 3983 1066 4028 et
1097 3971 1182 4028 hic
1209 3976 1464 4044 prOpheta
1490 3992 1608 4032 cum
1641 3978 1887 4036 ﬁdelibus

292 4058 612 4116 Christianis
633 4061 964 4120 tabernacula
987 4079 1046 4120 se
1071 4068 1266 4122 asserit
1286 4068 1520 4124 introire.
1537 4069 1706 4136 Quam
1733 4071 1888 4128 Chri-

291 4158 405 4205 stus
449 4149 703 4209 Dominus
742 4155 1065 4211 catholicam
1101 4157 1352 4227 promisit
1395 4159 1716 4231 Ecclesiam,
1756 4178 1887 4234 pro-

281 4245 455 4324 _ph--ta
501 4264 724 4305 munero
772 4251 962 4320 plurali
1008 4252 1142 4308 dixit
1178 4270 1192 4308 :
1229 4255 1479 4323 quoniam
1516 4266 1641 4311 tunc
1683 4271 1744 4312 se
1784 4256 1889 4314 ﬁde

294 4340 511 4395 miscuit
535 4343 731 4411 populo
754 4343 1078 4412 Christiano,
1105 4346 1317 4416 quando
1334 4346 1446 4418 jam
1468 4349 1888 4406 innumerabiles

293 4433 550 4490 Ecclesia:
591 4445 701 4491 toto
731 4438 864 4494 orbe
895 4441 1172 4509 promissae
1204 4449 1350 4496 sunt.
1385 4441 1492 4499 Sed
1537 4459 1641 4498 non
1688 4443 1891 4500 sufﬁcit

1990 1866 2099 1908 sua:
2116 1852 2496 1908 beatitudinem
2523 1855 2924 1922 sempiternam.
2947 1855 3012 1908 Et
3044 1855 3163 1907 vide
3185 1852 3326 1924 quod
3359 1853 3582 1918 addidit,

1987 1954 2154 2010 tuam,
2205 1962 2362 2016 quam
2411 1948 2504 2004 tibi
2539 1957 2625 2003 tua
2669 1948 2919 2018 majestas
2947 1949 3212 2013 attribuit,
3253 1962 3371 2018 qum
3403 1957 3589 2020 regnat

1988 2055 2108 2098 cum
2134 2043 2290 2096 Patre
2321 2050 2588 2118 potestate
2618 2043 2808 2113 aequali
2861 2053 2914 2097 et
2939 2043 3106 2114 gloria
3136 2041 3481 2110 sempiterna.
3517 2041 3586 2096 Et

1989 2149 2057 2189 ne
2089 2145 2305 2204 putares
2329 2143 2492 2204 caput
2511 2140 2752 2191 membra
2775 2152 2867 2192 sua
2893 2153 3053 2207 posse
3075 2137 3471 2204 derelinquere,
3494 2135 3588 2190 ad-

1984 2225 2138 2298 jecit,
2171 2237 2224 2281 tu
2253 2237 2299 2281 et
2329 2244 2450 2282 arca
2479 2229 2900 2295 sanctiﬁcationis
2928 2240 3048 2296 tute,
3082 2229 3184 2284 hoc
3213 2240 3294 2284 est
3319 2228 3580 2297 Ecclesia,

1988 2331 2145 2384 quam
2181 2318 2423 2373 membra
2473 2328 2562 2374 tua
2591 2321 2815 2386 faciens,
2845 2322 3182 2376 sanctiﬁcarc
3222 2323 3468 2391 dignatus
3499 2335 3582 2376 es.

1987 2407 2102 2462 Non
2130 2410 2272 2463 enim
2308 2410 2464 2478 dixit,
2510 2426 2689 2466 arcam
2741 2413 2872 2479 Noe,
2908 2428 3014 2467 non
3041 2427 3217 2466 arcam
3255 2410 3583 2477 testamenti,

1987 2515 2106 2570 quin
2143 2508 2319 2556 tamen
2367 2510 2589 2572 utraque
2618 2511 2801 2574 typum
2834 2512 3046 2572 portare
3079 2501 3358 2558 videbatur
3389 2500 3584 2558 Eccle-

1989 2591 2115 2655 siae;
2171 2591 2264 2647 sed
2292 2594 2458 2662 ip~am
2497 2595 2802 2664 specialiter
2848 2594 3170 2666 designavit,
3202 2610 3321 2650 cum
3354 2594 3582 2662 addidit,

1984 2687 2404 2756 sanctiﬁcationis
2431 2699 2547 2742 tuan
2579 2689 2817 2760 Denique
2845 2690 2964 2745 vide
2993 2690 3121 2762 quid
3150 2690 3409 2759 sequitur.

2061 2778 2215 2833 Vcrs.
2247 2779 2302 2835 9.
2336 2780 2642 2835 Sacerdotes
2674 2783 2746 2836 tui
2775 2783 3055 2836 induantur
3071 2783 3280 2854 justitia
3303 2780 3459 2853 [mss.
3487 2783 3582 2847 A.,

1988 2869 2070 2936 8.,
2095 2869 2399 2944 justitiam],
2449 2881 2494 2926 et
2534 2875 2698 2927 sancti
2728 2875 2803 2927 tui
2834 2875 3110 2928 exsultent.
3164 2873 3354 2928 Adhuc
3382 2873 3450 2930 de
3479 2873 3586 2929 illis

1985 2965 2242 3019 membris
2275 2965 2505 3036 loquitur
2530 2983 2648 3037 qua:
2677 2984 2703 3018 a
2725 2968 2951 3023 Domino
2984 2968 3146 3036 recipi
3188 2968 3509 3036 deprecatur
3533 2968 3582 3021 in

1987 3061 2225 3130 requiem
2249 3063 2656 3131 sempiternam.
2695 3063 2798 3118 Sed
2838 3064 3115 3117 videamus
3148 3062 3272 3132 quid
3300 3062 3584 3132 signiﬁcet,

1909 3145 1958 3218 C
1991 3153 2293 3208 Sacerdotes
2317 3155 2392 3206 tui
2420 3154 2701 3208 induantur
2721 3155 2946 3227 justitia,
2984 3154 3034 3209 id
3065 3163 3166 3220 est,
3207 3165 3455 3224 tanquam
3486 3167 3585 3212 ar-_-

1987 3244 2088 3299 mis
2118 3245 2424 3300 caelestibus
2451 3248 2779 3312 vestiantur;
2822 3248 2962 3302 sicut
2987 3246 3280 3316 Apostolus
3301 3244 3429 3300 dicit
3455 3264 3467 3296 :
3497 3241 3590 3298 In-

1988 3338 2102 3392 duti
2132 3338 2341 3391 loricam
2364 3339 2586 3412 justitia:
2611 3349 2661 3393 et
2688 3340 2974 3408 cltaritatis,
3006 3351 3060 3395 ut
3093 3341 3297 3410 possitis
3318 3341 3481 3411 ignita
3497 3340 3585 3410 ja-

1988 3433 2107 3487 cula
2137 3433 2330 3502 inimici
2366 3435 2690 3504 exstinguere
2717 3433 2937 3506 (Ephes.
2979 3450 3053 3501 γι,
3089 3433 3174 3500 Μ,
3209 3434 3296 3502 15,
3335 3434 3456 3500 16);
3488 3434 3593 3488 sci-

1990 3523 2112 3579 licet
2135 3535 2192 3579 ut
2217 3525 2481 3595 intrepide
2499 3526 2877 3582 ha-reticorum
2898 3527 3094 3598 jaculis
3115 3525 3328 3582 valeant
3353 3525 3590 3581 obviare.

1991 3616 2333 3690 Sivejustitia
2351 3619 2522 3689 ipsum
2543 3619 2807 3690 signiﬁcat
2829 3619 3112 3676 Dominum
3135 3619 3434 3686 Christum,
3452 3619 3592 3678 sicut

1991 3711 2278 3780 Apostolus
2304 3712 2432 3766 dicit
2468 3731 2478 3764 :
2515 3712 2612 3778 Qui
2641 3714 2808 3784 factus
2838 3724 2911 3769 est
2943 3715 3194 3786 sapientia
3225 3713 3368 3768 nobis
3407 3730 3436 3766 α
3477 3711 3588 3768 Deo

1990 3803 2262 3872 etjustitia
2294 3801 2346 3876 (1
2371 3801 2492 3860 Cor.
2520 3821 2558 3872 ι,
2593 3806 2706 3875 3'l).
2735 3805 2910 3874 Ipsum
2949 3821 3076 3878 ergo
3117 3807 3271 3862 decet
3302 3805 3590 3861 sacerdotes

1992 3895 2225 3962 induere,
2263 3906 2320 3954 et
2349 3912 2567 3967 semper
2597 3899 2760 3955 corde
2787 3910 3022 3969 gestare,
3068 3902 3157 3968 qui
3185 3908 3361 3954 tamen
3391 3899 3468 3954 sic
3507 3899 3590 3952 in-

1979 3987 2190 4056 duitur,
2225 3997 2281 4042 ut
2324 3989 2467 4044 intus
2508 4005 2629 4046 esse
2658 3991 2926 4061 dignetur,
2957 3991 3095 4046 sicut
3135 3991 3416 4060 baptizatis
3444 3989 3584 4046 idem

1992 4077 2123 4134 dicit
2144 4080 2432 4150 Apostolus
2467 4097 2480 4136 :
2516 4081 2704 4136 Omnes
2730 4084 2816 4153 qui
2847 4085 2900 4136 in
2930 4082 3132 4140 Christo
3168 4084 3416 4152 baptizati
3442 4083 3588 4150 estis,

1993 4172 2252 4228 Christum
2300 4173 2541 4230 induistis
2585 4173 2732 4243 (Gal.
2763 4191 2844 4244 ιιι,
2878 4175 2991 4235 ΞΠ).
3023 4175 3297 4245 Sequitur,
3336 4185 3384 4234 et
3422 4175 3592 4230 sancti

1993 4268 2070 4322 tui
2116 4268 2388 4324 exsultent.
2423 4267 2770 4338 Consequens
2801 4278 2917 4325 erat
2960 4279 3016 4326 ut
3057 4270 3221 4324 sancti
3252 4270 3588 4334 exsulari-ent,

1993 4373 2114 4417 cum
2145 4361 2318 4430 ipsum
2359 4359 2628 4417 Christum
2675 4361 2955 4418 Dominum
3005 4362 3323 4418 induissent.
3358 4361 3488 4418 Nam
3539 4359 3589 4416 si

1996 4450 2322 4506 mundanum
2350 4453 2605 4523 gaudium
2653 4463 2736 4509 est
2784 4464 2989 4510 Vestem
3019 4471 3232 4510 sumere
3275 4455 3587 4524 pretiosam,

290 4542 416 4586 eum
445 4529 744 4599 professum
777 4531 942 4590 fuisse
971 4535 1200 4590 intrasse
1233 4543 1438 4590 tantum
1471 4537 1763 4604 Ecclesias,
1788 4539 1888 4594 nisi
1917 4533 1970 4596 D
1995 4541 2120 4611 quid
2151 4541 2219 4598 de
2250 4541 2335 4596 illa
2364 4543 2644 4612 majestate
2675 4554 2848 4612 potest
2877 4544 3075 4600 oboriri
3121 4544 3338 4609 ltntitiae,
3381 4557 3500 4613 qua:
3537 4549 3594 4597 et

292 4628 351 4676 et
381 4621 626 4678 adorasse
655 4639 713 4680 se
743 4624 967 4694 diceret,
1002 4625 1088 4680 ubi
1122 4627 1329 4682 Domini
1363 4627 1559 4684 Christi
1587 4631 1739 4697 pedes
1770 4647 1886 4696 san-

271 4715 520 4780 .Ctissimi
571 4719 954 4777 constiterunt.
1017 4719 1182 4776 Pedes
1231 4723 1538 4792 signiﬁcant
1565 4727 1885 4798 euangelicos

279 4811 570 4882 jussiones,
620 4813 760 4868 sicut
807 4814 1066 4885 scriptum
1099 4823 1185 4870 est
1218 4832 1232 4869 :
1268 4815 1436 4882 Quam
1481 4819 1697 4886 speciosi
1728 4819 1884 4890 pedes

290 4907 748 4974 euangelizandum
767 4925 944 4979 pacem
971 4908 1124 4977 (Isui.
1149 4926 1240 4976 ιιι,
1259 4911 1336 4970 7).
1369 4911 1441 4966 lbi
1468 4913 1610 4966 enim
1634 4921 1884 4968 steterunt

290 4997 447 5065 pedes
478 5003 608 5070 ejus,
640 5000 728 5054 ubi
757 4999 876 5055 ﬁdei
919 5002 1114 5056 veritas
1137 5004 1462 5073 approbatur
1497 5020 1618 5060 esse
1645 5005 1883 5064 fundata.

291 5091 352 5148 ln
385 5097 483 5149 hoc
506 5095 649 5149 enim
673 5095 827 5152 nobis
860 5097 909 5151 in
939 5110 1201 5154 aeternum
1229 5098 1474 5156 standum
1511 5109 1614 5166 est,
1647 5101 1734 5156 ubi
1769 5101 1883 5170 ple-

290 5187 480 5244 nitudo
526 5189 658 5260 legis
679 5199 734 5245 et
779 5190 1156 5260 prephetarnm
1187 5189 1442 5246 Dominus
1476 5191 1722 5250 Christus
1747 5195 1885 5248 insi-

290 5279 407 5336 stit.
433 5281 585 5336 Stare
612 5283 751 5336 enim
789 5282 1100 5352 plerumque
1131 5281 1194 5336 ad
1227 5285 1582 5338 constantiam
1625 5286 1882 5354 refertur,

291 5369 439 5427 sicut
485 5373 536 5426 in
579 5373 867 5444 Evangelio
897 5373 1152 5444 scriptum
1186 5381 1304 5428 est:
1338 5375 1438 5440 Qui
1470 5376 1617 5432 habet
1644 5394 1884 5448 sponsam

291 5479 516 5536 sponsus
556 5475 675 5533 est;
722 5468 918 5522 amicus
960 5473 1128 5522 autem
1159 5467 1336 5536 sponsi
1364 5477 1484 5536 stat,
1523 5478 1570 5522 et
1600 5473 1742 5524 audit
1773 5485 1889 5522 cum

296 5558 479 5631 (Joan.
511 5577 589 5628 tn,
633 5562 746 5634 29).
795 5562 947 5620 Stare
980 5562 1121 5619 enim
1156 5562 1386 5632 pertinet
1411 5561 1476 5616 ad
1507 5562 1885 5616 solidissimum

293 5667 554 5723 mentem,
586 5659 727 5714 unde
749 5660 1004 5729 scriptum
1035 5667 1118 5714 est
1147 5675 1159 5712 :
1196 5657 1296 5719 Qui
1326 5657 1710 5725 perseveraverit
1732 5671 1888 5726 usque

261 5809 268 5814 .
295 5749 354 5810 in
373 5750 530 5825 ﬁnem
559 5751 641 5807 hic
666 5749 840 5808 salvus
863 5752 956 5808 erit
987 5749 1202 5824 (Matth.
1238 5767 1290 5822 x,
1328 5749 1446 5824 22).
1473 5749 1604 5807 Nam
1635 5757 1884 5823 peccato-

1995 4635 2366 4692 honorabilem
2395 4637 2542 4701 facit,
2587 4645 2640 4691 ct
2686 4638 2984 4694 circumdat
3029 4637 3201 4694 modis
3231 4636 3479 4692 omnibus
3525 4634 3630 4696 ad.

1993 4725 2219 4781 salutem
2244 4729 2267 4780 ?

2067 4817 2220 4872 Vers.
2255 4817 2346 4874 10.
2379 4816 2595 4890 PrOpter
2629 4817 2793 4873 David
2832 4837 3032 4873 seri-um
3070 4829 3232 4885 tuum,
3260 4836 3360 4874 non
3391 4832 3591 4874 avertas

1973 4911 2180 4990 faciem
2204 4909 2399 4966 Christi
2425 4915 2518 4966 tui.
2551 4913 2861 4972 Rccordans
2891 4914 3146 4984 propheta
3179 4931 3297 4982 qua:
3327 4915 3461 4969 mala
3488 4914 3592 4968 Ju-

1993 5005 2177 5060 daicus
2208 5007 2436 5076 populus
2480 5007 2662 5062 fecerit
2691 5009 2744 5062 in
2781 5008 3020 5074 deserto,
3053 5007 3134 5064 vel
3169 5019 3355 5078 postea
3393 5016 3590 5078 quanta

1995 5095 2224 5152 Domino
2251 5098 2531 5168 iniquitate
2561 5102 2888 5167 peccaverit;
2919 5100 3217 5168 prazvidens
3241 5101 3397 5156 etiam
3431 5116 3590 5171 quam

1989 5189 2299 5260 ingesturus
2343 5202 2458 5247 erat
2485 5193 2774 5246 salutarem
2809 5193 3022 5260 quidem
3067 5192 3287 5260 mundo,
3329 5191 3423 5250 sed
3455 5192 3589 5262 ipsis

1991 5281 2391 5338 lamentabilem
2424 5283 2752 5353 passionem,
2781 5284 2830 5337 in
2857 5285 2945 5337 Dei
2979 5284 3148 5338 Patris
3169 5299 3226 5340 se
3247 5284 3569 5355 supplicatio

1996 5391 2066 5432 ne
2115 5375 2403 5446 prosternit
2436 5390 2450 5426 :
2485 5392 2544 5429 ne
2575 5377 2758 5445 facient
2797 5374 2985 5430 Christi
3013 5376 3114 5442 sui,
3149 5376 3200 5430 id
3229 5391 3311 5432 eet
3338 5391 3588 5447 praesen—

1996 5469 2123 5524 tiam
2170 5479 2360 5523 avertat
2391 5484 2417 5521 a
2447 5478 2603 5540 gente
2645 5467 2888 5536 .lutlaica,
2921 5485 3079 5539 quam
3108 5469 3234 5524 olim
3267 5471 3591 5541 promiserat

1995 5578 2094 5633 per
2134 5566 2454 5631 prephctas;
2487 5561 2658 5632 utqui
2690 5572 2804 5616 erat
2835 5563 3280 5619 reconciliaturus
3303 5564 3583 5628 mundum,

1994 5655 2254 5710 offensam
2293 5670 2505 5725 quoque
2545 5654 2876 5728 abstergeret
2907 5656 3250 5716 Hebraeorum
3307 5656 3440 5730 [ed.,
3485 5654 3587 5711 Ju-

1990 5745 2283 5828 dazorum].
