4078 6342
524 286 622 348 951
1451 257 1504 292 ’⁵
1735 295 1808 355 n.
1852 293 2127 356 suam."
2174 292 2572 352 casswoom

3687 295 3798 353 952

591 383 747 464 Vers.
790 408 878 468 11.
902 409 1107 469 Iuravit
1129 413 1379 470 Dominus
1416 413 1583 470 David
1612 414 1896 482 veritatem,
1928 422 1974 467 et
2002 428 2103 467 non
2129 411 2187 476 Α
2211 408 2343 462 bitur
2367 405 2502 479 (Jer.
2527 421 2673 474 XXVI,
2701 405 2815 477 18).
2848 404 2954 463 Sed
2984 383 3078 477 per
3108 404 3210 464 hoc
3227 384 3545 464 vocabulum
3575 407 3802 469 Jerusa-

518 498 848 568 frustrabitur
874 520 986 559 eum
1008 521 1027 560 :
1055 504 1132 560 De
1179 506 1350 576 fructu
1387 507 1570 561 ventris
1617 507 1692 560 tui
1735 521 1923 576 ponam
1950 522 2104 574 super

517 592 689 646 sedem
714 600 878 652 tuam.
909 595 1038 651 Post
1075 596 1220 651 illam
1246 598 1688 672 supplicationem
1736 612 1858 668 quae
1888 598 2103 653 Domini

519 682 805 759 adventum
841 687 1074 742 breviter
1093 689 1328 759 quidem,
1359 691 1452 746 sed
1486 707 1678 763 magno
1703 693 1974 748 desiderio
2005 708 2102 764 po-

519 775 758 844 stulavit,
795 778 1006 834 tertiam
1038 783 1399 839 narrationem
1432 797 1610 842 sermo
1642 785 1972 855 prophetalis
2013 789 2100 842 in-

517 866 774 937 greditur,
805 871 894 926 ubi
919 887 979 927 ea
1004 887 1122 944 quae
1149 875 1287 932 Filio
1316 879 1583 947 promissa
1630 878 1843 936 fuerant
1865 895 1895 935 a
1918 880 2099 948 Patre,

516 957 672 1016 )zetus
719 974 1022 1022 enumerat.
1073 968 1210 1036 Quid
1255 969 1398 1026 enim
1455 971 1660 1028 ﬁrmius
1688 973 1883 1041 quidve
1925 982 2103 1044 potest

521 1049 626 1107 dici
650 1057 1001 1126 constantius,
1027 1059 1239 1129 quando
1265 1061 1356 1116 ille
1373 1065 1526 1134 jurat
1551 1077 1645 1133 per
1681 1079 1841 1134 quem
1865 1064 2099 1136 jttratur,

517 1141 610 1200 ille
648 1146 906 1215 promittit
927 1150 1018 1220 qui
1047 1166 1153 1206 non
1182 1162 1356 1222 potest
1383 1155 1533 1211 falli?
1557 1157 1661 1213 Sed
1687 1173 1792 1212 non
1814 1157 1900 1213 isti
1931 1159 2102 1213 David

518 1235 629 1292 ﬁlio
653 1237 826 1306 Jesse,
848 1242 971 1312 quia
998 1244 1180 1302 dicere
1203 1250 1408 1316 potuit:
1433 1250 1641 1306 iuravit
1668 1252 1926 1309 Dominus
1948 1254 2097 1323 mihi,

515 1329 659 1386 sicut
685 1341 739 1388 et
782 1335 836 1389 in
867 1336 1022 1406 hujus
1065 1341 1254 1408 psalmi
1300 1342 1575 1413 principiis
1602 1344 1752 1400 dixit.
1801 1345 1935 1401 Nam
1977 1361 2102 1402 cum

514 1421 646 1477 dicit
676 1441 689 1477 :
717 1423 922 1482 Iuravit
947 1428 1108 1502 553
1139 1431 1385 1488 Daminus
1413 1434 1601 1502 David,
1646 1437 1870 1493 alterum
1900 1438 2104 1508 signiﬁ-

515 1518 694 1586 cavit;
722 1519 880 1590 illum
902 1523 1104 1579 scilicet
1128 1525 1194 1581 de
1216 1541 1320 1596 quo
1343 1528 1394 1581 in
1417 1529 1524 1585 alio
1547 1530 1751 1598 psalmo
1767 1532 1878 1601 jam
1900 1532 2100 1590 dictum

514 1619 598 1665 est
628 1627 641 1664 ε
671 1609 835 1668 Posui
859 1617 1176 1688 adjutorium
1204 1638 1358 1692 super
1380 1633 1650 1694 potentem,
1683 1636 1730 1679 et
1755 1627 1972 1681 exaltavi
1993 1627 2100 1684 ele-

513 1708 652 1754 ctum
694 1703 757 1756 de
804 1704 948 1774 plebe
984 1724 1116 1762 mea.
1146 1709 1329 1765 Inveni
1366 1711 1536 1768 David
1581 1732 1778 1770 servum
1806 1710 1970 1773 meum
1997 1734 2016 1772 :
2046 1719 2100 1772 in

2210 500 2312 556 lem
2344 512 2576 570 superna
2628 499 2954 566 declaratur,
3005 513 3233 556 concors
3278 499 3332 556 in
3362 501 3594 573 populis,
3647 504 3796 562 unita

2208 592 2406 648 virtute
2434 591 2730 661 charitatis,
2755 591 3033 662 puriﬁcata
3064 607 3160 662 per
3179 594 3403 663 gratiam
3434 595 3793 667 remissionis,

2207 702 2327 758 quae
2355 686 2631 753 divinitate
2657 686 2772 756 ejus
2794 694 2954 756 atque
2985 687 3220 755 potentia
3247 696 3447 742 aeterna
3467 688 3796 758 speculatio-

2207 794 2276 836 ne
2303 779 2610 850 perfruitur.
2645 778 2740 834 llla
2771 779 2914 836 enim
2938 779 3192 848 majestas
3212 793 3422 836 summe
3450 780 3619 847 bona,
3653 797 3799 838 sum-

2206 888 2292 929 me
2320 873 2497 943 beata,
2522 887 2730 929 summe
2767 879 2980 945 potens,
3017 873 3264 943 quamvis
3314 873 3515 945 ubique
3547 883 3663 929 tota
3704 877 3796 944 sit,

2204 969 2481 1026 beatorum
2528 977 2745 1040 pectora
2798 966 3111 1038 possidens,
3157 966 3461 1023 habitacula
3497 968 3601 1023 sibi
3647 967 3796 1038 facit,

2203 1075 2324 1131 qua:
2373 1074 2483 1114 sua:
2520 1057 2904 1114 misericordiae
2944 1059 3142 1113 virtute
3173 1058 3530 1130 praeelegerit.
3564 1060 3687 1130 Ipsa
3714 1070 3798 1116 est

2204 1151 2348 1206 enim
2397 1151 2594 1222 requies
2626 1150 2854 1216 Domini,
2897 1151 3070 1220 ipsum
3101 1150 3338 1219 speciale
3385 1151 3796 1207 tabernaculum

2205 1243 2258 1299 in
2302 1244 2576 1299 hominum
2629 1243 3047 1314 religiosissimis
3097 1243 3405 1317 pectoribus
3434 1243 3690 1312 insidere,
3740 1253 3801 1300 et

2203 1337 2282 1392 sic
2329 1337 2528 1406 ubique
2566 1351 2706 1404 esse,
2753 1345 2810 1391 ut
2847 1336 2901 1391 in
2933 1335 3018 1391 bis
3045 1335 3257 1392 dicatur
3288 1337 3582 1395 immensus
3610 1348 3666 1395 et
3697 1340 3796 1395 in-

2203 1434 2700 1504 comprehensibilis
2728 1433 2994 1491 habitare.

2275 1525 2429 1583 Vers.
2464 1528 2552 1582 15.
2593 1526 2818 1581 Viduam
2864 1531 2974 1599 ejus
2999 1527 3297 1583 benedicens
3322 1527 3634 1595 benedicam,
3658 1546 3766 1599 pau
3785 1558 3798 1571 ο

2202 1635 2344 1690 peres
2369 1621 2483 1690 ejus
2509 1619 2746 1673 saturabo
2776 1619 3016 1690 panibus.
3053 1619 3226 1675 Vidua
3249 1620 3446 1676 Christi
3466 1621 3660 1676 dicitur
3687 1620 3800 1676 Ec-

2203 1713 2365 1769 clesia
2393 1731 2404 1766 :
2431 1713 2553 1784 quia
2582 1713 2728 1769 omni
2752 1713 2950 1770 auxilio
2977 1713 3230 1770 destituta
3278 1714 3575 1783 mundano,
3623 1715 3797 1770 solam

517 1790 594 1887 [_in
629 1793 783 1887 abest
801 1809 831 1850 a
854 1810 984 1852 mss.
1011 1800 1104 1868 A.,
1129 1801 1213 1869 B.,
1240 1802 1326 1876 F.]
1345 1806 1455 1860 oleo
1477 1817 1654 1862 sancto
1680 1825 1790 1864 meo
1812 1811 1937 1865 unxi
1962 1827 2099 1870 eum.
2130 1800 2180 1863 B
2206 1820 2358 1874 spem
2388 1820 2539 1861 suam
2567 1805 2714 1875 ponit
2757 1805 2810 1860 in
2842 1804 3092 1873 Domino,
3127 1805 3435 1876 patiturque
3463 1805 3607 1877 quod
3639 1806 3798 1887 vidua

513 1881 582 1936 Et
610 1885 765 1951 paulo
793 1897 915 1956 post
947 1907 961 1947 :
995 1890 1116 1962 Ipse
1159 1895 1410 1951 invocabit
1434 1913 1512 1954 me
1539 1916 1560 1954 :
1587 1900 1748 1956 Pater
1773 1919 1911 1957 meus
1939 1919 1991 1958 es
2020 1911 2097 1971 tu,

514 1971 654 2028 Deus
677 1991 817 2032 meus
839 1988 887 2032 et
905 1992 1169 2052 susceptor
1193 1985 1378 2043 salutis
1403 2005 1548 2044 meat.
1573 1988 1642 2045 Et
1671 2008 1764 2064 ego
1792 1993 2101 2066 primoyeni-

513 2070 620 2118 tum
646 2083 830 2137 ponam
860 2069 1027 2140 illum,
1077 2077 1335 2133 excelsum
1365 2097 1472 2149 pra:
1501 2083 1702 2153 regibus
1749 2093 1900 2139 terra:
1926 2083 2098 2156 (Psal.

512 2172 770 2226 1.xxxvnl,
797 2161 887 2231 20,
928 2165 1020 2234 2i,
1061 2168 1154 2238 27,
1181 2171 1295 2242 28).
1331 2173 1441 2230 lloc
1471 2187 1551 2230 est
1580 2176 1721 2246 quod
1769 2176 1854 2232 hic
1898 2179 2095 2248 posuit,

495 2265 619 2309 ,non
649 2253 981 2321 frustrabitur
1006 2275 1140 2316 eunt.
1188 2263 1466 2321 Frustrare
1502 2276 1584 2322 est
1621 2270 1764 2323 enim
1795 2270 1849 2324 in
1890 2269 2100 2326 irritum

511 2343 775 2409 promissa
799 2346 1094 2416 deducere;
1119 2353 1260 2422 quod
1287 2356 1372 2410 hic
1397 2357 1590 2412 merito
1609 2367 1770 2428 negat
1791 2371 1948 2429 posse
1978 2374 2101 2430 pro-

512 2433 714 2502 venire,
762 2442 1014 2509 quoniam
1047 2443 1378 2516 deceptionis
1410 2449 1557 2505 locus
1597 2466 1718 2506 esse
1747 2467 1853 2508 non
1901 2454 2095 2524 potuit,

511 2526 603 2581 ubi
635 2531 920 2598 promissio
943 2537 1275 2594 veracissimi
1306 2541 1611 2598 declaratur
1629 2545 1882 2602 auctoris.
1910 2547 2100 2617 Sequi-

511 2627 618 2710 tur,
660 2620 741 2676 De
787 2627 957 2696 fructu
983 2633 1168 2686 ventris
1220 2634 1293 2687 tui
1323 2653 1511 2706 ponam
1554 2655 1709 2710 super
1733 2640 1905 2696 sedem
1935 2651 2095 2698 tuam.

510 2707 737 2768 Fructus
766 2721 953 2775 ventris
996 2731 1080 2777 est
1111 2723 1318 2781 Domini
1373 2707 1664 2786 Salvatoris
1691 2732 1933 2788 doctrina
1983 2749 2098 2790 cus-

509 2801 680 2873 lestis,
728 2807 796 2864 de
823 2825 924 2880 qua
956 2815 1181 2885 populus
1209 2816 1544 2878 Christianus
1575 2825 1816 2880 noscitur
1857 2819 2100 2899 esse'ge-

507 2907 749 2955 neratus.
784 2901 1115 2976 Frequenter
1138 2912 1279 2967 enim
1307 2913 1538 2971 diximus
1564 2917 1903 2975 institutione
1931 2920 2096 2988 fideli,

509 2992 664 3058 quasi
685 2997 916 3064 quodam
945 3011 1132 3058 ventre
1161 3007 1408 3076 generari
1447 3023 1606 3078 posse
1649 3012 1952 3069 credentes.
1988 3011 2098 3068 Hos

507 3096 638 3154 ergo
670 3091 928 3156 promittit
953 3092 1113 3152 Pater
1131 3112 1284 3166 super
1314 3099 1523 3156 Domini
1549 3101 1749 3159 Christi
1790 3119 1910 3160 esse
1931 3107 2099 3161 sedem

2204 1896 2576 1967 improbitates
2604 1897 2891 1964 malorum,
2923 1897 3252 1968 direptiones
3273 1898 3675 1954 crudelissimas
3696 1899 3798 1953 im-

2203 1987 2445 2058 piorum;
2475 1999 2530 2043 et
2559 1996 2811 2058 tanquam
2852 1989 3080 2045 maritali
3109 1990 3308 2046 auxilio
3346 1989 3601 2046 destituta
3644 2006 3800 2045 sem-

2202 2095 2301 2150 per
2331 2089 2541 2147 mceret,
2573 2096 2788 2151 semper
2816 2082 3084 2150 atteritur,
3114 2081 3210 2138 sed
3240 2083 3436 2137 mentis
3477 2083 3796 2138 castissimae

2203 2171 2398 2228 fruitur
2423 2172 2750 2228 iudemutata
2769 2174 3091 2229 constantia.
3115 2174 3195 2230 Ad
3217 2173 3371 2244 cujus
3388 2173 3790 2230 similitudinem

2202 2261 2415 2318 viduam
2449 2263 2627 2318 laudat
2657 2265 2968 2334 Apostolus,
2999 2265 3186 2321 dicens
3218 2281 3234 2319 :
3271 2264 3401 2330 Qua
3440 2275 3613 2320 autem
3637 2267 3791 2320 vidua

2203 2363 2298 2422 est,
2344 2364 2394 2410 et
2443 2355 2692 2420 desolata,
2746 2365 2912 2427 speret
2955 2357 3010 2410 in
3039 2355 3321 2411 Dominum
3352 2354 3409 2428 (1
3440 2356 3577 2411 Tim.
3609 2373 3660 2423 v,
3709 2356 3790 2428 5).

2203 2447 2328 2503 Haec
2358 2447 2602 2516 quamvis
2627 2457 2683 2502 et
2711 2447 3026 2518 conjugatas
3052 2455 3106 2502 et
3130 2446 3366 2517 virgines
3397 2446 3676 2502 continere
3707 2446 3790 2500 vi-

2202 2539 2414 2608 deatur,
2464 2539 2617 2592 vidua
2646 2547 2823 2594 tamen
2853 2539 3066 2605 dicitur,
3098 2539 3220 2609 quia
3251 2539 3511 2610 praesidio
3535 2539 3792 2595 destituta

2201 2631 2472 2696 saeculari,
2503 2645 2654 2702 spem
2683 2647 2834 2687 suam
2864 2633 2918 2688 in
2948 2632 3158 2689 caelesti
3182 2631 3395 2702 Sponso
3416 2632 3678 2703 reposuit,
3699 2630 3794 2702 qui

2199 2739 2320 2800 eam
2349 2725 2473 2780 fecit
2497 2725 2562 2780 de
2592 2725 2738 2780 fusca
2765 2724 3066 2794 pulchram,
3101 2725 3168 2781 de
3193 2739 3418 2782 erronea
3450 2735 3675 2792 rectam,
3715 2724 3788 2782 de

2201 2817 2406 2872 crudeli
2435 2816 2596 2886 piam,
2627 2817 2695 2872 de
2738 2817 2936 2873 caduca
2968 2817 3352 2874 ﬁrmissimam.
3382 2817 3509 2876 Sive
3544 2818 3626 2891 (ut
3669 2819 3794 2889 qui-

2201 2911 2424 2968 busdam
2455 2910 2651 2981 placet)
2698 2912 2851 2966 vidua
2891 2912 3090 2968 dicitur
3132 2912 3428 2985 Synagoga,
3469 2929 3588 2983 quae
3637 2925 3790 2969 nunc

2203 3003 2441 3060 Ecclesia
2481 3012 2565 3060 est
2590 3022 2602 3057 :
2629 3002 2880 3074 quoniam
2907 3002 3186 3060 desinente
3215 3004 3353 3075 lege,
3383 3003 3478 3060 sub
3505 3017 3610 3074 qua
3633 3003 3789 3059 velut

2201 3096 2431 3164 quodam
2482 3097 2676 3153 marito
2705 3097 2987 3154 tenebatur
3027 3097 3279 3166 obnoxia,
3312 3098 3559 3154 veniente
3611 3097 3794 3170 gratia

507 3180 790 3248 ponendos,
844 3185 1058 3256 quando
1107 3190 1352 3246 contra-si
1397 3192 1634 3248 auctoris
1682 3193 1763 3248 sui
1808 3195 2094 3264 mandatis,
2122 3176 2170 3240 C
2203 3183 2418 3246 Christo
2456 3201 2540 3246 est
2580 3190 2696 3247 sine
2739 3189 2902 3246 dubio
2948 3190 3223 3261 copulata;
3256 3200 3314 3247 et
3361 3193 3574 3261 quasia
3623 3191 3794 3262 priori

507 3267 706 3328 docere
754 3274 972 3356 similia,
1003 3283 1438 3352 comprobantur.
1493 3285 1551 3341 ln
1591 3286 1734 3344 illius
1778 3288 1918 3344 enim
1967 3289 2098 3347 sede

506 3371 654 3420 recte
689 3368 879 3426 sedere
909 3373 1030 3441 quis
1071 3375 1283 3444 dicitur,
1337 3378 1490 3449 cujus
1515 3389 1570 3437 et
1607 3389 1873 3452 prtecepta
1903 3382 2098 3439 docere

507 3465 858 3518 monstratur.
903 3473 908 3480 '
1077 3465 1080 3468 ’
1162 3521 1164 3523 ,

582 3546 740 3605 Vers.
765 3552 853 3606 i2.
879 3553 944 3610 Si
964 3558 1292 3615 custodierint
1318 3562 1416 3632 ﬁlii
1439 3564 1514 3618 tui
1533 3572 1881 3622 testamentum
1901 3549 2092 3637 meum,

507 3648 557 3692 et
597 3641 882 3699 testimonia
923 3663 1033 3703 mea
1061 3649 1172 3705 lucc
1211 3669 1327 3723 quae
1350 3655 1535 3711 docebo
1564 3672 1648 3712 eos
1677 3674 1698 3712 :
1728 3669 1774 3713 et
1796 3659 1894 3728 lilii
1920 3676 2097 3714 eorum

509 3745 670 3802 usque
694 3733 748 3788 in
775 3739 1022 3794 sceculum
1059 3743 1236 3798 seaculi
1265 3746 1510 3802 sedebunt
1533 3764 1686 3818 super
1724 3751 1893 3805 sedem
1931 3760 2095 3806 tuam.

511 3820 828 3891 Explanavit
871 3831 1013 3901 quod
1043 3835 1288 3906 superius
1320 3837 1472 3892 dixit.
1508 3838 1640 3895 Nam
1667 3848 1723 3896 et
1750 3840 1837 3896 hic
1863 3842 1932 3898 de
1959 3857 2094 3912 apo-

507 3916 661 3973 stolis
703 3919 940 3992 loquitur
979 3929 1296 4000 cteterisque
1338 3931 1605 4000 ﬁdelibus,
1651 3933 1740 4003 qui
1770 3932 1968 3990 Christi
1998 3933 2098 4004 ﬁlii

506 4007 611 4063 dici
645 4010 767 4068 ﬁdei
814 4014 1118 4088 integritate
1146 4033 1482 4091 meruerunt;
1516 4024 1647 4094 ipsis
1675 4025 1817 4080 enim
1857 4026 2092 4084 dicitur:

508 4099 762 4159 Sedebitis
803 4123 956 4180 super
1000 4113 1270 4169 duodecim
1299 4117 1462 4184 sedes,
1497 4118 1794 4189 judicantes
1831 4105 2095 4174 duodecim

508 4195 669 4252 tribus
698 4196 867 4255 Israel
887 4202 1100 4272 (Matth.
1127 4223 1243 4275 xu,
1277 4208 1390 4278 28).
1437 4208 1530 4264 liis
1553 4224 1682 4282 ergo
1701 4209 1860 4267 sedes
1882 4209 2094 4268 Domini

507 4287 743 4360 dabitur,
777 4294 936 4362 quiet
964 4299 1248 4370 participes
1277 4302 1392 4372 ejus
1419 4302 1572 4374 regni
1611 4316 1732 4358 esse
1761 4313 2093 4372 meruerunt,

508 4376 648 4435 sicut
678 4382 729 4437 in
761 4385 1048 4458 Evangelio
1075 4390 1191 4459 ipse
1233 4392 1361 4449 dicit
1390 4412 1402 4447 :
1437 4393 1617 4461 Pater,
1648 4396 1762 4450 volo
1792 4404 1848 4451 ut
1869 4397 1954 4451 ubi
1979 4413 2094 4452 sum

507 4485 622 4542 ego,
644 4484 693 4528 et
723 4475 821 4544 ipsi
846 4479 946 4534 sint
976 4497 1168 4537 mecum
1212 4484 1391 4557 (Joan.
1423 4502 1548 4555 xvn,
1581 4487 1696 4559 2h).
1729 4488 1795 4544 Et
1822 4504 1890 4546 ne
1919 4491 2094 4546 ambi-

2201 3285 2507 3341 conditione
2539 3285 2781 3353 liberata,
2814 3287 3030 3358 nuptias
3058 3287 3308 3345 caelestes
3351 3288 3504 3344 salva
3542 3290 3796 3348 castitate

2201 3377 2516 3446 promeruit.
2549 3377 2718 3445 Quam
2745 3379 3202 3448 comparationem
3234 3387 3288 3435 et
3315 3379 3617 3450 Apostolus
3646 3379 3790 3448 fecit,

2201 3470 2422 3526 dicens:
2455 3470 2534 3524 An
2578 3471 2845 3542 ignoratis,
2895 3475 3080 3542 fratres
3127 3471 3420 3543 (scientibus
3467 3473 3607 3528 enim
3633 3473 3792 3545 legem

2202 3560 2424 3633 loquor),
2453 3561 2697 3631 quoniam
2724 3561 2808 3616 lea:
2834 3561 3182 3617 dominabitur
3221 3562 3414 3616 homini
3445 3563 3499 3617 in
3543 3575 3792 3633 quantum

2202 3655 2444 3721 temporis
2473 3654 2636 3708 vivit?
2667 3655 2796 3721 Quae
2823 3656 2955 3710 enim
2983 3656 3072 3712 sub
3105 3656 3288 3711 marito
3327 3666 3402 3712 est
3441 3659 3646 3727 mulier,
3679 3660 3791 3714 vivo

2201 3747 2388 3800 marito
2421 3745 2587 3800 vincta
2608 3755 2680 3800 est
2709 3746 2820 3818 lege
2856 3748 3029 3801 mariti
3057 3747 3189 3821 [ed.,
3214 3748 3402 3819 juncta
3443 3758 3516 3804 est
3549 3748 3671 3821 legi]
3705 3750 3795 3805 ξεί

2201 3847 2370 3892 autem
2405 3845 2634 3891 mortuus
2663 3838 2816 3908 fuerit
2854 3839 3089 3905 maritus,
3119 3846 3363 3894 cvacuata
3390 3848 3464 3894 est
3485 3856 3517 3894 a
3535 3841 3645 3909 lege
3669 3858 3789 3895 ma-

2200 3930 2307 3984 riti.
2337 3928 2474 4000 Ergo
2489 3929 2684 3983 vivente
2712 3930 2896 3983 marito
2923 3931 3156 3986 adultera
3181 3932 3454 3998 vocabitur,
3478 3933 3524 3986 si
3531 3935 3782 4003 jungitur

2202 4037 2316 4076 cum
2339 4023 2441 4077 alio
2461 4023 2588 4086 viro,
2613 4030 2717 4078 etc.
2741 4021 2918 4093 (Rom.
2949 4038 3042 4093 vn,
3067 4024 3119 4089 1,
3143 4023 3227 4093 2).
3258 4024 3592 4080 lntendamus
3614 4026 3788 4082 etiam

2200 4116 2346 4187 quod
2373 4115 2520 4182 dicit,
2556 4114 2850 4170 benedicens
2872 4115 3184 4171 benedicam.
3209 4115 3309 4184 Qui
3325 4115 3493 4173 semel
3516 4117 3794 4182 benedicit,

2179 4207 2254 4288 (in
2285 4222 2347 4264 ea
2380 4216 2582 4262 tantum
2613 4220 2672 4260 se
2693 4215 2916 4261 testatur
2939 4205 3310 4263 benedictione
3328 4207 3611 4274 desinere;
3644 4209 3799 4264 bene-

2203 4301 2372 4354 dicens
2399 4309 2575 4354 autem
2608 4297 2876 4362 benedicit,
2913 4297 3001 4368 qui
3027 4297 3142 4368 jugi
3172 4299 3552 4355 benedictione
3581 4301 3802 4356 sancti-

2202 4391 2348 4458 ﬁcat,
2379 4390 2538 4446 modo
2570 4390 2622 4444 in
2656 4389 2811 4446 istam
2841 4396 3069 4456 partem,
3093 4390 3254 4446 modo
3281 4392 3335 4445 in
3373 4391 3533 4446 aliam
3567 4392 3800 4463 gratiam

2203 4497 2316 4540 sum
2344 4483 2644 4539 donationis
2673 4481 2972 4552 indulgens.
3015 4483 3169 4550 Quod
3196 4491 3571 4554 argumentum
3601 4485 3804 4542 dicitur

509 4574 666 4630 geres
713 4567 907 4637 quibus
951 4581 1095 4628 esset
1139 4573 1392 4643 dandum,
1450 4576 1556 4634 illis
1588 4577 1794 4634 scilicet
1835 4579 1968 4635 dicit
2005 4582 2098 4652 qui
2123 4576 2177 4638 D
2203 4581 2249 4634 A
2277 4577 2598 4648 conjugatis,
2631 4576 2882 4647 quoniam
2928 4576 3205 4658 nominum
3245 4578 3486 4649 ipsorum
3527 4581 3806 4650 copulatio

511 4659 863 4714 testamentum
897 4661 1104 4719 Domini
1137 4675 1183 4720 et
1208 4668 1517 4735 testimonia,
1549 4685 1874 4742 omnemque
1904 4672 2100 4730 doctri-

507 4757 630 4799 nam
658 4756 792 4818 pura
814 4750 1100 4812 devotione
1119 4759 1432 4816 custodiunt.
1462 4760 1567 4816 Sed
1593 4776 1660 4818 ne
1684 4761 1786 4818 hoc
1815 4765 2095 4834 praemium

510 4848 729 4908 putares
766 4859 889 4902 esse
924 4846 1150 4905 forsitan
1194 4852 1508 4921 temporale,
1539 4852 1688 4920 dicit,
1722 4870 1881 4928 usque
1919 4857 1973 4911 in
2001 4873 2099 4913 ste-

506 4932 682 4988 culum
708 4939 883 4994 seaculi
913 4942 1154 4998 sedebunt
1199 4960 1350 5016 super
1373 4947 1546 5001 sedem
1591 4956 1749 5005 tuam.
1795 4949 1960 5020 Cujus
1987 4965 2094 5008 sa:-

506 5022 614 5077 culi
656 5040 764 5082 non
792 5029 898 5085 erit
927 5032 1068 5102 ﬁnis,
1101 5035 1223 5104 quia
1269 5050 1429 5092 omne
1456 5039 1737 5108 praemium
1777 5039 1852 5096 ibi
1883 5041 2091 5098 incom-

507 5115 753 5172 mutabili
782 5126 1081 5183 aeternitate
1113 5127 1381 5198 perdurat.

580 5205 736 5264 Vers.
765 5211 850 5270 15.
885 5213 1142 5281 Quoniam
1161 5219 1312 5294 elegit
1340 5223 1589 5281 Dominus
1637 5226 1789 5294 Sion,
1835 5227 2093 5298 prteelegit

505 5313 620 5358 um
641 5303 697 5360 in
718 5306 1074 5367 habitationem
1097 5315 1212 5370 sibi.

579 5393 736 5453 Vers.
778 5399 862 5454 11.
894 5399 1022 5456 Haec
1047 5406 1243 5474 requies
1272 5425 1382 5463 met
1414 5411 1470 5464 in
1496 5412 1739 5466 swculum
1767 5411 1941 5468 saeculi
1963 5405 2093 5479 {his

473 5505 478 5512 ·
507 5486 763 5556 habitabo,
793 5495 1036 5561 quoniam
1061 5498 1295 5570 prmelegi
1335 5518 1466 5557 eam.
1501 5503 1614 5559 Hoc
1637 5505 1928 5560 secundum
1952 5506 2093 5564 litte-

2203 4671 2442 4726 noscitur
2478 4683 2598 4724 esse
2625 4668 2942 4739 conjuncta;
2985 4670 3130 4739 quod
3164 4671 3324 4726 etiam
3355 4671 3411 4728 in
3440 4672 3806 4744 subsequenti

2200 4780 2360 4822 versu
2381 4763 2576 4819 factum
2599 4777 2719 4818 esse
2739 4771 3090 4818 monstratur.
3112 4765 3388 4836 Sequitur,
3408 4781 3664 4836 pauperes
3685 4767 3804 4835 ejus

2201 4855 2441 4912 saturabo
2458 4854 2694 4925 panibus.
2712 4854 2919 4910 Revera
2947 4872 3201 4926 pauperes
3215 4856 3414 4912 Christi
3434 4858 3646 4913 caelesti
3664 4873 3807 4928 pane

2201 4948 2530 5020 saginantur,
2562 4947 2814 5016 quoniam
2845 4948 2898 5003 in
2923 4948 3210 5005 mundanis
3238 4947 3411 5020 copiis
3439 4964 3660 5020 semper
3681 4966 3808 5007 esu-

2201 5043 2379 5109 riunt;
2405 5042 2542 5097 sicut
2569 5041 2624 5097 in
2669 5042 2932 5112 superiori
2964 5044 3167 5112 psalmo
3193 5042 3396 5099 dictum
3445 5054 3531 5099 est
3559 5060 3573 5098 :
3601 5042 3808 5100 Dicites

2200 5129 2447 5209 eguerunt
2472 5143 2520 5188 et
2559 5134 2890 5202 esurierunt;
2936 5135 3251 5206 inquirentes
3295 5145 3466 5190 autem
3511 5135 3812 5191 Dominum

2200 5246 2304 5284 non
2328 5229 2564 5297 deficient
2607 5228 2746 5282 omni
2772 5227 2905 5283 bona
2949 5227 3121 5302 (Psal.
3162 5244 3356 5296 xxxm,
3388 5229 3498 5299 11).
3534 5229 3641 5299 Ipsi
3672 5239 3814 5286 sunt.

2199 5337 2326 5393 ergo
2357 5338 2603 5391 pauperes
2628 5319 2847 5387 Christi,
2881 5322 2970 5392 qui
3004 5323 3234 5379 terrenis
3261 5323 3423 5379 rebus
3453 5322 3673 5394 quidem
3705 5325 3816 5380 in-

2199 5413 2402 5484 digent,
2431 5419 2524 5468 sed
2557 5413 2768 5469 caelesti
2797 5415 2952 5485 capia
2983 5414 3350 5485 perfruuntur.

2271 5507 2420 5563 Vcrs.
2457 5508 2545 5563 16.
2581 5507 2890 5563 Sacerdotes
2915 5509 3025 5580 ejus
3058 5507 3272 5563 induam
3293 5508 3515 5562 salutari
3546 5507 3682 5580 [cd.,
3704 5522 3816 5563 sa-

507 5593 621 5635 ram
653 5583 956 5642 nullatenus
995 5588 1312 5661 vindicatur,
1359 5609 1478 5650 cum
1515 5599 1748 5652 sciamus
1793 5599 2090 5656 Jerusalem
2196 5601 2402 5674 [utare],
2432 5611 2476 5656 et
2508 5603 2676 5657 sancti
2707 5604 2819 5670 ejus
2849 5603 3187 5658 exsultatione
3215 5603 3572 5658 exsultabunt.
3607 5603 3820 5658 Sacer-

506 5683 768 5732 vetnstam
798 5680 1107 5737 eversiones
1146 5684 1612 5760 desolationesque
1660 5691 2093 5760 frequentissime
2197 5694 2336 5747 dotes
2359 5693 2646 5748 induuntur
2667 5695 3133 5764 salutari,quando
3159 5695 3437 5750 Dominum
3456 5695 3820 5753 Salvatorem

509 5769 832 5840 pertulisse:
864 5771 931 5829 de
960 5789 1063 5852 qua
1089 5776 1342 5851 scriptum
1371 5788 1449 5835 cst
1475 5798 1487 5837 :
1514 5781 1643 5839 Sion
1669 5784 1799 5839 sicut
1825 5800 1947 5858 ager
1973 5803 2093 5843 ara~
2197 5802 2407 5846 summa
2447 5788 2567 5846 ﬁdei
2600 5789 2922 5872 integritate
2949 5793 3234 5865 rccipiunt,
3280 5801 3335 5848 et
3361 5792 3530 5867 ipsius
3560 5792 3824 5851 honora—
