4114 6362
353 322 455 381 955

1270 319 1628 380 EXPOSITIO
1665 321 1729 377 IN
1771 317 2224 379 PSALTERIUM.
2264 316 2456 378 PSAL.
2495 324 2754 384 CXXXII.

3496 332 3601 392 954

349 437 441 495 bili
467 435 835 493 misericordia
862 433 1186 503 νθειίυηῑυη
1221 437 1357 493 Sicut
1381 439 1449 494 de
1474 439 1756 510 baptizatis
1782 440 1923 507 Apo-
1945 438 2002 500 Δ
2026 443 2195 513 ipsum
2218 456 2387 501 autem
2415 434 2612 514 ﬂore‘bit
2640 426 2979 515 sanctiﬁcatio
3002 462 3133 504 mea.
3164 434 3393 506 Florebit
3422 451 3488 508 ad
3505 468 3603 508 ex-

349 528 518 585 stolus
538 526 704 583 dicit:
738 528 922 583 Omnes
944 530 1030 596 qui
1050 531 1100 583 in
1122 528 1323 585 Christo
1349 531 1589 599 baptizati
1610 531 1748 599 estis,
1774 530 1926 585 Chri-

347 627 484 674 stum
533 620 774 674 induistis
823 618 968 691 (Gal.
1021 637 1097 687 In,
1152 621 1267 690 27).
1322 620 1474 676 Unde
1516 620 1642 676 licet
1682 622 1925 690 proxime

345 711 663 780 dixerimus,
697 727 801 768 non
832 714 976 784 piget
1005 723 1182 769 tamen
1202 724 1446 784 repetere
1472 714 1614 783 quod
1645 713 1799 769 nobis
1830 728 1924 783 po-

347 809 452 859 test
492 803 669 859 divina
720 806 974 876 mysteria
1017 806 1308 861 declarare.
1360 797 1517 860 Tales
1544 806 1685 861 enim
1714 813 1926 874 oportet

346 910 466 954 esse
496 896 765 961 doctores,
791 907 849 951 ut
867 898 1040 966 primo
1068 898 1167 967 ipsi
1193 898 1692 966 irreprehensibiles
1716 899 1844 967 sint,
1871 906 1926 953 et

344 989 424 1045 sic
451 990 774 1059 reliquorum
804 991 1068 1045 instruant
1094 991 1257 1046 corda
1286 990 1543 1057 ﬁdelium,
1571 991 1707 1046 sicut
1742 992 1924 1053 Domi-

343 1072 447 1136 nus
473 1081 527 1135 in
559 1080 847 1152 Evangelia
874 1082 1002 1138 dicit
1033 1098 1048 1135 :
1086 1082 1188 1148 Qui
1210 1091 1379 1136 autem
1409 1083 1657 1152 docuerit,
1684 1090 1731 1136 et
1752 1083 1926 1153 fecerit

343 1175 440 1239 sic,
465 1190 677 1244 magnus
702 1175 963 1229 vocabitur
988 1176 1039 1228 in
1062 1191 1215 1247 regno
1237 1175 1476 1229 caelorum
1497 1174 1711 1243 (Matth.
1736 1190 1787 1240 v,
1808 1174 1923 1245 l9).

341 1263 475 1319 Nam
502 1264 641 1335 quod
676 1265 822 1330 dicit,
854 1266 1195 1321 exsultatione
1220 1267 1567 1334 exsultabant,
1614 1276 1925 1337 perpetuam

339 1355 581 1412 laetitiam
616 1358 731 1413 vult
758 1359 1060 1428 signiﬁcare
1089 1368 1417 1428 sanctorum,
1445 1360 1656 1430 quando
1704 1376 1795 1415 eos
1819 1376 1924 1417 non

337 1448 514 1503 solum
545 1450 838 1517 exsultare,
870 1452 964 1507 sed
1006 1452 1188 1506 Iustitia
1219 1452 1347 1507 dicit
1376 1453 1609 1522 gaudere
1645 1462 1920 1522 perpetua.

335 1537 521 1594 Potest
547 1540 687 1595 enim
722 1542 941 1610 quilibet
966 1541 1020 1595 in
1050 1557 1240 1613 magna
1264 1543 1428 1597 animi
1448 1542 1782 1611 jucunditate
1805 1559 1928 1613 pro-

337 1632 508 1698 silire,
532 1641 593 1687 et
626 1633 819 1689 iterum
842 1635 1127 1705 aliquando
1155 1635 1436 1701 desinere;
1470 1638 1804 1691 exsultatione
1832 1652 1928 1691 au-

343 1734 453 1781 tem
492 1728 565 1781 illi
597 1729 878 1797 exsultant,
922 1730 1010 1799 qui
1056 1745 1325 1801 nunquam
1356 1744 1387 1783 a
1436 1729 1643 1785 collatis
1690 1732 1925 1801 praemiis

336 1828 677 1875 amoventur.

410 1913 565 1969 Vers.
596 1915 682 1969 I7.
716 1913 853 1971 Illuc
891 1916 1169 1987 producam
1194 1932 1354 1971 cornu
1388 1914 1556 1971 David
1578 1934 1594 1971 :
1616 1919 1793 1987 paravi
1838 1918 1919 1971 lu-

329 2020 541 2059 cernam
570 2006 771 2061 Christo
799 2024 928 2062 meo.
958 2007 1097 2063 Illuc
1125 2024 1247 2064 cum
1269 2009 1481 2074 dicitur,
1516 2010 1604 2065 illa
1636 2009 1919 2065 beatitudi-

330 2097 422 2151 nis
445 2100 657 2167 requies
687 2098 1015 2168 signiﬁcatur
1039 2101 1106 2157 de
1146 2117 1247 2172 qua
1283 2102 1525 2171 superius
1559 2102 1715 2158 Pater
1739 2103 1914 2159 dixit:

328 2187 467 2243 Hac
494 2192 688 2259 requies
714 2208 827 2245 mea
842 2193 896 2244 in
913 2194 1158 2247 sarculum
1172 2194 1366 2247 δίει-ειη.
1398 2194 1513 2262 Ipsa
1538 2194 1679 2248 enim
1703 2196 1915 2264 requies

329 2280 511 2335 Patris
540 2296 657 2350 qua:
680 2282 818 2347 Filii,
850 2283 963 2351 ipsa
994 2283 1113 2337 Filii
1139 2299 1256 2353 quae
1288 2284 1516 2352 Spiritus
1543 2285 1713 2339 sancti
1748 2303 1759 2337 :
1785 2299 1918 2353 quo-

330 2375 479 2429 niam
503 2386 687 2431 sancta
717 2377 972 2444 Trinitas,
998 2391 1117 2446 qua:
1146 2386 1229 2433 est
1263 2393 1399 2431 unus
1428 2377 1589 2444 Deus,
1620 2392 1719 2433 nec
1750 2377 1919 2433 beati-

336 2467 523 2522 tudine
570 2478 867 2538 separatur,
913 2484 1013 2525 nec
1057 2478 1339 2540 potestate,
1369 2469 1533 2541 454
1580 2485 1679 2525 nec
1725 2478 1916 2524 natura

336 2559 611 2615 dividitur.
663 2562 936 2631 Sequitur,
980 2563 1259 2631 producam
1308 2579 1467 2616 cornu
1508 2560 1699 2617 David.
1732 2562 1798 2616 Et
1830 2561 1915 2617 hic

332 2651 504 2704 David
535 2652 913 2721 intelligendus
940 2663 1020 2707 est
1049 2653 1210 2723 (sicut
1238 2668 1395 2723 supra
1440 2654 1694 2723 diximus)
1730 2655 1912 2710 Domi-

336 2758 438 2797 nus
467 2743 733 2809 Salvator,
757 2744 911 2814 cujus
936 2760 1113 2811 cornu,
1155 2744 1206 2799 id
1233 2756 1313 2800 est
1361 2746 1610 2801 fortitudo
1636 2747 1914 2815 potestatis

329 2835 390 2890 iu
414 2835 503 2889 illa
524 2834 844 2905 judicatione
865 2836 1204 2890 monstranda
1233 2843 1335 2902 est,
1362 2836 1449 2891 ubi
1472 2837 1540 2891 ab
1567 2837 1685 2906 ipso
1715 2837 1915 2892 sanctis

328 2936 535 2983 aeterna
563 2930 780 2997 praemia
808 2927 1197 2983 conceduntur.
1226 2928 1407 2999 Neque
1456 2930 1601 2984 enim
1634 2929 1733 2983 hoc
1759 2929 1826 2985 de
1854 2944 1914 2987 se

324 3028 545 3090 poterat
575 3020 742 3075 David
774 3021 974 3087 dicere,
1002 3022 1092 3091 qui
1122 3030 1176 3076 et
1204 3021 1318 3090 ipse
1345 3022 1484 3076 inter
1510 3022 1744 3092 reliquos
1783 3024 1913 3079 bea-

324 3123 419 3171 tos
450 3130 554 3171 non
583 3115 802 3172 daturus
826 3124 907 3171 est
929 3130 1140 3184 munus,
1173 3116 1268 3172 sed
1293 3131 1321 3170 a
1347 3116 1573 3172 Domino
1597 3126 1913 3187 accepturus

326 3218 420 3265 est
466 3211 764 3280 praemium.
799 3210 864 3263 Et
899 3218 956 3264 ut
988 3208 1271 3263 Dominum
1317 3207 1588 3263 Christum
1631 3209 1914 3265 debuisses

329 3300 634 3369 advertere,
664 3302 920 3371 sequitur,
971 3302 1147 3371 paravi
1171 3302 1429 3355 lucernam
1471 3301 1672 3356 Christo
1695 3318 1825 3370 meo,
1860 3302 1913 3358 id

328 3402 419 3450 est
463 3398 642 3451 lumen
672 3394 1070 3466 praedicationis
1111 3395 1364 3464 Baptista:
1409 3394 1651 3465 Joannis,
1700 3397 1788 3465 qui
1816 3394 1915 3451 fuit

330 3503 522 3545 revera
576 3489 788 3544 lucerna
819 3488 1043 3555 Christi,
1076 3487 1638 3544 mundanis-tenebris
1691 3489 1914 3545 caeleste

332 3580 516 3636 lumen
538 3580 861 3644 ostendens;
889 3580 957 3635 de
986 3594 1089 3649 quo
1113 3579 1184 3632 ait
1214 3579 1327 3647 ipse
1350 3578 1607 3634 Dominus
1633 3597 1645 3630 :
1680 3577 1780 3633 Ille
1804 3586 1914 3632 erat

330 3672 546 3726 lucerna
573 3672 760 3727 ardens
790 3680 833 3724 et
862 3672 1032 3725 lucens
1066 3669 1247 3739 (Joan.
1277 3686 1333 3737 v,
1366 3670 1481 3740 55).
1526 3672 1766 3726 Lucerna
1798 3674 1913 3725 sine

329 3763 497 3820 dubio
542 3765 751 3831 lucens,
792 3778 909 3833 quae
941 3778 1045 3817 non
1076 3763 1376 3817 carnalibus
1403 3763 1593 3828 oculis,
1626 3763 1721 3817 sed
1752 3763 1912 3833 spiri-

336 3858 566 3913 tualibus
590 3868 889 3927 appareret,
922 3866 976 3912 et
1000 3858 1050 3911 in
1079 3865 1188 3912 toto
1211 3857 1410 3912 mundo
1431 3858 1698 3913 emitteret
1720 3859 1787 3913 de
1810 3857 1913 3916 Do-

328 3949 462 4005 mini
494 3951 575 4005 sui
608 3951 727 4005 oleo
756 3951 992 4019 saginata
1023 3951 1447 4019 copiosissimam
1479 3952 1799 4009 claritatem.

409 4042 560 4099 Vers.
595 4044 680 4099 18.
715 4042 960 4098 Inimicos
988 4046 1102 4115 ejus
1142 4045 1352 4097 induam
1396 4045 1710 4115 confusione,
1761 4061 1914 4115 super

327 4136 498 4209 ipsum
521 4148 689 4191 autem
729 4137 1285 4207 ﬂorebitsaucti/icatio
1330 4154 1461 4192 mea.
1496 4136 1738 4192 Inimicos
1778 4140 1911 4208 ejus,

330 4227 616 4284 haereticos
641 4229 906 4299 signiﬁcat
931 4237 987 4284 et
1011 4243 1262 4297 paganos,
1290 4227 1373 4284 vel
1400 4230 1703 4299 quicunque
1725 4238 1911 4285 contra

329 4323 499 4391 ipsius
527 4320 767 4377 instituta
806 4322 1073 4377 vixerunt.
1108 4321 1237 4392 Ejus
1265 4330 1443 4377 autem
1477 4322 1617 4392 quod
1645 4323 1908 4392 sequitur,

326 4415 528 4471 Christi
558 4415 769 4471 Domini
799 4414 1044 4485 designat
1089 4415 1441 4469 adversarios.
1477 4414 1541 4468 Et
1570 4414 1707 4468 sicut
1734 4428 1913 4469 sacer-

326 4510 484 4565 dotes
514 4509 724 4564 Domini
750 4509 967 4563 salutari
1017 4508 1186 4579 gloria
1233 4508 1399 4561 induti
1430 4517 1573 4574 sunt,
1607 4508 1677 4561 ita
1709 4507 1906 4564 inimici

333 4601 449 4669 ejus
474 4599 805 4655 confusionis
831 4599 1097 4653 velamine
1126 4597 1446 4662 vestiuntur,
1474 4598 1684 4667 quando
1716 4597 1789 4651 illi
1816 4614 1910 4651 au-

330 4694 479 4750 dient
508 4713 520 4747 :
554 4693 749 4758 Venite,
795 4693 1038 4747 benedicti
1066 4692 1245 4746 Patris
1276 4693 1372 4747 mei
1397 4709 1416 4759 ;
1449 4692 1563 4747 istis
1598 4706 1727 4747 vero
1765 4692 1909 4747 dice-

333 4796 418 4841 tur
449 4804 463 4840 :
498 4785 575 4841 Ite
600 4788 653 4839 in
696 4787 863 4853 ignem
896 4795 1138 4839 mter-num
1162 4784 1375 4857 (Matth.
1409 4801 1535 4850 xxv,
1567 4783 1654 4847 54,
1702 4783 1813 4853 Η).
1844 4784 1910 4839 Et

334 4887 391 4932 ut
422 4891 738 4949 agnosceres
770 4877 870 4931 hoc
900 4886 953 4932 et
977 4877 1184 4931 Patrem
1217 4877 1392 4932 facere
1422 4876 1561 4945 quod
1595 4876 1759 4931 Filius
1782 4891 1909 4945 epe-

332 4976 501 5033 ratur,
557 4967 643 5021 hic
684 4966 893 5021 Patrem
933 4966 1060 5021 dicit
1104 4966 1350 5020 inimicos
1396 4965 1512 5034 ejus
1558 4963 1910 5030 confundere.

333 5058 478 5128 quod
522 5056 712 5111 Filium
744 5064 953 5111 constat
1002 5069 1120 5109 esse
1176 5055 1458 5109 facturum.
1504 5055 1623 5124 Ipse
1674 5055 1815 5109 enim
1858 5056 1911 5111 in

333 5148 624 5219 Evangelio
671 5148 799 5202 dicit
828 5164 841 5201 :
870 5146 1025 5199 Pater
1071 5163 1169 5199 non
1208 5146 1409 5213 judicat
1454 5161 1774 5214 quemquam,
1823 5147 1912 5199 sed

337 5255 486 5294 omne
516 5239 771 5310 judicium
807 5239 943 5291 dedit
974 5236 1113 5291 Filio
1147 5238 1322 5307 (Joan.
1353 5251 1408 5300 ν,
1445 5236 1562 5306 2:2).
1595 5237 1698 5293 Sed
1737 5237 1910 5292 Patris

335 5331 642 5387 testimonio
688 5331 806 5386 Filii
846 5332 1008 5402 gloria
1040 5331 1296 5386 decenter
1330 5331 1641 5401 exponitur.
1684 5333 1815 5387 Nam
1855 5342 1911 5388 et

336 5425 462 5481 alibi
504 5424 571 5481 de
616 5426 817 5480 unitate
858 5426 1249 5495 cooperationis
1298 5424 1493 5479 dicitur
1526 5442 1539 5479 :
1571 5424 1731 5479 Pater
1774 5442 1911 5479 meus

337 5532 494 5587 usque
514 5517 663 5570 modo
686 5526 943 5587 operatur,
968 5526 1011 5570 et
1035 5532 1127 5588 ego
1148 5531 1330 5584 aperor
1352 5512 1595 5583 (Ibidem,
1623 5514 1744 5585 l7);
1769 5515 1908 5585 quod

338 5610 497 5664 etiam
525 5611 590 5665 de
628 5611 829 5680 Spiritu
861 5620 1047 5667 sancto
1077 5610 1302 5681 intelligi
1324 5609 1521 5664 debere
1562 5624 1665 5663 non
1690 5609 1908 5665 dubium

337 5709 438 5755 est.
473 5702 626 5771 Saepe
668 5704 808 5758 enim
840 5703 906 5757 de
934 5720 1031 5758 una
1066 5718 1290 5774 persona
1322 5703 1533 5769 dicitur,
1565 5701 1706 5770 quod
1740 5702 1806 5755 de
1830 5710 1911 5756 to-

350 5792 455 5853 tius
500 5796 776 5853 Trinitatis
826 5798 1060 5870 poteutia
1115 5798 1391 5855 sentiatur.
1445 5794 1713 5869 Sequitur,
1762 5811 1915 5867 super

2028 538 2363 607 primendam
2396 542 2728 595 sanctitatem
2751 541 2986 611 gloriosa:
3014 542 3395 600 incarnationis
3424 545 3599 600 edici-

2029 640 2135 698 tur,
2187 648 2305 701 quae
2353 634 2431 687 sic
2472 632 2673 701 ﬂoruit,
2706 635 2845 688 sicut
2867 634 2996 689 dicit
3022 636 3334 705 Apostolus,
3369 646 3425 692 ut
3454 653 3603 693 omne

2027 740 2157 795 genu
2185 726 2416 794 flectatur
2438 726 2732 792 ctelestium,
2759 728 3068 781 terrestrium
3097 738 3140 782 et
3170 729 3483 797 infernarum
3508 747 3527 796 ;
3553 738 3602 786 et

2028 816 2191 869 omnis
2220 816 2392 886 lingua
2420 818 2722 884 conﬁteatur
2750 819 2866 887 quia
2896 818 3145 873 Dominus
3179 818 3329 874 Jesus
3369 818 3602 877 Christus

2026 906 2080 958 in
2106 905 2271 975 gloria
2291 916 2362 960 est
2387 905 2484 961 Dei
2505 906 2679 962 Patris
2707 908 2928 979 (Philip.
2963 925 3021 979 tl,
3049 910 3159 979 10).
3190 911 3341 978 Quod
3360 912 3428 967 ad
3448 927 3602 968 com-

2029 997 2363 1066 parationem
2423 1000 2624 1056 dictum
2678 1010 2888 1056 constat
2938 1015 3224 1071 agrorum;
3282 1012 3406 1059 tunc
3457 1004 3599 1058 enim

2028 1103 2277 1158 magnum
2308 1092 2605 1147 visentibus
2654 1092 2815 1147 decus
2846 1094 3105 1163 exsurgit,
3137 1095 3348 1162 quando
3377 1098 3607 1150 amoeni-

2030 1188 2165 1236 tates
2193 1197 2502 1253 camporum
2535 1183 2739 1239 ﬂoridis
2761 1184 3033 1240 coloribus
3060 1185 3371 1241 induuntur.
3402 1186 3599 1242 Verum

2030 1284 2174 1330 tanta
2206 1277 2320 1331 laus
2350 1277 2589 1331 continui
2617 1275 2762 1331 ﬁoris
2787 1276 3054 1346 quomodo
3084 1284 3253 1346 potest
3291 1277 3443 1333 alteri
3474 1292 3603 1332 con-

2031 1367 2238 1431 venire,
2270 1381 2390 1422 cum
2415 1367 2671 1436 propheta
2700 1367 3007 1439 ellugatusa
3038 1369 3148 1425 ﬁlio
3170 1370 3375 1440 legatur
3395 1383 3513 1425 esse
3533 1368 3601 1424 de

2030 1475 2216 1528 regno,
2242 1469 2297 1515 et
2323 1462 2373 1514 in
2406 1461 2719 1530 quibusdam
2743 1476 2893 1516 more
2915 1462 3258 1517 humanitatis
3286 1464 3600 1532 gravissima

2030 1550 2252 1605 crimina
2309 1551 2645 1607 commisisse
2698 1554 3060 1608 monstretur?
3114 1554 3371 1609 Dominus
3420 1566 3601 1610 autem

2031 1643 2275 1700 Christus
2302 1646 2555 1715 quidquid
2590 1646 2719 1718 egit,
2770 1646 3023 1716 quidquid
3059 1648 3294 1716 pertulit,
3327 1650 3502 1717 ﬂoruit
3546 1649 3602 1703 in

2030 1736 2147 1806 ipso
2199 1752 2408 1807 semper
2446 1747 2663 1807 paterna
2712 1739 3049 1808 sanctiﬁcatio
3077 1754 3098 1796 :
3123 1739 3263 1795 unde
3292 1739 3371 1794 illi
3410 1740 3605 1795 merito

1948 1818 1997 1877 B
2023 1843 2260 1899 praesens
2293 1830 2529 1898 psalmus
2557 1838 2787 1900 aptatur,
2819 1832 2911 1902 qui
2937 1832 3053 1888 sine
3096 1832 3275 1903 aliqua
3306 1832 3601 1890 oﬁ'ensione

2023 1924 2188 1982 fuisse
2218 1926 2578 1994 cognoscitur.

2556 2019 2827 2075 Conclusio
2857 2013 3061 2091 psalmi.

2092 2131 2328 2187 Audistis
2369 2132 2491 2202 quid
2538 2132 2834 2188 ascendens
2880 2133 2984 2188 iste
3027 2130 3333 2203 profecerit,
3376 2131 3601 2189 audistis

2021 2241 2124 2294 qua
2156 2228 2602 2297 nosjucuuditate
2623 2228 2993 2297 compleverit.
3026 2227 3161 2283 Nam
3196 2228 3320 2283 licet
3345 2227 3413 2283 ab
3450 2226 3600 2281 initio

2022 2318 2229 2372 cantica
2260 2320 2518 2387 graduum
2548 2321 2793 2376 universa
2816 2320 3206 2389 grandescant:
3239 2321 3363 2375 licet
3392 2320 3490 2374 ista
3520 2319 3603 2374 di-

2021 2422 2143 2463 cere
2174 2409 2422 2474 celsiora,
2454 2424 2571 2478 qua:
2600 2411 2666 2465 de
2693 2410 2904 2465 Domini
2937 2410 3169 2465 adventu
3190 2410 3490 2465 clarissimo
3520 2409 3603 2464 lu-

2022 2500 2163 2556 mine
2194 2500 2589 2569 lampaverunt.
2631 2501 2889 2557 Creatore
2917 2503 3111 2572 quippe
3140 2501 3474 2573 prophetato,
3506 2515 3598 2557 ne-

2022 2606 2171 2648 cesse
2222 2586 2347 2647 luit
2377 2594 2599 2662 gradum
2651 2608 2915 2663 crescere,
2973 2609 3071 2663 per
3111 2609 3268 2663 quem
3316 2604 3599 2665 augmenta

2022 2698 2235 2739 sumere
2256 2694 2463 2739 constat
2490 2687 2763 2740 universa.
2789 2686 2975 2741 Restat
2998 2686 3151 2740 nobis
3176 2685 3228 2740 in
3255 2685 3601 2755 sequentibus

2022 2775 2327 2845 gradalibus
2354 2777 2572 2845 psalmis
2602 2777 2816 2832 dilectio
2847 2778 3080 2846 proximi
3106 2786 3159 2832 et
3196 2776 3430 2832 charitas
3461 2775 3591 2841 Dei;

2020 2883 2136 2937 qute
2165 2869 2208 2923 si
2235 2884 2365 2938 pura
2404 2879 2582 2924 mente
2628 2870 3059 2936 conscendimus,
3088 2877 3213 2925 tunc
3238 2870 3305 2924 ad
3335 2866 3452 2938 ejus
3480 2867 3596 2938 glo-

2019 2959 2373 3015 riosissimum
2403 2961 2781 3031 perveniemus
2810 2970 3107 3029 aspectum.

2500 3072 2811 3130 ΡδΑιΜυε
2846 3072 3103 3128 CXXXII.

2530 3168 2794 3223 Canticum
2819 3167 3091 3241 graduum.

2088 3283 2219 3340 Post
2248 3283 2393 3339 illam
2422 3280 2776 3354 praecedentis
2805 3280 2998 3350 psalmi
3034 3276 3424 3335 sanctissimam
3453 3291 3596 3349 prte-

2018 3376 2363 3440 dicationem,
2393 3373 2445 3429 in
2466 3374 2676 3429 decimo
2702 3380 2894 3442 quarto
2920 3370 3088 3441 gradu
3109 3369 3219 3440 jam
3249 3370 3455 3440 positus
3474 3382 3600 3439 pro-

2019 3467 2178 3537 pheta
2211 3465 2421 3536 populis
2449 3465 2659 3521 beatam
2701 3465 2956 3534 prtedicat
2998 3463 3287 3528 unitatem;
3320 3470 3378 3518 ut
3419 3462 3511 3532 qui
3540 3476 3600 3517 se

2018 3557 2322 3612 Christiana
2367 3555 2625 3625 religione
2662 3556 3057 3623 constringunt,
3099 3556 3153 3609 in
3183 3569 3286 3609 una
3322 3552 3598 3609 charitatis

2018 3649 2390 3705 convenientia
2433 3657 2803 3718 perseverent.
2847 3647 3002 3714 Quod
3048 3646 3175 3703 licet
3208 3646 3275 3701 ad
3305 3646 3598 3701 monachos

2016 3740 2232 3811 quidam
2258 3739 2547 3810 aptandum
2570 3754 2692 3795 esse
2728 3738 3105 3808 judicaverint,
3137 3754 3235 3793 nos
3258 3747 3436 3793 tamen
3465 3736 3597 3791 dici-

2017 3848 2138 3889 mus
2162 3842 2217 3888 et
2245 3834 2310 3887 ad
2349 3832 2718 3902 generalitatis
2748 3829 3090 3886 concordiam
3135 3829 3441 3898 pertinere:
3465 3842 3598 3897 quo-

2017 3927 2159 3981 niam
2212 3925 2314 3979 hoc
2364 3940 2468 3979 non
2520 3932 2725 3977 tantum
2779 3921 3140 3987 monasteriis,
3183 3920 3278 3974 sed
3326 3920 3596 3974 universa:

2017 4015 2393 4086 pronuntiatur
2422 4013 2697 4077 Ecclesiae,
2732 4012 2994 4082 spirituali
3028 4010 3151 4065 tuba
3184 4011 3235 4064 in
3260 4025 3422 4064 unum
3444 4007 3598 4065 colli-

2016 4122 2146 4178 gens
2173 4105 2430 4178 quidquid
2459 4114 2540 4160 est
2568 4103 2768 4159 Christi
2804 4105 3028 4159 militum
3056 4104 3112 4158 in
3135 4112 3246 4159 toto
3271 4103 3400 4160 orbe
3429 4112 3597 4157 terra-

2016 4214 2155 4255 rum.
2188 4198 2304 4254 Non
2354 4198 2498 4252 enim
2536 4197 2771 4253 reluctor
2800 4196 2969 4251 beatis
2999 4195 3338 4251 monasteriis
3368 4196 3591 4263 dictum,

2015 4297 2108 4353 sed
2152 4311 2249 4352 nec.
2286 4294 2618 4366 generalitati
2648 4294 2856 4348 testimo
2902 4290 3346 4348 subtrahendum.
3396 4290 3595 4361 Dignus

2017 4403 2148 4461 ergo
2176 4389 2326 4461 locus
2346 4388 2437 4459 qui
2468 4387 2839 4444 collectionem
2864 4384 3037 4441 ﬁdelis
3064 4385 3246 4456 populi
3272 4384 3590 4451 contineret,

2015 4495 2174 4550 quam
2210 4487 2421 4535 constat
2445 4489 2569 4535 ante
2617 4480 2809 4534 tactam
2848 4493 3007 4548 quam
3036 4478 3333 4533 incarnatio
3384 4474 3590 4530 Domini

1937 4571 1988 4632 D
2014 4574 2251 4643 pretioso
2282 4572 2537 4643 sanguine
2557 4572 2624 4627 de
2653 4572 2900 4642 gentibus
2926 4569 3279 4640 acquisiisset.
3312 4567 3378 4621 Et
3402 4567 3594 4623 merito

2018 4673 2138 4735 post
2165 4666 2308 4720 illam
2334 4666 2569 4734 ponitur,
2596 4679 2689 4735 per
2728 4678 2887 4733 quam
2913 4663 3111 4719 mundo
3139 4660 3433 4733 praestitum
3465 4659 3593 4715 luis-

2016 4771 2076 4813 se
2090 4748 2425 4814 declaratur.

2442 4874 2445 4879 ν
2528 4844 2847 4901 Continentia
2882 4844 3083 4915 psalmi.

2092 4962 2229 5017 Ecce
2254 4960 2387 5015 alter
2412 4960 2651 5031 psalmus
2674 4960 2760 5029 qui
2782 4959 3097 5015 divisionem
3122 4955 3464 5027 cognoscitur
3485 4970 3592 5014 non

2021 5054 2241 5111 habere.
2274 5054 2580 5123 Congruum
2631 5052 2892 5121 siquidem
2940 5050 3040 5105 luit
3078 5057 3136 5104 ut
3163 5040 3251 5119 qui
3283 5049 3349 5105 de
3392 5050 3593 5105 unitate

2020 5145 2354 5215 loquebatur,
2384 5144 2661 5199 divisionis
2693 5158 2798 5197 non
2827 5143 3088 5211 reciperet
3108 5142 3397 5199 sectionem
3426 5160 3439 5197 ε
3463 5144 3593 5199 sim-

1996 5239 2139 5308 plex
2179 5253 2399 5293 manens
2428 5238 2542 5292 sine
2573 5236 2743 5307 aliqua
2780 5236 3094 5309 diversitate
3121 5251 3425 5300 causarum,
3456 5251 3592 5307 quos

2016 5338 2162 5385 recte
2192 5336 2399 5383 atomos
2424 5341 2807 5396 nuncupamus.
2856 5326 2970 5383 Non
3011 5328 3153 5383 enim
3192 5338 3283 5383 aut
3308 5343 3589 5399 personam

2018 5429 2207 5485 mutat,
2261 5429 2353 5473 aut
2394 5434 2630 5485 causam,
2679 5429 2772 5474 aut
2799 5420 3121 5475 locutionem
3149 5435 3301 5475 suam
3327 5418 3592 5476 convertit

2019 5515 2084 5570 ad
2117 5513 2289 5577 aliud;
2324 5514 2421 5568 ista
2450 5514 2590 5567 enim
2619 5513 2716 5566 tria
2746 5520 2891 5579 sunt,
2921 5526 3040 5583 quae
3066 5512 3378 5569 divisionem
3405 5513 3591 5568 viden-

2019 5619 2103 5665 tur
2124 5625 2380 5681 generare
2401 5609 2744 5678 psalmorum.
2777 5609 2874 5677 Qui
2906 5610 3072 5666 atomi
3099 5608 3165 5664 ad
3187 5610 3292 5664 duo
3333 5608 3419 5664 illa
3449 5608 3588 5664 forte

2018 5708 2285 5773 pertinent
2314 5706 2537 5770 minuta,
2558 5720 2675 5774 quae
2705 5705 2898 5759 mulier
2927 5704 2978 5759 in
3006 5703 3441 5775 gazOphylacium
3465 5702 3589 5757 mit-

2019 5806 2156 5862 tcus,
2183 5797 2506 5867 plenissimte
2536 5796 2916 5857 misericordia:
2948 5796 3199 5868 probatur
3216 5808 3435 5851 munera
3459 5808 3599 5884 coqa‘
