4078 6342
503 289 612 350 955
1705 283 1778 340 ﬂ.
1817 277 2096 338 AURELII
2131 277 2528 338 CASSIODORI
3667 275 3774 336 9.56

500 409 684 462 secuta
715 399 932 474 (Matth.
965 414 1076 468 ut,
1107 395 1188 470 2).
1219 395 1310 454 Sic
1341 405 1398 454 et
1429 409 1548 464 nos,
1583 393 1628 452 si
1657 395 1910 452 virtutem
1941 393 2080 462 psal-
2099 395 2158 456 Α
2183 407 2360 454 zatum
2395 395 2678 456 Christum
2709 395 2990 452 Dominum
3015 397 3210 452 mansit
3241 393 3422 468 (Joan.
3453 409 3496 460 t,
3525 395 3642 464 32),
3681 395 3776 468 qui

501 489 1345 562 morumistornmpiismentibus
1363 483 2078 554 hauriamus,rcmissionem
2181 501 2264 554 est
2299 499 2460 562 caput
2515 491 2764 562 corporis
2813 489 3088 556 Ecclesiae,
3119 488 3454 554 cruciﬁxum,
3497 487 3657 542 tertio
3687 485 3778 544 die

501 587 740 644 omnium
765 585 1084 656 διιεείρίωιιε
1115 591 1476 652 litteratorum.
1511 580 1604 636 Ille
1631 581 1776 640 enim
1802 581 1866 634 ad
1899 578 2082 636 laudes
2181 586 2518 650 suscitatum,
2547 585 2690 656 quod
2715 582 2958 640 ascendit
2991 585 3040 639 in
3065 585 3250 650 oculos,
3281 593 3334 638 et
3363 581 3520 638 sedet
3537 583 3604 638 ad
3637 581 3776 640 dex-

501 676 712 736 Domini
741 677 958 748 invitat,
991 677 1090 732 iste
1121 675 1368 730 hortatur
1393 673 1458 728 ad
1487 671 1716 742 proximi
1741 671 2078 728 charilatcm.
2181 691 2348 736 [cram
2375 679 2572 734 Patris,
2603 676 2876 750 Sequitur,
2907 677 3046 748 quod
3077 677 3338 732 de.-.cettdit
3383 677 3440 730 in,
3467 675 3700 740 barbam,
3721 675 3776 730 id
3839 707 3844 712 -

1033 766 1306 836 Exthsitt’o
1335 765 1544 838 psalmi.
2181 783 2264 830 est
2291 773 2526 844 Spiritus
2579 787 2640 827 sa

2181 783 2264 830 est
2291 773 2526 844 Spiritus
2579 781 2819 837 sanctus,
2851 771 2942 840 qui
2971 785 3134 840 supra
3177 769 3448 840 apostolos
3485 767 3779 824 inmstima-

570 861 727 920 νοτεο
759 861 812 916 1ο
843 859 978 916 EC“
1003 877 1158 932 quam
1186 861 1370 914 bonum
1399 867 1444 912 εί
1481 873 1636 928 quum
1673 855 1962 928 ,ἱπωιάνηι
1987 851 2084 906 Im"
2183 865 2275 922 bili
2299 865 2556 936 potentia)
2583 879 2698 920 sum
2727 863 2928 918 virtute
2947 858 3226 916 descendit
3251 861 3388 930 (Act.
3419 859 3578 930 ιινῑ),
3607 875 3780 930 quan-

501 955 658 1008 W‘W
687 953 874 1024 ίταίνεδ
917 955 971 1008 ίη
1019 953 1216 1008 "nunt!
1245 951 1400 1018 Εεεει
1431 949 1765 1006 ostendentis
1791 957 1872 1004 εει
1905 947 2082 1018 Ροῑίιιε
2183 959 2254 1014 do
2283 959 2554 1014 nationum
2591 957 2924 1012 diversarum
2965 953 3160 1022 linguis
3189 953 3289 1008 sub
3311 951 3575 1008 varietate
3609 953 3778 1008 locuti

499 1062 657 1117 quam
681 1045 980 1116 loquentis;
1013 1045 1152 1116 quod
1173 1045 1314 1102 solet
1341 1059 1528 1114 magna
1559 1043 1756 1098 mentis
1789 1042 2084 1096 intentione
2185 1061 2328 1106 sunt.
2361 1049 2582 1104 Barbam
2613 1047 2880 1116 siquidem
2913 1047 3052 1104 bene
3070 1044 3298 1102 dit-imus
3323 1045 3621 1114 apostolos,
3647 1061 3782 1114 quo-

499 1147 746 1210 Ρτοιθηῑὲ
773 1139 1098 1204 manilii-erit
1131 1153 1288 1208 quam
1311 1135 1651 1194 sermonibus
1681 1129 2086 1204 υιβιίοεπίοθο-
2185 1143 2326 1198 niam
2377 1143 2492 1198 haec
2539 1141 2926 1196 robustissima:
2979 1135 3248 1192 virilitatis
3277 1135 3530 1192 indicium
3575 1143 3681 1202 est,
3727 1143 3784 1190 et

499 1249 622 1288 Mlti
657 1233 874 1302 respicit
915 1233 982 1286 ad
1023 1231 1368 1298 charilatcm,
1415 1229 1666 1300 quoniam
1721 1225 1938 1297 perfecti
1987 1224 2084 1278 Vll‘i
2185 1235 2292 1290 ﬁxa
2321 1233 2422 1290 sub
2449 1249 2553 1288 suo
2591 1233 2768 1302 capite
2805 1239 3134 1302 perseverat,
3167 1229 3344 1284 Multis
3389 1229 3530 1284 enim
3573 1227 3782 1298 passio-

500 1325 878 1382 communibus
911 1341 970 1380 se
999 1323 1286 1382 hortantur
1307 1323 1590 1392 exemplis.
1617 1329 1670 1376 et
1699 1321 1836 1374 alter
1865 1317 2084 1372 alterius
2187 1327 2342 1382 nibus
2373 1327 2556 1382 divino
2579 1339 2802 1380 munere
2827 1323 3110 1394 superatis,
3143 1321 3372 1394 apostoli
3403 1319 3540 1376 viros
3565 1335 3622 1374 se
3643 1335 3782 1374 con-

501 1419 728 1474 virtutes
780 1417 1060 1484 imitando,
1113 1426 1314 1472 mutuae
1363 1413 1667 1470 dilectionis
1721 1425 1782 1466 se
1837 1407 2086 1464 incendio
2187 1419 2542 1476 mantissimas
2571 1433 2666 1490 per
2695 1417 2786 1472 Dei
2815 1417 3044 1486 gratiam
3075 1414 3772 1486 probaverunt:servanles

501 1509 986 1578 comprehendunt.
1019 1509 1348 1578 Frequenter
1373 1507 1516 1562 enim
1539 1506 1734 1562 bonum
1759 1503 2002 1566 facimus,
2031 1507 2088 1556 et

2189 1515 2348 1572 etiam
2379 1513 2586 1582 regulas
2617 1527 2748 1582 quas
2775 1527 2806 1566 a
2842 1507 3066 1564 Dotnino
3093 1513 3440 1576 acceperunt,
3471 1505 3566 1562 sub
3585 1519 3686 1562 suo
3711 1517 3773 1560 se

503 1603 830 1664 adversitate
855 1603 1024 1658 animi
1053 1601 1396 1658 dissidemus.
1427 1601 1524 1654 Est
1543 1597 1686 1654 enim
1709 1595 1946 1668 perfecta
1975 1593 2086 1648 vir-
2189 1605 2449 1660 mansisse
2475 1601 2651 1672 capite
2683 1609 3137 1656 monstraveram.
3175 1597 3284 1654 Sed
3307 1613 3376 1654 ne
3405 1597 3540 1652 hanc
3567 1593 3784 1648 barbam

503 1703 610 1760 tus,
627 1703 686 1750 ut
713 1695 886 1764 ipsum
919 1695 1114 1748 bonum
1137 1692 1332 1750 debeat
1355 1689 1446 1746 tibi
1477 1689 1688 1758 placere
1709 1687 1850 1758 quod
1871 1684 2084 1742 feceris.

2190 1699 2558 1768 cujuscunque
2605 1693 2840 1750 hominis
2881 1692 3124 1750 fortassis
3167 1693 3502 1758 atlrerteres,
3551 1683 3781 1754 addidit,

503 1787 776 1856 Πυθίωνα.
809 1787 860 1842 id
889 1796 974 1842 εει
1001 1787 1055 1842 ill
1099 1785 1240 1842 bono
1287 1783 1566 1854 ιιτονοείιο
1597 1796 1934 1852 Permanere.
1971 1780 2086 1848 Ipsa
2119 1777 2168 1838 Β
2195 1791 2388 1854 Aaron,
2421 1787 2510 1858 qu‘i
2539 1787 2736 1844 Citriin
2767 1788 3000 1858 speciem
3035 1788 3346 1858 prnifcrcns,
3377 1785 3488 1855 jam
3515 1783 3690 1854 ipsum
3729 1781 3788 1838 in

501 1887 588 1934 θεῖ
613 1877 756 1931 enim
797 1877 1056 1932 habili‘llo
1081 1891 1238 1946 (Ιιιίηη
1275 1875 1532 1930 Dominus
1559 1873 1774 1944 ίιυθετίῐν
1807 1889 1914 1928 ηοῐι
1943 1881 2082 1926 ιθοιίι
2189 1881 2494 1938 sacerdotio
2535 1895 2634 1938 suo
2677 1881 2786 1936 sub
2807 1881 3036 1950 quadam
3087 1879 3468 1950 imaginatione
3511 1876 3782 1944 gestabat.

503 1967 768 2042 Pallelum
800 1983 920 2038 quae
949 1967 1258 2040 εοηεοείίιιιῐ
1297 1981 1546 2036 corpora.
1595 1965 1688 2020 sed
1719 1979 1840 2034 illm
1880 1963 2084 2018 anim-iis
2189 1973 2680 2044 Frequenterenim
2713 1973 2930 2028 nomina
2951 1971 3018 2026 dc
3039 1971 3156 2040 ipso
3181 1971 3498 2028 translatitia
3525 1969 3784 2036 dicimus,

501 2062 750 2134 religiosa
779 2062 1036 2118 socie-tate
1067 2062 1360 2134 couiuusit-
1393 2061 1508 2116 Tali
1545 2061 1686 2116 enim
1727 2057 2083 2128 dictorrolti-
2191 2069 2328 2142 sicut
2381 2069 2662 2134 Salomon,
2697 2067 2890 2130 David,
2947 2069 3176 2122 Samson
3211 2085 3222 2120 ς
3263 2066 3334 2120 ita
3367 2073 3422 2118 et
3469 2064 3556 2118 llic
3583 2063 3780 2118 Aaron.

499 2155 590 2212 bet
621 2155 1101 2222 Circumcelliones,
1139 2157 1226 2224 qui
1272 2155 1486 2210 diversa
1525 2153 1851 2208 monasteria
1899 2151 2088 2205 volun-

2189 2161 2418 2230 Adjecit,
2465 2163 2602 2230 quod
2649 2159 2911 2214 descendit
2937 2159 2992 2212 in
3017 2155 3469 2224 oratnﬁestt'menti
3497 2159 3626 2226 ejus.
3669 2151 3777 2208 Ora

501 2255 610 2302 tate
659 2245 822 2324 455
877 2247 1116 2304 mutabili
1167 2255 1540 2320 pervagantur.
1593 2245 1830 2301 Dicendo
1875 2255 2084 2312 autem.
2187 2253 2469 2310 restituerat
2523 2253 2734 2310 Domini
2783 2249 3074 2308 Salvatoris
3125 2249 3456 2320 signiﬁcatur
3504 2245 3778 2312 Ecclesia,

499 2339 685 2412 fratres
723 2343 776 2396 in
801 2358 978 2406 unum,
1011 2339 1274 2414 signiﬁcat
1301 2357 1394 2398 eos
1435 2341 1523 2412 qui
1557 2339 1680 2394 lidci
1707 2335 1962 2394 societate
1989 2337 2088 2391 sub
2189 2349 2308 2416 quia
2339 2361 2508 2418 usque
2539 2345 2606 2400 ad
2657 2345 3028 2400 extremitates
3057 2327 3174 2412 ejus
3219 2337 3500 2396 descendit
3549 2335 3782 2404 Spiritus

499 2447 606 2494 uno
635 2441 784 2500 patre
811 2443 935 2488 sunt
964 2429 1262 2500 constituti,
1287 2431 1480 2504 quibus
1502 2441 1584 2488 est
1613 2431 1842 2502 (sicutin
1865 2427 2086 2484 Actibus
2189 2449 2430 2506 sant-tus,
2473 2437 2694 2510 quando
2743 2437 3044 2506 baptizatos
3093 2449 3264 2506 usque
3311 2433 3368 2488 in
3409 2433 3568 2488 ﬁnem
3597 2431 3784 2486 saeculi

501 2525 866 2594 apostolorum
921 2525 1140 2596 legitur)
1174 2541 1262 2578 cor
1299 2541 1459 2578 unum
1515 2533 1562 2578 et
1595 2525 1768 2578 anima
1803 2537 1908 2576 uno
1949 2521 2085 2592 (Act.
2189 2531 2578 2590 misericordiae.
2593 2547 2706 2587 sua:
2725 2529 3036 2602 dignatione
3051 2525 3370 2584 sanctiﬁcat.
3393 2525 3512 2594 Ipsa
3537 2531 3620 2580 est
3635 2523 3784 2578 enim

498 2631 570 2682 tv,
603 2616 716 2688 '52).
748 2617 856 2674 Sed
885 2629 940 2674 et
963 2617 1042 2674 illi
1060 2617 1114 2674 in
1142 2635 1250 2674 uno
1285 2619 1550 2690 habitant,
1583 2615 1674 2690 qui
1703 2615 1872 2673 eremi
1901 2615 2089 2670 solitu—
2189 2626 2452 2694 Ecclesia,
2487 2639 2608 2694 quas,
2653 2633 2708 2680 et
2751 2639 2847 2694 per
2891 2621 3126 2678 tunicam
3175 2617 3320 2676 illam
3365 2617 3640 2686 designata
3673 2623 3780 2680 est,

497 2705 650 2764 diues
697 2719 1082 2780 pervagantur;
1131 2709 1220 2779 qui
1265 2709 1510 2782 quamvis
1553 2723 1778 2780 corpore
1807 2707 2088 2762 videantur
2187 2733 2310 2790 quis
2341 2716 2508 2772 dividi
2539 2731 2646 2770 non
2671 2714 2840 2784 potuit
2863 2723 3108 2786 tempore
3135 2711 3422 2781 passionis.
3457 2709 3534 2764 De
3557 2709 3660 2764 hac
3685 2707 3788 2780 igi-

497 2812 618 2854 csse
653 2795 890 2864 discreti,
923 2799 1046 2858 ﬁdei
1087 2809 1264 2856 tamen
1297 2799 1590 2856 concordia
1629 2817 1734 2856 non
1789 2800 2088 2870 probantur

2189 2820 2278 2868 tur
2311 2819 2459 2866 reste
2489 2809 2678 2864 Patres
2713 2808 2884 2862 nostri
2919 2803 3272 2874 spiritualitcr
3298 2809 3352 2858 ct
3385 2799 3602 2870 copiosa
3625 2799 3787 2854 dire-

497 2907 614 2948 0550
639 2893 810 2948 ἀίνῖεί-
839 2893 990 2962 Ουοά
1019 2893 1064 2950 εί
1085 2893 1150 2950 ad
1173 2893 1402 2950 illlel'ilm
1431 2893 1718 2966 ίηῑθιιίεειε,
1753 2895 1892 2950 bona
1919 2907 2004 2950 εει
2027 2903 2082 2950 ει
2189 2913 2332 2966 runt.
2365 2903 2500 2960 Nam
2529 2901 2795 2970 Josepbus
2833 2901 2884 2954 in
2917 2895 3053 2954 libro
3083 2895 3242 2952 ιρι-ῑίο
3283 2889 3666 2963 Antiquitatum
3709 2889 3792 2943 ti-

497 2985 596 3040 ista
629 2985 884 3054 societas,
907 3001 1025 3056 qua:
1053 2985 1273 3042 fratrum
1297 2977 1526 3044 crinibus
1543 2999 1920 3059 congregatur,
1945 2987 2084 3046 sicut
2189 2997 2302 3052 tulo
2349 3007 2559 3062 octavo,
2615 3005 2924 3062 magnarum
2971 3004 3150 3046 rerum
3197 2985 3390 3044 exinde
3433 2991 3782 3038 sacramenta

498 3078 553 3134 in
603 3080 823 3136 Actibus
867 3082 1231 3152 apostolorum
1281 3081 1542 3152 legimus:
1575 3079 1640 3134 Et
1689 3081 2086 3138 distribuebatur
2125 3157 2154 3161 _
2189 3089 2485 3161 patefecit:
2517 3087 2748 3154 probans
2797 3093 3027 3154 quatuor
3071 3081 3284 3138 colores
3331 3093 3536 3144 earum,
3569 3076 3624 3132 id
3667 3083 3786 3144 est,

497 3173 774 3242 unicuique
813 3183 962 3242 prout
1003 3187 1132 3241 Opus
1161 3183 1312 3238 erat;
1353 3189 1442 3226 nec
1483 3173 1618 3226 enim
1657 3173 1856 3226 dicebat
1899 3175 2084 3244 aliquis

2187 3157 2430 3256 byssum,
2461 3195 2770 3252 purpuram,
2803 3177 3148 3250 hyacintltutn
3171 3185 3224 3232 et
3243 3187 3490 3238 coccum,
3507 3171 3787 3228 elementa

499 3263 632 3336 [ed.,
657 3251 1044 3335 aliquid1mum
1075 3265 1342 3334 proprium
1369 3267 1504 3320 inter
1525 3267 1664 3332 illos,
1693 3265 1783 3320 sed
1815 3277 1960 3320 erant
1979 3267 2086 3324 illis
2187 3251 2372 3330 mundi
2404 3251 2794 3328 rationabiliter
2823 3269 3111 3326 indicasse.
3139 3265 3496 3338 Hieronymus
3519 3263 3684 3320 etiam
3709 3261 3786 3319 ad

499 3359 672 3410 omnia
701 3359 990 3412 communia
1011 3357 1258 3428 (Ibidem,
1289 3373 1450 3423 xxxv,
1481 3357 1596 3428 52).
1639 3357 1730 3414 Sic
1757 3367 1933 3414 tamen
1963 3375 2084 3428 pars
2187 3365 2462 3428 Fabiolam
2491 3363 2732 3420 scribens
2759 3361 2956 3432 (Epist.
2993 3359 3139 3432 128),
3173 3367 3228 3415 et
3255 3357 3324 3414 de
3355 3357 3458 3414 bac
3483 3371 3700 3430 quoque
3719 3369 3790 3414 re

495 3447 597 3504 ista
623 3449 946 3518 laudabitur,
975 3449 1022 3506 si
1049 3451 1141 3506 ilia
1167 3449 1328 3504 animi
1355 3449 1640 3506 concordia
1663 3465 1820 3520 quam
1843 3451 2085 3520 superius
2183 3471 2292 3514 non
2319 3457 2524 3514 destitit
2549 3471 2672 3512 esse
2699 3453 2990 3526 proﬁcuus.

495 3539 745 3607 diximus,
797 3557 904 3598 non
955 3549 1198 3616 negetur.
1250 3541 1380 3598 Nam
1423 3553 1483 3599 ut
1525 3543 1662 3598 hanc
1705 3543 2084 3602 adunatidnem
2257 3551 2410 3608 Vers.
2439 3549 2492 3604 5.
2527 3549 2676 3606 Sicut
2697 3563 2782 3602 ros
2811 3545 3058 3608 Harmon,
3081 3545 3169 3616 qui
3189 3543 3458 3598 descendit
3479 3543 3534 3598 in
3560 3551 3786 3598 montem

497 3649 604 3690 non
637 3633 906 3692 mediocre
933 3635 1150 3705 aliquod
1203 3635 1421 3704 bonum,
1471 3633 1569 3690 sed
1611 3633 1938 3704 intelligeres
1963 3651 2084 3694 esse
2187 3643 2342 3702 Sion.
2395 3641 2556 3698 venit
2601 3641 2670 3696 ad
2723 3641 2882 3696 aliam
2927 3637 3098 3694 laudis
3127 3637 3618 3706 comparationem,
3661 3650 3786 3708 qua

499 3725 760 3794 mirabile.
785 3729 884 3784 δαὶ)
911 3729 1150 3802 mysticis
1185 3727 1674 3800 comparationibus
1717 3745 1888 3800 usque
1925 3731 1996 3786 ad
2023 3731 2086 3786 ίὶ·
2185 3739 2380 3794 iterum
2409 3735 2570 3800 (sicut
2613 3731 2776 3804 solet)
2809 3730 3200 3804 signiﬁcatione
3231 3731 3512 3786 nominum
3537 3729 3786 3802 ingentia

497 3839 642 3892 nem,
672 3823 788 3880 laus
819 3837 936 3880 eam
965 3821 1124 3896 digna
1161 3823 1519 3896 prosequitur,
1557 3833 1614 3878 ut
1639 3837 1726 3880 res
1755 3823 2084 3894 prctiosissi-
2177 3827 2342 3888 nobis
2361 3839 2554 3882 arcana
2587 3825 2862 3896 patefacit.
2895 3821 3002 3878 Ras
3025 3833 3110 3880 est
3131 3821 3308 3880 tenuis
3329 3838 3392 3878 ac
3411 3821 3544 3878 levis
3565 3821 3780 3892 pluvia,

497 3933 583 3974 ma
611 3931 732 3973 cum
759 3915 839 3972 sui
871 3915 1124 3987 praeconii
1151 3915 1320 3988 gratia
1347 3917 1686 3988 iungeretur.
2187 3933 2292 3976 non
2333 3933 2432 3988 per
2451 3927 2627 3988 guttas
2653 3917 2900 3984 veniens,
2931 3915 3026 3972 sed
3055 3931 3148 3986 per
3173 3915 3428 3984 quasdam
3459 3913 3778 3968 minutissi-

567 4009 724 4066 Vers.
751 4009 808 4068 2.
841 4009 988 4066 Sicut
1017 4021 1334 4082 unguentum
1363 4011 1414 4064 in
1443 4011 1628 4082 capite,
1657 4009 1798 4082 quod
1829 4011 2086 4066 descendit
2185 4027 2302 4068 mas
2345 4019 2524 4080 partes
2569 4007 2822 4064 duritiam
2869 4011 3098 4066 terrente
3147 4005 3407 4062 ariditatis
3451 4001 3784 4060 infundens.

493 4101 550 4156 in
581 4101 806 4164 barbam,
839 4101 1048 4156 barbam
1073 4101 1270 4172 Aaron,
1295 4103 1428 4172 quod
1461 4103 1724 4156 descendit
1763 4103 1816 4156 in
1837 4117 1982 4158 oram
2001 4119 2085 4158 oe-
2187 4103 2288 4162 Per
2311 4103 2452 4160 hunc
2479 4111 2674 4158 cuncta
2701 4101 3057 4172 germinantia
3081 4101 3414 4166 coalescunt,
3433 4107 3490 4154 et
3513 4099 3568 4153 in
3597 4099 3796 4156 varios

495 4193 718 4248 stimenti
747 4195 882 4266 ejus.
915 4191 1106 4264 Incipit
1133 4193 1426 4264 superioris
1451 4209 1640 4250 versus
1679 4209 1778 4265 per
1801 4209 2080 4266 compara-
2185 4199 2323 4254 fetus
2373 4197 2782 4268 temperationis
2831 4177 3052 4252 munere
3095 4193 3486 4266 perducuntur.
3545 4190 3798 4246 Hermon

493 4285 669 4342 tiones
715 4285 1094 4344 subtilissimas
1145 4287 1283 4343 facta
1323 4287 1636 4344 declaratio.
1693 4289 1890 4346 Priscis
1935 4289 2080 4346 enim
2185 4291 2466 4348 Hebraeum
2499 4307 2692 4348 nomen
2717 4300 2802 4346 est
2825 4291 3022 4346 montis
3049 4289 3186 4344 ultra
3225 4287 3522 4344 Jordanem
3551 4285 3800 4340 ﬂuvium

493 4377 828 4447 temporibus
859 4377 944 4432 alii
973 4379 1310 4448 ungebantur
1339 4378 1394 4434 in
1423 4395 1598 4449 reges,
1627 4379 1718 4434 alii
1753 4379 1808 4434 in
1851 4381 2084 4450 prophe-
2185 4383 2486 4452 constituti,
2511 4384 2665 4452 cuius
2688 4381 3064 4452 interpretatio
3087 4381 3252 4450 (sicut
3275 4396 3306 4435 a
3329 4379 3584 4436 Patribus
3619 4375 3806 4434 tradi—

491 4479 596 4536 tas,
629 4467 717 4524 alii
751 4469 806 4524 in
835 4469 1148 4540 pontiﬁcum
1195 4471 1678 4528 reverentissimam
1723 4471 2036 4542 dignitatem
2061 4489 2076 4540 ;
2189 4483 2297 4532 tum
2321 4475 2424 4548 est)
2447 4473 2718 4548 signiﬁcat
2741 4475 3048 4530 anathema.
3079 4471 3184 4526 Ras
3215 4485 3346 4542 ergo
3396 4469 3606 4526 montis
3635 4469 3810 4526 istius

493 4561 584 4632 qui
613 4571 794 4618 tamen
817 4557 1218 4618 similitudinem
1247 4563 1662 4635 pronuntiabant
1685 4561 1894 4618 Domini
1923 4564 2081 4620 Chri-
2101 4549 2158 4612 Ῑ)
2183 4565 2428 4624 nutriens
2483 4575 2817 4636 peccatores,
2867 4565 2958 4636 qui
2997 4565 3098 4620 sub
3131 4563 3500 4620 anatltematis
3529 4577 3812 4620 exsecra-

494 4655 583 4720 sti,
613 4655 748 4712 sicut
767 4665 820 4712 et
848 4655 948 4711 alia
969 4657 1134 4712 multa
1157 4673 1278 4728 qua:
1299 4655 1407 4710 illis
1433 4656 1764 4727 temporibus
1787 4657 2082 4728 ﬁguraliter
2181 4661 2328 4716 tione
2345 4659 2653 4730 iacuerunt,
2677 4658 2940 4713 descendit
2961 4657 3016 4712 in
3037 4667 3258 4712 montem
3283 4655 3438 4722 Sion,
3471 4653 3702 4726 quando
3725 4653 3812 4712 ad

493 4749 804 4820 agebantur.
823 4747 1060 4804 Veniens
1079 4759 1256 4805 autem
1283 4747 1628 4804 invisibiliter
1650 4759 1704 4806 et
1729 4748 2084 4820 incorporali-
2173 4755 2552 4812 conversionis
2581 4754 2881 4810 remedium
2933 4753 3162 4808 Domino
3201 4751 3468 4824 largiente
3519 4765 3816 4820 pervetus

494 4853 576 4900 ter
601 4855 792 4902 unctus
821 4853 908 4900 est
935 4841 1190 4898 Dominus
1227 4841 1496 4898 Christus.
1527 4841 1796 4898 Ceterum
1829 4857 2082 4912 corpora-
2181 4848 2312 4906 rint.
2341 4847 2472 4904 Sion
2493 4847 2636 4902 enim
2661 4845 2930 4918 signiﬁcat
2959 4845 3258 4902 Ecclesiam
3283 4841 3644 4908 catholicam,
3669 4857 3818 4912 quae

487 4937 616 4992 liter
647 4947 838 4992 unctus
869 4935 1034 4992 fuisse
1065 4951 1172 4992 non
1199 4935 1390 5006 legitur
1415 4935 1530 4991 Rex
1553 4935 1924 5005 omnipotens,
1953 4935 2084 4992 Pro-
2189 4941 2378 5010 reeipit
2405 4947 2614 5012 gentes,
2641 4953 2764 5010 quin
2807 4945 2964 4996 erant
3007 4937 3108 4992 sub
3145 4935 3508 4990 anatltematis
3537 4931 3818 5002 periculo

493 5029 654 5098 pheta
692 5027 970 5096 mirabilis.
1003 5025 1252 5084 Pontifex
1277 5035 1534 5095 aeternus,
1563 5025 1656 5098 qui
1679 5041 1740 5084 se
1769 5027 2082 5084 immacula-
2187 5033 2512 5090 constitutae.
2539 5033 2762 5101 Quaeras
2783 5031 3006 5088 forsitan
3029 5044 3196 5100 quare
3221 5027 3442 5094 dixerit,
3457 5027 3550 5098 qui
3573 5027 3822 5083 descen-

493 5127 606 5176 tutn
641 5133 738 5190 pro
777 5121 1148 5192 peccatoribus
1193 5119 1388 5176 obtulit
1415 5117 1826 5176 immolandum.
1873 5119 1951 5176 De
1975 5119 2082 5177 isto
2187 5127 2300 5192 dit,
2323 5125 2454 5182 dum
2487 5124 2660 5194 magis
2679 5123 2862 5180 dicere
2889 5121 3171 5192 potuisset,
3211 5117 3460 5176 ascendit
3485 5133 3502 5172 :
3525 5117 3822 5188 quoniam

493 5222 672 5266 autem
703 5219 976 5282 unguento
997 5210 1442 5282 quadragesimus
1469 5219 1692 5282 quartus
1725 5211 1964 5282 psalmus
1991 5211 2080 5268 di-
2185 5215 2254 5272 ad
2299 5216 2523 5272 meliora
2569 5213 2862 5270 translatus
2889 5219 2992 5268 est.
3033 5209 3144 5266 Sed
3173 5223 3302 5264 usus
3329 5207 3430 5264 iste
3477 5209 3824 5266 communis

493 5301 602 5356 cit:
637 5297 920 5373 Propterea
953 5303 1096 5356 unxit
1137 5311 1186 5356 te
1227 5301 1362 5356 Dm
1413 5299 1554 5356 Dm
1581 5311 1702 5356 tum
1725 5303 1840 5356 oleo
1885 5301 2082 5358 lwtitial
2183 5307 2478 5366 estdicere
2515 5307 2584 5364 de
2625 5305 2712 5362 Itis
2743 5304 2832 5374 qui
2861 5303 2928 5358 ad
2957 5299 3318 5370 cognitionem
3343 5297 3586 5370 aliquam
3631 5299 3830 5359 tarde

495 5409 602 5462 prta
633 5393 950 5448 consortibus
987 5395 1086 5450 tuis
1113 5393 1288 5462 (Paul.
1327 5413 1470 5462 xuv,
1519 5395 1599 5466 8).
1641 5397 1796 5465 Quod
1821 5397 1868 5452 si
1902 5399 2079 5456 adhuc
2185 5399 2316 5472 [od..
2369 5395 2656 5468 trahendo]
2711 5395 2932 5452 veniunt
2969 5411 2984 5448 :
3019 5389 3310 5450 Descendit
3357 5389 3428 5446 ad
3469 5389 3826 5466 veritatem,

493 5483 794 5538 evidentius
821 5499 1030 5553 qnteras
1073 5483 1198 5554 quid
1221 5485 1290 5540 sit
1327 5487 1474 5544 istud
1519 5489 1698 5544 oleum
1733 5487 1956 5556 laetitiae,
1985 5501 2079 5546 aut
2181 5491 2464 5548 descendit
2490 5491 2558 5546 ad
2594 5489 2885 5560 justitiam;
2919 5485 3104 5558 utique
3127 5483 3280 5556 quasi
3303 5481 3374 5540 de
3407 5481 3654 5538 culmine
3707 5483 3830 5544 illo

493 5585 814 5646 unguentum
839 5575 1130 5644 spirituale,
1159 5593 1262 5632 non
1291 5579 1387 5634 abs
1411 5593 1470 5634 re
1491 5589 1574 5636 est
1607 5579 1740 5635 illud
1769 5579 2073 5650 advertere,
2181 5583 2446 5654 superbire
2467 5581 2796 5654 perueniunt
2811 5579 2876 5634 ad
2899 5580 3108 5648 planam
3127 5575 3469 5646 lucidamque
3485 5573 3828 5635 rationem.

475 5667 708 5740 quando
749 5667 978 5740 Spiritus
1013 5681 1230 5727 sanctus
1255 5671 1554 5728 secundum
1587 5671 1876 5730 lectionem
1915 5691 2078 5732 evan-
2183 5677 2296 5732 lloe
2343 5685 2428 5730 est
2467 5673 2610 5732 enim
2656 5687 2834 5728 rorem
2877 5670 2948 5728 de
2993 5669 3228 5726 llcrmou
3257 5665 3324 5722 ad
3353 5675 3598 5722 ruentem
3655 5667 3834 5732 Sion

471 5763 718 5840 taedam
741 5761 802 5824 in
833 5763 1097 5822 columbae
1123 5762 1304 5838 specie
1325 5763 1682 5842 descendens,
1713 5781 1874 5840 supra
1895 5767 2074 5842 bapti-
2179 5765 2536 5836 descendere,
2567 5773 2756 5840 gentes
2777 5763 2848 5824 de
2871 5759 3163 5840 impietatis
3185 5757 3314 5824 sede
3337 5757 3408 5820 ad
3425 5755 3838 5832 beatitudini.

2095 5849 2130 5870 Ἀ
