4078 6342
252 344 356 404 357

1143 337 1502 395 EXPOSITIO
1536 337 1604 393 IN
1643 336 2101 395 PSALTERIUM.
2142 338 2336 397 PSAL.
2377 338 2660 396 CXXXIII.

252 472 467 517 ammua
518 452 770 512 transire.
830 453 943 511 Hoc
992 462 1074 510 est
1120 454 1264 524 quod
1309 466 1364 510 et
1400 469 1587 510 versus
1638 453 1842 524 primus
1870 457 1922 516 Λ
1947 462 2102 510 tenus
2127 456 2308 512 fideles
2337 457 2483 512 viros
2513 458 2744 526 perfecta
2766 455 3007 526 operatio
3031 465 3430 528 eomequatnr;
3465 469 3523 518 et

253 551 498 609 edixerat
523 568 535 603 :
563 547 696 603 Ecce
712 563 869 619 quam
903 547 1089 603 bonum
1128 555 1179 603 et
1207 563 1359 617 quam
1376 546 1671 619 jucundum
1693 546 1840 601 habi-

216 708 223 713 ,
252 656 364 701 tare
386 648 573 714 fratres
597 644 652 696 in
678 642 879 697 unum!

326 735 485 791 Vers.
511 736 568 790 4.
612 734 871 800 Quoniam
905 734 1019 789 illic
1054 734 1316 790 mandauit
1361 734 1613 792 Dominus
1638 735 1843 791 benedi-

252 829 471 884 ctionem
510 835 559 882 et
586 828 741 883 vitam
768 843 929 897 usque
957 826 1009 883 in
1046 827 1314 882 secutum.
1373 826 1514 894 Illic,
1555 826 1609 882 in
1659 834 1841 882 monte

252 922 465 977 scilicet
488 920 642 988 Sion,
664 920 720 974 id
749 929 834 975 est
858 919 1130 985 Ecclesiae,
1165 936 1284 990 qua:
1312 919 1538 977 fratrum
1560 920 1842 976 adunatio-

222 1029 320 1079 ne
351 1012 625 1081 consistit,
682 1012 942 1065 mandarit
986 1013 1404 1080 benedictionem,
1445 1014 1546 1067 lioc
1573 1022 1674 1078 est,
1700 1011 1843 1067 misit

255 1105 547 1161 Dominum
587 1103 944 1172 Salvatorem,
997 1106 1087 1174 qui
1133 1106 1468 1162 credentium
1516 1103 1622 1160 vita
1665 1118 1747 1162 est
1789 1115 1843 1161 et

256 1205 532 1261 beatitudo
558 1216 836 1275 perpetua.
870 1204 1064 1260 Verum
1101 1204 1203 1261 hoc
1236 1204 1431 1261 montis
1462 1220 1657 1261 nomen
1698 1219 1843 1273 saepe

255 1298 496 1354 diximus
525 1299 801 1354 caelestem
834 1298 979 1353 illam
1008 1298 1308 1354 Jerusalem
1336 1299 1659 1367 significare,
1690 1299 1842 1365 cujus

258 1398 315 1445 ct
340 1389 457 1445 haec
486 1399 694 1444 terrena
728 1398 905 1458 portat
936 1390 1246 1471 imaginem.
1292 1389 1407 1457 Ipsa
1439 1399 1521 1445 est
1550 1390 1694 1443 enim
1723 1402 1841 1458 qua

255 1481 422 1535 vitam
447 1481 686 1536 continet
714 1480 834 1536 sine
863 1482 988 1545 line,
1011 1496 1129 1550 qua:
1158 1482 1408 1550 gaudium
1433 1482 1554 1538 sine
1577 1482 1843 1537 intermis-

258 1573 443 1638 sione;
492 1582 547 1627 et
576 1572 718 1641 quod
752 1588 911 1628 omne
936 1588 1105 1642 genus
1136 1572 1403 1628 felicitatis
1431 1574 1666 1639 excedit,
1693 1589 1718 1625 a
1745 1587 1841 1628 suo

259 1662 523 1719 beneficio
551 1664 756 1734 regitur
776 1675 828 1719 et
858 1664 1159 1733 possidetur
1179 1673 1417 1719 auctore.
1448 1664 1682 1719 Dit'ClIdO
1698 1666 1839 1720 enim

230 1754 387 1819 illic,
440 1753 528 1810 ubi
574 1754 861 1810 concordia
893 1754 1189 1824 signiﬁcata
1231 1764 1315 1811 est
1344 1756 1666 1822 ostenditur,
1716 1758 1838 1827 quia

1945 546 2033 601 hic
2061 548 2334 604 imitentur
2358 551 2830 620 suavilatem,qu:c
2862 551 2914 604 in
2938 550 3027 604 illa
3046 550 3219 619 patria
3247 552 3299 606 In
3321 553 3524 611 sanctis

1942 641 2184 697 creditur
2214 645 2477 698 mentibus
2525 660 2646 701 esse
2675 660 2943 700 mansura.
2999 646 3223 716 Dignum
3265 657 3347 703 est
3378 649 3524 705 enim

1945 743 2001 788 ut
2025 733 2321 790 benedictio
2346 736 2419 789 illi
2451 737 2803 805 persolvatur,
2834 737 2897 791 ad
2924 752 3082 803 quem
3109 754 3322 795 summo
3346 740 3526 797 studio

1943 834 2154 880 Constat
2207 840 2511 882 ascensum.
2541 828 2693 883 Nunc
2740 828 2809 883 de
2853 829 3020 897 ipsius
3061 830 3295 885 mandati
3328 832 3525 886 virtute

1946 916 2280 972 tractandum
2333 927 2437 984 est,
2484 928 2543 973 ut
2597 919 2866 974 intellecta
2922 921 3187 975 sententia
3240 921 3524 977 utilitatem

1946 1007 2099 1062 nobis
2127 1009 2295 1077 possit
2339 1014 2550 1077 aperire
2590 1010 2851 1065 discussa.
2886 1009 3217 1079 Praeceptum
3246 1021 3329 1067 est
3354 1015 3523 1084 enim,

1947 1100 2140 1173 Diliges
2171 1101 2445 1156 Dominum
2483 1103 2646 1157 Deum
2686 1110 2831 1157 tuum
2854 1119 2916 1157 ea:
2946 1112 3048 1157 toto
3072 1105 3222 1157 corde
3247 1112 3358 1171 tuo,
3386 1115 3431 1159 et
3462 1122 3527 1160 ea;

1947 1198 2052 1245 tota
2081 1193 2255 1245 anima
2284 1204 2391 1256 tua,
2443 1204 2489 1247 et
2519 1211 2583 1248 ea:
2626 1202 2732 1247 tota
2773 1196 2956 1248 virtute
2984 1204 3094 1263 tua,
3141 1204 3187 1248 et
3240 1198 3530 1263 proximum

1946 1292 2088 1339 tuum
2141 1285 2268 1339 sicut
2318 1287 2551 1355 teipsum.
2606 1285 2670 1339 In
2718 1287 2800 1341 hic
2842 1287 2982 1341 enim
3023 1288 3223 1342 duobus
3259 1292 3525 1359 pra’ceptit

1947 1386 2049 1433 tota
2073 1380 2154 1433 lca:
2182 1381 2387 1448 pendet,
2411 1391 2456 1434 et
2485 1382 2740 1451 propheta:
2765 1380 2976 1450 (Matth.
3010 1397 3135 1447 xm,
3170 1382 3259 1446 37,
3291 1381 3375 1445 '59,
3412 1381 3525 1452 40).

1948 1472 2273 1528 Admiranda
2302 1473 2605 1542 complexio
2629 1473 2680 1526 in
2711 1489 2816 1526 uno
2848 1472 3024 1541 capite
3065 1473 3267 1539 dicere,
3298 1473 3438 1542 quod
3469 1473 3525 1527 in

1946 1563 2242 1632 Seripturis
2268 1564 2470 1618 sanctis
2494 1562 2667 1633 poSsis
2708 1564 2955 1618 omnibus
2980 1566 3250 1620 invenire!
3281 1564 3410 1618 Nam
3436 1564 3527 1633 qui

1946 1658 2115 1712 Deum
2144 1674 2209 1713 ex
2240 1666 2351 1711 toto
2392 1657 2577 1725 corde,
2607 1672 2674 1712 ex
2718 1665 2826 1711 tota
2853 1657 3054 1720 animo,
3085 1672 3152 1710 ex
3189 1665 3297 1711 tota
3330 1659 3527 1713 virtute

1946 1750 2136 1821 diligit,
2188 1753 2359 1808 locum
2411 1752 2557 1807 vitiis
2587 1769 2692 1807 non
2738 1753 3007 1821 relinquit.
3045 1752 3139 1808 Ubi
3180 1753 3325 1808 enim
3366 1754 3529 1809 intret

264 1845 602 1901 discordibus
651 1845 957 1902 benedictio
988 1848 1130 1901 nulla
1164 1855 1471 1916 praestatur.
1505 1846 1666 1903 Vides
1712 1864 1839 1902 con—
1870 1846 1919 1908 Β
1947 1843 2141 1906 Scelus,
2174 1858 2294 1898 cum
2320 1843 2432 1899 Deo
2460 1852 2603 1899 totus
2630 1853 2921 1913 occupatus
2942 1851 3027 1898 est
3055 1844 3302 1898 animus?
3338 1844 3530 1898 Diabo-

252 1940 501 2012 gregatiu
531 1940 617 1995 illa
649 1940 844 2010 quibus
875 1939 1337 2005 similitudinibus,
1369 1949 1425 1995 et
1452 1952 1646 2011 quanta
1678 1940 1847 1996 admi-

260 2033 471 2087 ratione
516 2030 727 2086 laudata
772 2031 879 2098 sit;
912 2040 971 2085 ut
1021 2032 1200 2087 nullus
1247 2029 1458 2086 dubitet
1496 2030 1682 2099 ingens
1726 2046 1847 2087 esse

261 2126 488 2194 donum,
535 2126 748 2196 quando
790 2126 858 2180 ab
903 2124 1023 2195 ipso
1069 2125 1318 2181 laudatur
1356 2125 1447 2196 qui
1494 2126 1718 2181 daturus
1764 2135 1847 2180 est

263 2221 569 2288 praemium.
600 2218 1056 2275 Considerandum
1089 2229 1170 2275 est
1203 2222 1365 2276 etiam
1395 2219 1844 2287 quemadmodum

264 2322 378 2361 uno
399 2321 584 2372 sensu,
623 2323 725 2362 una
757 2306 1127 2377 complexione
1154 2307 1390 2377 psalmus
1420 2310 1521 2361 iste
1550 2309 1850 2363 cucurrerit

266 2398 438 2470 [mss.,
490 2397 863 2469 concurrerit].
909 2399 1063 2467 Quod
1114 2401 1331 2456 schema
1377 2401 1573 2456 dicitur
1603 2401 1842 2472 hyrmos,

267 2490 487 2560 quando
508 2490 677 2546 series
704 2490 959 2546 orationis
990 2501 1231 2548 tenorem
1262 2508 1417 2547 suum
1444 2507 1608 2563 usque
1631 2492 1697 2546 ad
1724 2494 1850 2547 ulti-

264 2597 409 2635 mum
433 2592 613 2637 servat
641 2602 653 2635 :
687 2584 899 2639 ubi'nec
926 2600 1151 2653 persona
1182 2585 1306 2651 alia,
1342 2601 1441 2640 nec
1471 2600 1631 2639 causa
1674 2595 1849 2640 muta-

248 2680 375 2741 ftur,
408 2688 567 2743 quam
593 2674 704 2744 jam
735 2683 791 2731 et
814 2676 866 2731 in
894 2677 1190 2732 centesimo
1214 2676 1425 2732 decimo
1454 2686 1611 2732 sexto
1642 2677 1849 2747 psalmo

267 2775 485 2837 propter
507 2765 885 2823 indivisibilem
918 2778 1121 2824 textum
1153 2770 1395 2839 posuisse
1423 2769 1810 2838 dignoscimur.

706 2884 872 2957 456
894 2883 1164 2940 Conclusio
1195 2886 1399 2954 psaimi.

248 2976 259 2979 Α
336 2995 561 3055 Ostensa
590 2995 746 3052 nobis
767 3004 850 3052 est
870 2997 1087 3051 unitatis
1111 2997 1333 3061 utilitas,
1358 2995 1688 3051 declaratum
1717 2994 1847 3066 quid

246 3080 535 3144 fraternus
562 3097 823 3159 praestare
849 3087 1017 3158 possit
1048 3088 1289 3143 affectus.
1313 3088 1601 3156 Diligamus
1630 3087 1848 3142 fratrem

267 3189 517 3251 tanquam
548 3194 686 3247 nos;
736 3194 977 3234 amemus
1009 3179 1290 3234 Dominum
1323 3193 1483 3248 supra
1512 3192 1627 3243 nos,
1660 3187 1719 3231 ut
1748 3177 1846 3233 ista

267 3365 711 3437 perfectissimam
743 3364 1080 3420 charitatem.
1108 3364 1239 3419 Nam
1270 3364 1395 3434 quid
1418 3362 1705 3432 jucundius
1729 3378 1849 3421 esse

266 3467 446 3529 potest
497 3472 655 3528 quam
708 3455 794 3511 liic
846 3454 1040 3510 imitari
1094 3454 1233 3519 quod
1280 3455 1333 3509 in
1366 3454 1456 3510 illa
1497 3454 1648 3509 beata
1681 3456 1849 3523 patria

260 3534 479 3603 summo
522 3562 745 3603 munere
794 3555 1005 3602 constat
1052 3546 1315 3602 attribui?
1350 3546 1609 3601 Ferantur
1637 3547 1721 3600 hic
1761 3545 1850 3617 qui

267 3641 342 3697 ibi
374 3641 532 3696 nimis
555 3640 765 3695 amandi
796 3648 940 3694 sunt.
990 3639 1101 3693 Huc
1140 3639 1504 3705 monasteriis,
1536 3640 1640 3693 hoc
1666 3634 1853 3693 Eccle-

268 3735 382 3801 siis,
417 3732 517 3790 hoc
544 3734 869 3798 civitatibus,
903 3732 1002 3787 hoc
1032 3733 1195 3801 villis,
1221 3733 1320 3786 hoc
1350 3733 1544 3787 eremis
1569 3747 1691 3787 esse
1717 3749 1854 3800 prae-

254 3808 524 3881 ”dicatum.
560 3824 745 3881 Nullus
795 3826 938 3879 enim
968 3826 1034 3879 ab
1085 3825 1182 3879 ista
1216 3823 1548 3880 fraternitate
1578 3823 1849 3891 dividitur,

267 3915 361 3986 qui
406 3915 652 3973 affectum
686 3928 885 3972 sancta
929 3916 1207 3987 religionis
1256 3916 1456 3971 habere
1502 3926 1851 3973 monstratur.

258 3989 375 4065 'Sed
426 4023 526 4064 nec
569 4008 699 4063 illud
733 4009 1091 4064 indiscussnm
1124 4008 1531 4077 relinquendum
1575 4020 1677 4075 est,
1710 4009 1852 4078 quod

262 4086 359 4152 'liic
386 4097 557 4169 primo
580 4099 814 4153 cbaritas
844 4099 1057 4169 ponitur
1083 4099 1327 4161 fratrum,
1366 4106 1420 4153 et
1450 4107 1567 4167 post
1610 4099 1854 4167 sequitur

267 4189 452 4245 divina
483 4190 720 4257 dilectio,
754 4190 879 4245 dum
932 4189 984 4244 in
1009 4190 1259 4244 mandato
1287 4190 1516 4258 primum
1549 4189 1723 4243 locum
1776 4197 1855 4245 te-

269 4292 393 4337 neat
418 4300 430 4336 :
453 4281 650 4354 Diliges
683 4283 957 4336 Dominum
984 4282 1149 4335 Deum
1178 4291 1320 4334 tuum
1344 4298 1404 4334 ex
1435 4288 1538 4334 toto
1566 4280 1717 4334 corde
1742 4290 1848 4348 tuo,

268 4380 315 4427 et
342 4388 406 4427 ex
427 4380 535 4427 tota
578 4372 750 4426 anima
780 4380 871 4426 tua
907 4370 1083 4442 (Deut.
1117 4387 1189 4439 Vl,
1218 4370 1272 4441 5)
1300 4388 1314 4437 ;
1349 4381 1403 4425 ει
1429 4380 1550 4441 post
1592 4372 1850 4439 sequitur,

266 4454 315 4523 ct
352 4465 644 4535 proximum
695 4477 836 4520 tuum
866 4468 996 4521 sicut
1046 4469 1259 4535 teipsum
1293 4464 1507 4535 (Matth.
1554 4481 1688 4530 xxu,
1735 4465 1849 4537 57).

269 4558 442 4615 Ilabet
473 4558 575 4614 hoc
605 4560 936 4615 consuetudo
962 4558 1287 4624 docentium,
1328 4567 1387 4611 ut
1415 4572 1509 4625 pro
1536 4557 1849 4625 explicanda

1947 1936 2031 1990 lus
2061 1936 2204 1991 enim
2246 1937 2489 1992 vacantia
2532 1937 2823 2005 desiderat,
2866 1936 3063 1991 nudata
3111 1936 3402 2006 perquirit;
3433 1935 3529 1992 sed

1946 2028 2037 2081 ubi
2066 2028 2232 2083 Deum
2261 2037 2581 2098 praesentem
2614 2030 2835 2098 reperit,
2871 2028 2969 2083 sub
2997 2043 3187 2099 magna
3214 2027 3530 2084 confusione

1946 2122 2196 2178 discedit.
2230 2123 2302 2178 Ita
2340 2123 2387 2177 si
2439 2123 2603 2179 Deum
2632 2130 2741 2179 toto
2768 2123 2931 2179 corde
2962 2123 3252 2193 diligimus,
3304 2122 3530 2192 ejusque

1946 2231 2047 2271 nos
2080 2218 2331 2283 potestati
2362 2215 2649 2271 aﬂ‘ectuosa
2680 2217 2966 2273 devotione
3008 2216 3395 2282 contradimus,
3434 2229 3531 2269 nec

1950 2306 2124 2361 locum
2150 2308 2321 2374 culpis
2348 2307 2476 2364 dare
2505 2323 2809 2377 possumus,
2833 2310 2959 2364 etin
2988 2308 3085 2363 viis
3112 2324 3325 2377 semper
3346 2310 3535 2362 rectis-

1948 2398 2099 2451 simis
2132 2398 2492 2452 ambulamus.
2533 2399 2753 2455 Vascula
2805 2403 2916 2470 ipsa
2960 2416 3079 2455 cum
3124 2402 3301 2469 aliquo
3324 2402 3532 2470 liquore

1949 2488 2105 2556 plena
2136 2496 2282 2553 sunt,
2312 2487 2809 2558 supervenienlium
2842 2500 3123 2561 augmenta
3147 2506 3255 2546 non
3280 2491 3529 2561 capiunt:

1951 2578 2023 2633 ita
2058 2595 2155 2634 nos
2181 2581 2227 2636 si
2259 2581 2441 2636 divina
2471 2581 2707 2638 cbaritas
2737 2593 2878 2639 totos
2903 2585 3128 2654 repleat,
3162 2600 3269 2639 non
3296 2585 3402 2640 erit
3429 2601 3534 2654 quo

1950 2669 2152 2725 crimen
2199 2672 2448 2729 introeat.
2501 2673 2777 2743 Sequitur,
2813 2684 2859 2731 ct
2904 2677 3199 2744 proximum
3226 2687 3372 2730 tuum
3406 2677 3538 2731 sicut

1951 2766 2188 2833 tripsum.
2240 2764 2543 2820 Proximum
2591 2766 2863 2838 diligimus
2911 2771 3048 2824 sicut
3086 2771 3364 2840 nosipsos,
3413 2784 3536 2825 cum

1950 2860 2084 2914 nulli
2138 2860 2333 2914 malum
2374 2860 2621 2926 facimus,
2657 2864 2750 2916 sed
2785 2876 2978 2916 omnes
3020 2863 3183 2918 simili
3215 2871 3273 2917 ut
3302 2871 3537 2917 nosmet-

1951 2949 2096 3019 ipstis
2149 2950 2435 3005 affectione
2483 2960 2799 3007 tractamus.
2829 2951 3039 3007 Nullius
3068 2953 3211 3008 enim
3242 2953 3538 3023 acquiescit

1949 3039 2248 3110 ingenium,
2297 3051 2388 3096 aut
2431 3042 2664 3111 pericula
2708 3043 2808 3098 sibi
2844 3044 3160 3099 calamitatis
3189 3057 3399 3115 Optare,
3443 3053 3537 3099 aut

1954 3131 2155 3187 dolosis
2203 3131 2411 3187 insidiis
2456 3134 2592 3189 velle
2633 3134 2911 3201 concludi;
2960 3136 3054 3191 sed
3099 3135 3172 3190 ita
3222 3136 3320 3191 sibi
3350 3150 3539 3193 omnes

252 3222 990 3343 :;;.::;.;",;;;;;m;:;.:;';a
1010 3222 1846 3341 ἧῖέὶὶῗῖιᾉέῖέὲᾶάέᾉῐύῖξηζῖξξέ
1875 3222 1922 3287 ο
1955 3224 3166 3343 ετξτξιίίξξξιξιςξξιξιιεξιέχιειιείέ,ξανέιῖξίειίδυε

1955 3319 2080 3374 Ilaec
2105 3324 2148 3374 si
2174 3320 2225 3375 in
2271 3321 2404 3376 alios
2444 3322 2684 3392 compari
2714 3323 2985 3381 voluntate
3015 3340 3314 3394 servemus,
3346 3328 3389 3382 si
3420 3344 3540 3397 qua

1955 3417 2108 3470 nobis
2142 3416 2379 3484 impendi
2409 3418 2672 3483 volumus,
2720 3419 2970 3480 fratribus
3015 3420 3210 3476 similia
3256 3419 3537 3488 faciamus,

1954 3524 2113 3563 omne
2157 3507 2431 3577 delictum,
2480 3525 2642 3565 omne
2681 3510 2961 3581 ﬂagitium,
3002 3528 3162 3569 omne
3203 3523 3380 3569 cessat
3423 3514 3541 3571 sine

1954 3599 2285 3658 dubitatione
2311 3611 2617 3673 peccatum;
2652 3604 2893 3675 talesque
2932 3620 3171 3674 praesens
3211 3608 3394 3675 regula
3418 3606 3542 3662 red-

1956 3690 2055 3760 dit,
2082 3692 2268 3762 quales
2295 3708 2393 3748 nos
2415 3695 2649 3749 caelestis
2686 3697 2938 3765 magister
2956 3711 3081 3753 esse
3104 3698 3372 3767 praecepit.
3398 3696 3541 3753 Istud

1956 3782 2267 3839 mandatum
2297 3793 2348 3839 et
2378 3782 2547 3841 bonos
2575 3787 2793 3856 angelos
2818 3786 3045 3843 fortasse
3068 3790 3427 3859 amplectitur,
3448 3790 3540 3859 qui

1955 3872 2081 3928 dum
2113 3874 2267 3929 nobis
2304 3876 2478 3946 qualia
2526 3876 2626 3945 ipsi
2672 3877 2947 3946 possident
2972 3881 3254 3946 provenire
3298 3880 3539 3948 cupiunt,

1956 3972 2235 4020 consortes
2259 3980 2356 4020 nos
2378 3976 2593 4021 mlernae
2619 3966 2766 4022 illius
2806 3970 3079 4024 societatis
3109 3970 3410 4040 acquirunt.
3435 3970 3544 4026 Me-

1959 4067 2140 4113 mento
2164 4067 2422 4128 praeterea
2449 4058 2590 4129 quod
2615 4058 2891 4115 cbaritatis
2922 4059 3206 4118 dominicae
3237 4061 3324 4116 hic
3353 4065 3543 4120 tertius

1956 4150 2192 4221 psalmus
2226 4160 2329 4219 est,
2355 4159 2415 4205 ut
2439 4166 2506 4207 ex
2535 4152 2650 4222 ipso
2680 4167 2904 4211 numero
2944 4154 3115 4211 virtus
3144 4156 3313 4227 possit
3339 4165 3540 4213 sancta:

1955 4243 2232 4301 Trinitatis
2262 4243 2500 4315 agnosci.

2540 4355 2738 4413 Divisio
2758 4359 2963 4430 psalmi.

2029 4472 2204 4528 Prima
2254 4480 2406 4545 parte
2455 4473 2644 4530 invitat
2694 4479 2958 4545 propheta
3003 4475 3070 4531 ad
3116 4476 3542 4533 benedicendum

1958 4564 2124 4620 Deum
2166 4583 2180 4620 :
2214 4563 2301 4620 tibi
2332 4566 2524 4635 plurali
2556 4582 2783 4623 numero
2829 4568 3145 4637 praedictam
3190 4570 3399 4640 plebem
3444 4585 3537 4625 co-

267 4652 499 4713 etilitate
529 4667 810 4707 causarum
834 4651 1107 4721 aptissime
1138 4659 1485 4706 convertatur
1520 4649 1653 4705 ordo
1684 4650 1852 4705 dicto-
1878 4617 1933 4680 υ
1955 4659 2232 4727 gnoscitur
2255 4658 2568 4713 admonere.
2603 4659 2806 4714 Deinde
2829 4617 3124 4715 bonversus
3150 4617 3404 4730 populum
3433 4660 3544 4715 sin-

266 4761 411 4802 rum.
440 4744 666 4815 Dignum
690 4747 830 4801 enim
858 4746 952 4801 fuit
973 4746 1247 4819 (quoniam
1272 4745 1325 4800 in
1359 4745 1440 4801 liis
1471 4746 1688 4815 psalmis
1712 4760 1854 4802 sein-

266 4856 365 4912 per
392 4855 647 4896 ascensus
685 4840 789 4912 est)
819 4850 875 4896 ut
905 4841 970 4895 ad
994 4856 1261 4895 summum
1295 4850 1412 4910 post
1461 4853 1650 4895 cuneta
1684 4856 1851 4909 punc-

267 4942 439 5000 retur,
468 4935 608 5007 quod
638 4934 800 4993 rebus
847 4935 1101 4993 omnibus
1127 4934 1473 5005 praestantius
1503 4949 1625 4993 esse
1671 4934 1853 4992 decla-

265 5037 441 5086 ratur.

738 5139 1055 5198 PSALMUS
1096 5138 1387 5196 CXXXIII.

767 5233 1037 5291 Canticum
1060 5232 1347 5305 graduum.

339 5348 709 5420 Respiciamus
735 5349 893 5405 oculo
933 5347 1111 5403 cordis
1137 5345 1365 5405 intento.
1400 5342 1850 5416 quemadmodum

268 5444 494 5515 vestigia
528 5457 736 5499 summa
764 5444 1021 5498 virtutum
1056 5438 1387 5495 transmissis
1426 5436 1679 5506 gradibus
1724 5452 1853 5507 pro-

268 5535 432 5607 pbeta
452 5535 845 5593 conscenderit.
873 5534 951 5589 llli
970 5534 1111 5589 enim
1137 5532 1307 5587 beat-.c
1336 5529 1677 5594 fraternitati,
1696 5545 1854 5599 quam

267 5628 322 5685 in
348 5644 516 5683 unum
541 5628 749 5685 dixerat
777 5625 1231 5698 congregandam,
1266 5636 1407 5677 nunc
1436 5619 1575 5690 quod
1610 5630 1858 5688 superest

266 5721 559 5777 salubriter
583 5719 894 5793 persuadet,
926 5728 989 5773 ut
1014 5718 1140 5773 felix
1168 5715 1421 5771 adunatio
1455 5714 1507 5768 in
1544 5712 1728 5767 laudes
1752 5714 1856 5769 Do-

265 5812 402 5876 mini
422 5813 841 5887 flagrantissimo
867 5810 1146 5872 claritatis
1172 5807 1354 5869 studio
1377 5807 1700 5880 concitetur,
1725 5822 1856 5882 qua-

1205 5922 1289 5935 rem

1957 4748 2213 4819 gulariter
2242 4746 2550 4803 benedicit:
2580 4748 2706 4818 quia
2750 4759 2934 4806 saneta
2964 4751 3139 4806 unitas
3167 4751 3332 4808 decus
3360 4760 3447 4809 est
3478 4763 3544 4811 ac

1956 4841 2127 4905 virtus
2154 4839 2434 4895 Ecclesiae.

2492 4951 2764 5022 Expositio
2800 4955 3004 5023 psalmi.

2038 5066 2188 5123 Vers.
2250 5066 2301 5123 1.
2337 5062 2470 5123 Ecce
2514 5082 2652 5121 nunc
2699 5067 2971 5123 benedicilc
3022 5067 3320 5141 Dominum,
3368 5086 3541 5128 omnes

1961 5159 2087 5212 servi
2117 5156 2329 5212 Domini
2352 5174 2371 5225 ;
2400 5161 2486 5230 qui
2512 5160 2660 5214 statis
2686 5155 2739 5214 in
2780 5160 2934 5214 domo
2958 5158 3186 5232 Domini,
3209 5163 3261 5217 in
3283 5164 3427 5217 atriis
3448 5163 3541 5218 do-

1958 5265 2072 5302 mus
2099 5250 2192 5302 Dei
2214 5251 2395 5304 nostri.

2034 5344 2186 5399 Vers.
2209 5343 2265 5397 ‘2.
2286 5341 2353 5397 In
2370 5343 2599 5398 noctibus
2622 5343 2847 5398 extollite
2868 5362 3046 5401 manus
3058 5358 3245 5404 uestras
3270 5349 3321 5403 in
3341 5360 3541 5422 sancta,

1960 5444 2008 5491 et
2038 5437 2314 5491 bcucdicitc
2344 5435 2641 5490 Dominum.
2668 5434 2792 5491 Ideo
2821 5436 2927 5492 duo
2956 5454 3141 5517 versus
3170 5440 3327 5497 simul
3359 5443 3542 5513 posui-

1962 5545 2100 5597 mus,
2154 5529 2402 5600 quuniam
2448 5530 2548 5583 sibi
2596 5529 2823 5586 invicem
2853 5540 3034 5587 mutua
3060 5535 3393 5593 connexione
3414 5536 3543 5609 jun-

1961 5632 2175 5693 guntur,
2220 5631 2274 5675 ut
2307 5621 2462 5677 nobis
2504 5622 2755 5689 impletus
2778 5638 2968 5680 sensus
2994 5624 3295 5683 evidentius
3321 5644 3544 5698 appare-

1960 5726 2063 5772 ret.
2126 5715 2361 5770 Primum
2391 5726 2691 5784 quazramus
2736 5733 2832 5771 cur
2873 5726 2927 5774 et
2969 5718 3055 5774 liic
3083 5729 3137 5776 et
3179 5719 3235 5775 in
3280 5719 3544 5790 superiori

1906 5898 1907 5901 η
1957 5807 2189 5885 psalmo,
2226 5804 2359 5865 Ecce
2387 5808 2655 5885 posuerit;
2688 5808 2898 5871 scilicet
2937 5819 2994 5873 ut
3011 5810 3172 5875 rebus
3194 5812 3355 5891 certis
3379 5820 3555 5896 atque,
