4078 6342
540 367 656 426 959⁷

1766 353 1834 410 Μ.
1877 345 2157 409 AURELII
2198 341 2594 402 CASSIODORI

3711 337 3818 391 960

548 482 796 557 perlectis
815 496 922 539 non
949 481 1121 537 solum
1143 492 1342 544 sermo,
1375 445 1466 533 sed
1489 475 1646 532 etiam
1666 471 1966 529 articularis
1991 483 2127 539 prze-
2155 465 2207 524 A
2232 476 2299 516 ne
2319 461 2441 530 quis
2469 458 2570 515 sibi
2599 455 2798 528 aliquid
2829 459 3060 527 arroget,
3101 452 3382 510 Dominum
3421 450 3551 508 dicit
3577 463 3701 507 esse
3731 451 3826 506 bs-

548 585 783 634 staretur
810 574 1066 630 ostensio.
1097 571 1252 625 Nunc
1277 577 1454 626 autem
1487 568 1685 623 dictum
1735 575 1837 632 est,
1881 565 2006 634 quia
2052 570 2130 618 tot

549 670 797 742 gradibus
825 667 1082 735 ascensis,
1112 667 1204 722 ille
1232 670 1379 721 solus
1400 665 1605 719 laudari
1639 663 1842 727 debuit,
1873 661 1961 730 qui
1985 667 2126 714 tanta

551 763 837 819 concessit.
889 761 1122 816 Primum
1154 760 1295 814 enim
1329 757 1448 824 fuit,
1485 755 1626 826 quod
1675 755 2013 824 prolicienter
2039 766 2128 806 as-

551 856 804 912 cenderat
833 874 844 908 :
871 855 1065 911 deinde
1094 853 1235 924 quod
1279 867 1441 923 super
1482 851 1624 905 hunc
1642 863 1941 913 ascensum,
1968 843 2128 902 alium

551 964 660 1004 non
684 947 933 1003 habebat.
965 947 1112 1002 Tunc
1139 945 1278 1000 enim
1311 944 1501 1014 majori
1550 941 1725 998 studio
1759 939 2130 1010 prazdicandus

551 1051 634 1098 est
665 1041 944 1108 Dominus,
970 1039 1184 1110 quando
1207 1037 1332 1092 facit
1358 1052 1453 1091 sua
1477 1035 1721 1104 largitate
1742 1047 1981 1088 securos.
2005 1031 2129 1087 Sive

553 1134 634 1204 (ut
688 1133 809 1187 aliis
852 1131 1050 1201 placet)
1097 1140 1304 1200 tempus
1343 1128 1483 1184 istud
1531 1125 1793 1196 signiﬁcat
1841 1123 2128 1189 mundiale,

551 1225 766 1296 quando
794 1226 880 1281 hic
907 1225 1238 1280 exercendus
1269 1231 1352 1279 est
1380 1223 1610 1287 animus,
1645 1230 1701 1274 ut
1727 1220 1801 1274 ibi
1829 1219 2047 1274 aeternis
2070 1231 2132 1273 ae

551 1319 819 1389 perpetuis
871 1319 1112 1373 laudibus
1144 1327 1451 1387 occupetur.
1487 1315 1782 1370 Benedicitc
1824 1311 2127 1380 Dominum,

550 1410 818 1482 signiﬁcat
849 1409 1061 1465 laudate
1093 1410 1256 1480 :quia
1287 1425 1384 1466 nos
1413 1409 1564 1464 illum
1604 1407 1970 1463 benedicendo
2013 1406 2131 1460 lau-

551 1503 774 1570 damus;
806 1504 896 1566 ille
926 1512 1103 1559 autem
1145 1519 1244 1557 nos
1269 1502 1635 1558 benedicendo
1663 1501 1980 1558 sanctiﬁcat.
2017 1501 2131 1557 Au-

550 1601 676 1656 disti
705 1617 933 1668 servum;
963 1609 1104 1657 etne
1131 1600 1328 1669 aliquid
1360 1609 1574 1670 putares
1606 1599 1895 1666 abjectum,
1929 1597 2135 1652 addidit

553 1691 800 1757 Domini;
857 1699 913 1746 ut
960 1692 1029 1747 de
1082 1693 1318 1761 potentia
1364 1691 1556 1746 summi
1595 1690 1852 1760 principis
1900 1690 2132 1760 dignitas

552 1790 824 1838 cresceret
853 1783 1154 1838 servientis.
1194 1782 1308 1837 l-loc
1335 1796 1392 1837 se
1421 1783 1638 1838 nomine
1668 1781 1862 1836 Paulus
1900 1782 2132 1837 honora-

553 1876 712 1932 bilem
745 1876 988 1946 gentibus
1020 1877 1182 1942 fecit;
1216 1877 1294 1932 sic
1337 1877 1480 1931 enim
1511 1875 1746 1946 Epistola
1779 1874 1897 1944 ejus
1941 1874 2134 1945 prcha-

554 1976 640 2022 tur
668 1986 680 2022 :
711 1968 910 2022 Paulus
936 1985 1110 2024 servus
1137 1968 1326 2022 Christi
1350 1969 1522 2040 (Rom.
1551 1985 1587 2034 ι,
1613 1969 1700 2040 1);
1734 1978 1786 2024 ct
1812 1969 2005 2024 iterum
2033 1985 2046 2021 :
2072 1967 2134 2024 Si

554 2058 839 2113 hominibus
884 2059 1082 2130 placere
1130 2059 1327 2126 vellem,
1381 2057 1571 2114 Christi
1612 2075 1782 2112 servus
1829 2075 1930 2113 non
1975 2075 2134 2113 essem

555 2147 696 2220 (Gal.
727 2166 766 2216 ι,
800 2149 913 2218 10).
941 2151 1016 2206 De
1041 2151 1222 2222 Moyse
1249 2166 1464 2221 quoque
1491 2151 1547 2206 in
1577 2151 1683 2206 alio
1717 2150 1922 2220 psalmo
1947 2169 1960 2205 :
1993 2151 2136 2206 Misit

553 2241 772 2313 Moysen
817 2259 1014 2298 servum
1059 2260 1210 2297 suum
1259 2242 1433 2313 (I’sal.
1471 2259 1579 2310 ειν,
1633 2243 1748 2313 26).
1799 2243 2136 2314 Quapropter

551 2334 691 2390 istud
738 2335 849 2405 jam
900 2335 970 2390 de
999 2335 1250 2406 perfectis
1280 2335 1496 2405 proprie
1525 2333 1739 2402 dicitur,
1771 2337 1863 2406 qui
1893 2346 1947 2391 et
1979 2335 2137 2392 amici

551 2427 670 2482 sine
697 2426 862 2482 dubio
891 2437 1283 2497 nuneupantur.
1317 2427 1590 2498 Sequitur,
1623 2428 1710 2498 qui
1736 2429 1884 2484 statis
1906 2428 1958 2483 in
1982 2431 2136 2485 domo

551 2517 786 2585 Domini,
813 2519 867 2572 in
894 2519 1039 2574 atriis
1069 2520 1250 2573 domus
1291 2519 1387 2574 Dei
1416 2521 1596 2574 nostri.
1646 2519 1873 2576 Servum
1922 2522 2135 2591 quidem

552 2613 705 2680 prius
729 2611 938 2667 dixerat
959 2612 1025 2668 ad
1052 2614 1344 2678 honorem;
1377 2613 1473 2668 sed
1503 2628 1571 2669 ne
1593 2615 1794 2669 incerta
1811 2613 1972 2671 corda
1996 2630 2138 2670 mor-

551 2704 734 2760 talium
762 2705 865 2762 hoc
895 2715 946 2761 ct
981 2707 1050 2761 ad
1093 2705 1229 2762 alios
1279 2705 1570 2774 traherent,
1603 2707 1692 2778 qui
1731 2707 1969 2764 indevoti
2015 2722 2138 2764 esse
2207 2740 2220 2753 -

549 2807 870 2866 noscuntur,
888 2797 1012 2855 dum
1043 2813 1231 2855 omnes
1268 2799 1495 2855 Domino
1541 2809 1803 2857 creaturae
1830 2801 2137 2860 conditione

549 2893 780 2966 subjecti
817 2904 965 2961 sunt,
997 2894 1221 2964 addidit,
1253 2894 1340 2964 qui
1371 2895 1516 2950 statis
1553 2895 1606 2950 in
1643 2895 1797 2951 domo
1823 2896 2053 2964 Domini,
2084 2899 2135 2954 id

549 2996 634 3044 est
657 3001 885 3058 quorum
907 2988 1116 3043 animus
1144 2990 1197 3041 in
1226 2987 1454 3042 Domino
1479 2987 1753 3058 religionis
1783 2986 1938 3044 lirmo
1968 2991 2136 3046 vesti-

551 3079 640 3149 gio
665 3088 991 3149 perseverat.
1021 3078 1182 3152 45⁸1
1214 3079 1370 3134 Stare
1395 3081 1535 3135 enim
1564 3080 1631 3136 de
1663 3080 1771 3136 illis
1792 3081 2010 3148 dicitur,
2043 3083 2136 3154 qui

549 3189 582 3230 a
611 3174 752 3232 bono
800 3175 1074 3246 proposito
1104 3173 1372 3229 facilitatis
1419 3174 1644 3231 crimine
1689 3191 1799 3230 non
1839 3176 2130 3247 labuntur,

553 3269 693 3327 sicut
714 3269 914 3326 dictum
942 3278 1026 3325 est
1046 3268 1114 3325 de
1138 3268 1353 3324 diabolo
1379 3269 1466 3340 qui
1489 3268 1842 3340 arehangelus
1868 3270 1985 3338 fuit,
2008 3281 2056 3325 et
2082 3272 2134 3326 in

553 3363 762 3418 veritate
795 3378 896 3416 non
917 3362 1052 3415 stetit
1085 3361 1266 3432 (Joan.
1294 3375 1410 3429 vui,
1449 3361 1566 3433 44).
1597 3361 1882 3418 Nominata
1919 3364 2135 3434 quidem

552 3454 754 3519 domus,
776 3453 1046 3509 concludit
1067 3463 1122 3508 et
1149 3454 1323 3519 atria;
1355 3455 1604 3522 quoniam
1639 3454 1832 3510 atrium
1864 3457 2138 3527 ingressus

553 3558 638 3605 est
683 3547 1000 3603 mansionis.
1054 3546 1326 3617 Signiﬁcat
1352 3549 1495 3603 enim
1526 3562 1638 3614 eos,
1671 3549 1788 3605 sive
1822 3550 1910 3620 qui
1946 3550 2058 3622 jam
2083 3551 2139 3607 in

553 3641 918 3712 penetralibus
948 3650 1074 3697 sunt
1094 3639 1370 3710 Ecclesiae,
1402 3640 1516 3697 sive
1539 3642 1633 3711 qui
1660 3644 1714 3698 in
1747 3643 1990 3713 ingressu
2020 3645 2139 3714 ejus

553 3749 676 3792 esse
700 3744 1033 3791 meruerunt.
1064 3734 1284 3791 Diversa
1314 3735 1456 3792 enim
1487 3735 1604 3792 loca
1629 3736 1730 3792 sub
1757 3739 1974 3794 unitatis
2013 3754 2139 3810 gra-

555 3832 625 3886 tia
650 3829 852 3886 habere
877 3837 1087 3886 constat
1118 3828 1438 3885 Ecclesiam.
1467 3828 1560 3884 llis
1582 3843 1795 3899 quoque
1817 3830 1975 3886 dictis
1992 3831 2140 3887 aliud

554 3935 722 3995 genus
769 3919 1033 3976 ﬁrmitatis
1080 3919 1298 3990 adjecit,
1346 3919 1446 3975 Dei
1496 3922 1695 3988 nostri;
1745 3923 1848 3976 hoc
1878 3932 1981 3990 est,
2032 3939 2141 3979 non

513 4010 711 4089 -qucm
735 4013 1008 4087 gentilitas
1035 4013 1185 4078 colit,
1204 4014 1298 4070 sed
1317 4029 1475 4084 quem
1509 4030 1635 4070 vera
1666 4016 1932 4071 catholica
1953 4017 2142 4087 religio

555 4109 858 4165 conﬁtetur.
884 4106 1126 4172 Addidit,
1157 4106 1226 4159 In
1250 4107 1478 4160 noctibus
1501 4107 1725 4161 cxtollite
1747 4125 1927 4163 manus
1949 4118 2143 4165 vestras

555 4205 610 4258 in
632 4211 830 4269 sancta,
863 4213 911 4257 et
942 4202 1220 4257 benedictte
1251 4199 1551 4256 Dominum.
1583 4200 1648 4256 In
1673 4205 1924 4275 noctibus,
1957 4205 2143 4261 mundi

557 4296 712 4352 istius
755 4293 1018 4366 signiﬁcat
1068 4292 1402 4350 teterrimum
1452 4303 1685 4368 tempus,
1742 4299 1882 4368 quod
1929 4314 2143 4369 semper

558 4386 904 4443 creberrimis
943 4387 1379 4442 tribulationibus
1407 4388 1744 4444 obscuratur.
1780 4391 1836 4444 ln
1873 4390 1984 4447 .ltoc
2013 4408 2143 4465 ergo

557 4481 756 4538 saeculo
773 4479 1015 4536 levandae
1037 4489 1163 4535 sunt
1190 4494 1378 4536 manus
1401 4481 1488 4536 ubi
1517 4481 1654 4537 bona
1677 4484 1918 4552 operatio
1934 4484 2141 4541 Domini

2235 555 2589 621 nedicendum,
2615 552 2830 624 quando
2857 553 2974 622 ipse
2997 550 3161 606 donat
3185 558 3240 605 et
3259 547 3500 605 animum
3516 545 3829 602 misericor—

2233 649 2353 704 dem
2381 657 2436 705 et
2455 646 2812 703 substantiam
2840 644 3149 714 largiorem.
3175 641 3268 698 Sic
3293 640 3615 696 charitatem
3644 635 3830 694 Domi-

2233 741 2287 795 ni
2312 749 2368 796 et
2413 738 2662 795 laudibus
2687 736 2876 804 sacris,
2907 744 2962 792 et
2989 735 3075 804 pia
3119 732 3278 790 docet
3322 729 3642 801 operatione
3669 742 3827 784 corn-

2234 833 2503 903 plendam.
2532 834 2624 889 liis
2653 830 2906 904 peractis,
2935 828 3144 900 respice
3173 835 3334 896 quam
3354 823 3516 895 digna
3540 820 3830 878 retributio

2233 925 2606 996 subsequatur.

2225 1037 2229 1040 ·
2306 1019 2460 1075 Vers.
2489 1018 2542 1073 3.
2573 1016 2849 1073 Benedicat
2872 1022 2919 1071 te
2940 1012 3190 1069 Dominus
3213 1028 3277 1068 ex
3304 1010 3452 1077 Sion,
3475 1009 3563 1081 qui
3586 1007 3705 1079 fecit
3722 1022 3830 1062 εωο

2235 1111 2341 1165 lum
2381 1120 2428 1164 ct
2459 1119 2665 1164 terram.
2713 1107 2992 1178 Ex'plicata
3041 1102 3492 1167 commonitione,
3533 1099 3640 1170 qua
3690 1097 3830 1152 dixit

2235 1203 2511 1261 charitatis
2537 1201 2716 1257 studio
2762 1201 2818 1254 in
2859 1198 3071 1254 Domini
3101 1195 3352 1252 laudibus
3377 1202 3433 1249 et
3463 1192 3621 1247 bonis
3647 1189 3830 1260 operi.

2235 1296 2334 1352 bus
2376 1292 2830 1366 permanendum,
2871 1292 3020 1348 venit
3061 1289 3127 1344 ad
3159 1297 3366 1359 partem
3409 1284 3734 1350 secundam,
3767 1283 3829 1338 in

2235 1403 2337 1457 qua
2360 1401 2467 1442 uno
2490 1399 2645 1441 versu
2667 1383 2922 1454 populum
2947 1380 3238 1445 benedicit,
3268 1380 3356 1450 qui
3379 1378 3430 1432 in
3451 1376 3667 1432 unitatis
3688 1389 3830 1430 con-

2237 1480 2433 1536 stantia
2460 1487 2517 1535 et
2554 1477 2841 1534 dilectione
2875 1474 3086 1531 Domini
3121 1477 3450 1543 perseverat.
3483 1468 3634 1523 Prius
3667 1465 3825 1520 enim

2237 1576 2416 1629 omnia
2445 1573 2724 1643 pluraliter
2747 1569 2904 1638 dixit,
2931 1582 3074 1624 nunc
3099 1574 3278 1622 autem
3307 1563 3569 1634 psalmum
3592 1559 3692 1614 sub
3713 1560 3833 1614 sin-

2242 1667 2527 1738 gularitate
2567 1664 2861 1728 conclusit;
2904 1670 2960 1717 ut
3012 1661 3102 1732 qui
3152 1667 3278 1714 ante
3327 1655 3511 1711 ﬁdeles
3552 1654 3746 1708 fratres
3771 1650 3828 1706 in

2241 1761 2447 1818 unitate
2475 1760 2783 1828 collegerat,
2814 1754 2977 1812 modo
2995 1741 3080 1808 illi
3103 1751 3304 1823 populo
3321 1749 3430 1819 jam
3452 1744 3694 1815 diligenti
3725 1742 3831 1798 Do-

2166 1843 2210 1904 B
2239 1854 2442 1909 minum
2475 1849 2861 1908 benedictionis
2889 1859 3109 1902 munera
3148 1847 3556 1915 praestarentur.
3584 1837 3827 1906 Quapro-

2234 1955 2352 2017 pter
2381 1945 2425 1998 si
2450 1944 2698 1999 volumus
2719 1955 2840 1996 esse
2871 1937 3167 2004 benedicti,
3186 1948 3338 1990 amor
3365 1946 3464 1987 nos
3485 1939 3686 1985 sanctze
3706 1927 3830 1982 Tri-

2237 2039 2452 2105 nitatis,
2485 2048 2538 2093 et
2578 2037 2754 2091 unitas
2800 2035 2974 2090 beatae
3021 2029 3414 2100 complectatur
3455 2022 3734 2079 Ecclesiae.
3763 2019 3832 2074 Et

2236 2131 2452 2188 intende
2481 2144 2643 2200 quam
2673 2111 3044 2198 competenter
3067 2123 3212 2178 hunc
3248 2120 3518 2192 psalmum
3560 2113 3828 2186 perfectus

2239 2224 2358 2280 ﬁnis
2385 2224 2661 2293 amplexus
2681 2229 2792 2286 est;
2822 2227 2881 2274 ut
2905 2217 2995 2288 qui
3021 2230 3193 2286 usque
3220 2213 3285 2268 ad
3311 2209 3612 2268 Jerusalem
3654 2205 3826 2260 caele-

2237 2325 2376 2373 stem
2407 2314 2746 2380 conscendit,
2778 2310 3210 2368 benedictionem
3249 2317 3538 2376 supernam
3579 2301 3697 2357 loco
3742 2311 3834 2352 re.

2239 2409 2622 2468 munerationis
2649 2405 2940 2478 acceperit.

2788 2521 3057 2579 Conclusio
3079 2517 3284 2591 psalmi.

2312 2650 2466 2706 Libet
2489 2648 2696 2705 referre
2737 2641 3190 2717 quemadmodum
3215 2651 3388 2708 usque
3423 2633 3494 2690 ad
3535 2641 3834 2702 supernam

2241 2743 2536 2803 Jerusalem
2577 2741 2776 2814 gradus
2811 2738 2901 2794 isti
2939 2733 3301 2808 pervenerint.
3343 2729 3527 2784 Primo
3563 2721 3839 2795 siquidem

2242 2838 2430 2911 gradu,
2459 2835 2640 2892 saeculi
2665 2833 2915 2903 designat
2956 2831 3258 2891 horrorem,
3283 2831 3404 2894 post
3442 2833 3599 2911 quem
3627 2816 3695 2871 ad
3722 2815 3845 2911 vir-

2243 2906 2422 2987 tutum
2479 2928 2721 2984 omnium
2777 2923 2954 2980 studia
3007 2920 3314 2976 festinatur.
3369 2909 3652 2972 Secundo,
3714 2906 3846 2961 vir-

2243 3033 2327 3079 tus
2369 3021 2566 3077 divinae
2593 3015 2924 3074 defensionis
2963 3015 3275 3084 exponitur,
3307 3007 3392 3064 cui
3435 3002 3566 3060 nihil
3605 2998 3850 3055 obviare

2244 3131 2401 3186 posse
2459 3119 2806 3170 monstratur.
2864 3107 3082 3175 Tertio,
3129 3117 3378 3176 maguum
3419 3096 3670 3172 gaudium
3714 3105 3848 3148 esse

2241 3185 2434 3266 dicitur
2480 3207 2533 3264 in
2600 3203 2842 3262 Ecclesia
2905 3199 3116 3257 Domini
3170 3211 3301 3268 pura
3366 3201 3549 3264 mente
3606 3185 3842 3245 versari.

2239 3302 2462 3369 Quarto,
2491 3299 2633 3354 inter
2657 3293 2918 3368 quaslibet
2955 3291 3224 3363 angustias
3244 3288 3402 3345 docet
3431 3290 3740 3341 constanter
3772 3277 3844 3334 de

2238 3393 2467 3450 Domino
2507 3387 2980 3462 praesumendum,
3023 3384 3199 3440 donec
3228 3380 3513 3436 miseratus
3556 3371 3834 3430 exaudiat.

2239 3489 2439 3558 Quinto
2480 3493 2664 3542 monet
2710 3492 2768 3540 ut
2816 3481 3028 3538 liberati
3082 3475 3366 3550 periculis,
3407 3487 3517 3528 non
3554 3469 3711 3526 nobis
3731 3466 3836 3523 ali-

2241 3581 2364 3653 quid
2385 3623 2401 3649 ,
2441 3578 2533 3636 sed
2564 3577 2744 3633 omnia
2768 3573 2982 3630 Domini
3008 3569 3294 3627 virtutibus
3318 3558 3842 3653 applicemus.ASex_-

2243 3650 2338 3742 to,
2396 3671 2666 3729 montibus
2726 3663 3066 3724 solidissimis
3120 3666 3465 3732 comparatur
3518 3650 3844 3710 conﬁdentia

2244 3765 2538 3823 ﬁdelissimi
2559 3761 2872 3818 Christiani.
2897 3759 2955 3813 ln
2984 3755 3217 3826 septimo
3243 3751 3445 3808 dicitur
3470 3761 3630 3820 quam
3657 3742 3849 3814 cupio-

2246 3873 2334 3915 sos
2364 3857 2569 3913 fructus
2600 3863 2804 3910 metant
2845 3852 2897 3906 in
2929 3848 3184 3920 lacrymis
3233 3843 3576 3901 seminantes.
3605 3837 3840 3904 Octavo,

2247 3949 2376 4006 nihil
2396 3960 2713 4022 permanere
2731 3943 2946 4010 dicitur,
2971 3939 3112 4012 quod
3138 3937 3410 3992 voluntate
3430 3927 3844 4022 propriaunus-

2245 4017 2469 4115 quisque
2497 4038 2661 4094 fuerit
2687 4044 2976 4107 operatus;
3008 4030 3101 4087 sed
3135 4028 3225 4084 illa
3257 4033 3456 4082 tantum
3480 4033 3604 4078 esse
3628 4017 3849 4115 ﬁrmis-

2247 4107 2405 4197 sima,
2424 4144 2540 4200 qua:
2558 4135 2776 4182 auctore
2791 4121 3018 4179 Domino
3035 4124 3439 4176 construuntur.
3453 4111 3628 4176 Nono,
3641 4107 3852 4162 timore

2246 4221 2460 4278 Domini
2485 4217 2860 4290 pronuntiatur
2895 4215 3057 4270 homo
3082 4210 3269 4266 beatus
3310 4206 3425 4262 ﬁeri
3446 4245 3463 4272 ,
3491 4211 3548 4259 et
3584 4201 3852 4256 universa

2250 4313 2322 4368 illi
2353 4311 2626 4382 profutura
2671 4303 2912 4363 concedi.
2961 4301 3199 4366 Decimo,
3250 4296 3487 4354 infundit
3524 4290 3854 4364 patientiam

2251 4402 2484 4467 devotis,
2514 4413 2674 4470 quam
2698 4413 2794 4468 per
2817 4394 3066 4450 Ecclesia:
3091 4391 3252 4448 verba
3272 4385 3640 4446 commendat.
3667 4383 3858 4440 Unde-

2251 4492 2426 4558 cimo,
2446 4490 2514 4546 de
2541 4487 2818 4560 profundis
2844 4484 3111 4558 paenitens
3132 4483 3330 4539 clamat
3353 4479 3420 4536 ad
3445 4478 3764 4540 Dominum,
3792 4483 3856 4530 ut
3907 4531 3918 4541 ,

556 4572 1181 4683 φετῆιυξθυιίξῖυξηοδίο
1194 4574 1650 4683 δξονεεείιυεξηίιῑυ
1666 4578 2141 4647 manuslendcbat,
2174 4621 2224 4683 Β
2249 4589 2302 4642 in
2331 4583 2623 4642 liberandis
2651 4581 2959 4638 hominibus
2991 4587 3187 4650 quanta
3217 4575 3287 4631 sit
3312 4572 3621 4629 Divinitatis
3645 4579 3855 4633 poten-

559 4667 1299 4740 AmaleCllaudaCiasupel‘ba
1318 4667 2140 4744 Ρτειηθδθῑυν(Εωοά-ινιι,¹1)ε
2174 4663 2223 4683 υ
2251 4682 2321 4736 tia
2367 4679 2646 4735 sentiatur.
2692 4675 3052 4737 Duodecimo,
3095 4671 3266 4726 virtus
3306 4663 3750 4723 mansuetudinis
3801 4668 3862 4717 et

563 4776 869 4833 praesagus
897 4776 1110 4819 crucem
1161 4761 1486 4818 beatissimus
1513 4762 1793 4832 passionis.
1825 4762 1959 4818 Nam
2003 4764 2145 4834 quod
2251 4771 2563 4828 humilitatis
2599 4767 2922 4825 ostenditur.
2957 4764 3143 4821 Tertio
3176 4760 3405 4823 decimo,
3435 4764 3641 4813 sancta
3675 4755 3864 4809 incar-

561 4857 757 4929 digitos
798 4856 1141 4923 extendebat,
1172 4856 1489 4928 Decalogum
1523 4855 1749 4911 fortasse
1791 4855 2137 4927 signiﬁcabat.

2251 4863 2485 4920 nationis
2528 4860 2812 4932 promissio
2863 4868 2918 4915 et
2950 4858 3214 4913 dictorum
3257 4852 3454 4909 veritas
3490 4848 3860 4919 approbatur.

561 4951 664 5019 Qui
694 4967 814 5009 cum
845 4951 1060 5009 brachia
1091 4951 1410 5018 remisisset,
1449 4951 1644 5006 inimici
1675 4953 1926 5022 superbia
1956 4952 2151 5021 despe—
2253 4959 2455 5026 Quarto
2487 4955 2696 5010 decimo
2719 4994 2734 5020 ,
2785 4950 3038 5007 fratribus
3085 4944 3376 5018 spiritualis
3417 4940 3682 4998 adunatio
3711 4955 3863 5011 pra:-

565 5051 678 5126 rata
704 5045 974 5128 surgebat.
1007 5045 1073 5100 Et
1092 5044 1214 5100 ideo
1242 5043 1397 5099 bonis
1421 5042 1671 5114 operibus
1700 5043 1942 5098 levanda:
1993 5044 2148 5099 nobis
2248 5050 2486 5115 dicatur,
2519 5061 2681 5116 supra
2727 5058 2864 5116 quos
2913 5040 3215 5098 benedictio
3257 5035 3504 5103 Domini,
3538 5043 3593 5090 et
3645 5041 3866 5088 atterat

567 5125 901 5228 Sllnt'manus
926 5135 994 5190 ad
1020 5137 1321 5202 Dominum,
1349 5134 1760 5190 uladrersarius
1786 5135 2032 5190 diabolus
2057 5150 2150 5190 su-
2252 5143 2357 5196 vita
2388 5138 2673 5211 provenire
2703 5142 3060 5191 monstratur.
3086 5130 3286 5201 Quinto
3318 5128 3552 5192 decimo,
3579 5126 3639 5182 in
3682 5125 3870 5180 laudi-

569 5223 732 5296 perua
752 5227 1028 5297 majestate
1049 5228 1312 5284 vincatur.
1337 5227 1442 5284 Sed
1469 5229 1690 5283 intende
1712 5227 1838 5292 quid
1860 5230 2148 5299 signiﬁcet,
2255 5235 2352 5289 bus
2385 5231 2594 5286 Domini
2639 5227 2872 5299 perfecta
2917 5226 3009 5281 illa
3054 5225 3289 5281 charitas
3341 5221 3641 5284 excitatur,
3691 5234 3874 5290 supra

569 5316 815 5383 attollite,
850 5316 902 5373 id
930 5329 1012 5374 est
1050 5319 1265 5374 uberius
1313 5320 1710 5390 elecmosynam
1739 5321 1935 5385 facite;
1970 5321 2154 5377 Domi-
2252 5339 2411 5394 quam
2443 5321 2574 5378 nihil
2601 5328 2778 5392 potest
2811 5333 2912 5374 nec
2943 5317 3114 5388 majus
3139 5315 3273 5379 dici,
3302 5329 3400 5370 nec
3438 5313 3741 5382 gloriosius
3775 5313 3874 5366 in-

569 5426 671 5469 nus
698 5413 841 5468 enim
873 5429 978 5470 non
1009 5421 1211 5468 tantum
1243 5429 1274 5468 a
1305 5414 1459 5470 nobis
1505 5416 1668 5486 exigit
1706 5416 1790 5485 pia
1838 5416 2023 5482 verba,
2057 5415 2152 5472 sed
2253 5416 2452 5480 veniri,
2487 5414 2624 5470 sicut
2665 5412 2944 5483 apostolus
2990 5417 3252 5466 testatur:
3310 5408 3454 5464 Dens
3497 5405 3738 5461 charitas
3787 5414 3876 5460 ess

570 5509 730 5562 facta.
759 5507 995 5574 Addidit,
1015 5508 1070 5561 in
1090 5516 1285 5577 sancta,
1306 5516 1364 5563 ut
1385 5525 1503 5566 eam
1534 5524 1724 5565 manus
1746 5511 1975 5566 seminct
2001 5509 2152 5566 Chri-
2257 5505 2313 5574 (I
2337 5506 2494 5561 Joan.
2520 5520 2596 5573 iv,
2625 5505 2704 5576 8).
2729 5504 3065 5574 Quapropter
3087 5501 3216 5558 tanti
3239 5499 3479 5556 miraculi
3495 5498 3704 5569 jugiter
3727 5513 3884 5553 con-
3943 5503 3956 5516 '

569 5598 745 5654 stiani.
776 5598 908 5653 Nam
937 5599 983 5653 si
1016 5598 1160 5653 illam
1191 5598 1426 5654 haeretici
1459 5601 1655 5654 faciant
1678 5610 1773 5656 aut
1802 5601 2012 5670 pagani,
2041 5617 2156 5655 ma-
2257 5601 2554 5657 sideremus
2601 5613 2886 5664 arcanum;
2943 5606 3002 5652 ut
3048 5597 3170 5652 talia
3214 5610 3428 5665 semper
3475 5593 3880 5664 iuSpicientes,

572 5706 674 5746 nus
695 5705 882 5746 eorum
912 5704 1015 5745 non
1035 5691 1362 5746 extolluntur
1384 5692 1434 5745 in
1462 5701 1677 5758 sancta;
1707 5694 1958 5762 quoniam
1982 5694 2153 5762 ipsam
2264 5691 2574 5746 mortiferus
2594 5690 2776 5746 szeculi
2798 5689 3029 5746 vitemus
3047 5704 3279 5747 errores.
3306 5686 3559 5744 Continet
3579 5687 3880 5757 siquidem

571 5784 740 5839 solam
769 5784 1168 5854 elecmosynam
1199 5783 1448 5839 Christus
1479 5785 1689 5851 accipit,
1719 5800 1879 5854 quam
1909 5785 2025 5853 ejus
2062 5800 2158 5840 no-
2261 5784 2348 5839 hic
2371 5798 2624 5840 numerus
2656 5792 2710 5838 et
2730 5781 2860 5838 illud
2885 5790 3149 5854 praeterea
3176 5787 3604 5844 sacramentum;
3637 5791 3702 5834 ut
3735 5797 3884 5841 cum

573 5872 704 5936 mini
734 5871 906 5932 ﬁdelis
933 5871 1267 5934 Christianus
1296 5872 1571 5932 obtulerit.
1602 5875 1658 5932 ln
1681 5890 1786 5950 quo
1810 5883 1990 5936 tamen
2011 5886 2154 5952 actu,
2263 5877 2498 5954 quinque
2529 5890 2718 5937 sensus
2748 5874 3012 5954 curporei,
3040 5890 3135 5952 per
3153 5889 3289 5956 quos
3314 5873 3517 5952 fragilis
3537 5873 3888 5946 humanitas
