4078 6342
216 353 315 407 Otii

1106 344 1468 408 EXPOSlTlO
1502 347 1570 405 IN
1607 346 2067 408 PSALTERIUM.
2108 347 2297 407 PSAL.
2337 348 2623 407 CXXXIV.

3392 359 3500 417 962

221 461 492 519 contrahit
519 474 680 517 omne
707 458 1018 532 peccatum,
1049 459 1328 516 Trinitatis
1378 460 1574 516 fuerint
1613 460 1813 517 virtute
1838 464 1893 525 Α
1916 460 2146 518 similem
2185 464 2499 533 qualitatem
2539 476 2742 522 sanctm
2790 467 3072 526 Trinitatis
3120 470 3499 529 indivisibilem

224 556 486 626 superati,
519 553 587 610 ad
607 552 849 624 quintum
873 552 1141 608 decimum
1169 551 1463 623 gradalium
1487 553 1814 622 psalmorum

225 664 324 705 nos
354 648 570 704 culmen
596 646 823 713 educat;
857 660 1030 716 eoque
1061 647 1183 711 fiat,
1214 655 1271 701 ut
1296 647 1538 717 corporis
1568 647 1817 703 imbecil-

225 743 379 799 litate
425 742 711 809 submota;
760 738 1028 797 donentur
1076 740 1368 797 victoribus
1411 743 1630 812 praemia
1677 755 1821 799 sem-

226 836 461 910 piterna.

708 966 1024 1027 PSALMUS
1047 967 1333 1027 CXXXIV.

866 1081 1108 1139 Alleluia.

297 1192 429 1249 Post
486 1192 781 1263 gradalium
832 1194 1253 1265 pulcherrimam
1314 1197 1814 1265 constructionem,

230 1300 350 1358 quae
397 1300 564 1356 usque
605 1286 673 1341 ad
713 1286 858 1342 illam
905 1290 1155 1358 pervenit
1202 1291 1566 1346 summitatem
1609 1306 1729 1362 quae
1759 1292 1817 1348 in

233 1389 492 1435 aeternum
520 1393 741 1435 securos
764 1379 929 1435 efficit
958 1390 1013 1436 et
1033 1380 1241 1452 felices,
1274 1399 1511 1455 congrue
1541 1385 1701 1441 nimis
1728 1400 1825 1455 po-

235 1471 403 1536 nitur,
429 1470 689 1536 Alleluia;
708 1479 767 1525 ut
794 1471 1040 1529 laudibus
1068 1473 1281 1530 Domini
1313 1485 1497 1532 sancta
1522 1478 1825 1548 perfruatur

232 1561 495 1625 Ecclesia,
524 1561 609 1615 cui
637 1562 746 1618 tale
770 1577 963 1619 munus
994 1565 1237 1621 noscitur
1265 1579 1646 1640 prteparatum.
1679 1571 1825 1639 Qua-

234 1660 452 1721 propter
476 1651 706 1708 sinceris
746 1653 1017 1709 mentibus
1039 1655 1247 1712 alacres
1277 1658 1499 1713 Alleluia
1540 1658 1720 1717 dicere
1747 1659 1827 1715 fe-

235 1743 523 1809 stinemus,
558 1751 616 1799 ut
645 1744 725 1800 illi
750 1753 940 1804 sancto
970 1746 1169 1817 populo
1198 1762 1295 1819 per
1335 1748 1568 1806 divinam
1595 1751 1826 1821 gratiam

236 1848 491 1890 misceam
498 1850 579 1889 ur.

810 1947 1007 2006 Divisio
1041 1953 1244 2023 psalmi.

309 2079 410 2135 Per
435 2085 607 2136 totum
632 2080 896 2150 psalmum
940 2082 1204 2153 propheta
1247 2082 1502 2154 loquitur.
1530 2084 1714 2141 Primo
1742 2086 1826 2141 in-

235 2186 427 2242 gressu
452 2181 675 2244 propter
714 2174 947 2229 nominis
996 2175 1115 2245 ejus
1155 2178 1477 2246 potentiam,
1505 2178 1690 2234 laudes
1719 2178 1827 2236 Do-

237 2263 395 2318 mino
426 2264 559 2318 dicit
582 2278 703 2320 esse
729 2266 1043 2335 solvendas,
1073 2267 1198 2338 quia
1232 2269 1356 2325 fecit
1405 2285 1526 2340 quae
1555 2270 1727 2325 voluit
1772 2271 1827 2327 in

235 2354 382 2410 coelo
402 2363 457 2411 et
484 2356 539 2411 in
562 2365 736 2427 terra,
766 2361 1031 2430 magnalia
1057 2361 1222 2430 ipsius
1262 2362 1469 2418 diversa
1500 2377 1827 2420 commemo-

237 2448 709 2517 rans.‘Secundo,
738 2454 989 2523 quoniam
1039 2455 1279 2510 veritatis
1320 2456 1553 2526 perlecta
1600 2457 1716 2513 laus
1745 2464 1830 2514 est

239 2540 521 2598 destruere
549 2543 858 2612 falsitatem,
890 2546 1155 2602 idolorum
1186 2548 1419 2604 cultores
1450 2549 1550 2605 sub
1580 2549 1828 2607 irrisione

240 2632 532 2704 redarguit.
565 2635 769 2704 Tertio,
797 2636 1043 2694 diversos
1072 2638 1291 2695 ordines
1316 2639 1590 2709 admonet,
1626 2649 1685 2695 ut
1723 2641 1830 2697 Do-

244 2722 445 2777 minum
472 2722 694 2782 laudare
719 2742 828 2783 non
856 2727 1125 2783 desinant.
1157 2730 1247 2786 Sic
1286 2730 1457 2801 genus
1493 2731 1829 2788 demonstra-

244 2812 410 2869 tivum
457 2814 511 2871 in
561 2825 789 2889 utraque
817 2828 971 2888 parte
1018 2821 1251 2878 mirabili
1294 2824 1640 2882 exsecutione
1668 2840 1827 2882 com-

244 2904 441 2975 pletur.

687 3023 852 3097 558
880 3023 1150 3095 Expositio
1182 3028 1387 3097 psalmi.

314 3120 469 3192 Vers.
498 3141 552 3192 1.
588 3136 818 3194 Laudate
846 3156 1029 3195 nomen
1060 3141 1289 3212 Domini,
1321 3143 1531 3201 laudate
1557 3146 1690 3201 servi
1717 3146 1826 3202 Do-

243 3227 462 3283 minam.

316 3318 471 3375 Vers.
496 3320 551 3376 2.
587 3322 687 3386 Qui
708 3324 855 3378 statis
881 3326 934 3380 in
964 3326 1115 3382 domo
1140 3326 1369 3397 Domini,
1398 3331 1452 3383 in
1474 3330 1620 3385 atriis
1648 3332 1831 3387 domus

243 3410 338 3466 Dei
368 3413 549 3468 nostri.
584 3413 710 3470 Post
756 3414 1059 3486 praeteritos
1102 3421 1280 3491 (sicut
1304 3424 1505 3480 dictum
1534 3426 1657 3497 est)
1685 3427 1830 3497 psal-

241 3516 381 3571 mos,
411 3505 601 3573 quibus
631 3507 698 3561 ad
727 3510 966 3565 omnium
996 3512 1257 3570 virtutum
1280 3517 1493 3573 culmen
1524 3517 1708 3574 divina
1731 3521 1833 3574 mi-

242 3594 511 3651 seratione
557 3597 813 3667 propheta
880 3604 1225 3670 conscendit,
1284 3607 1339 3661 in
1392 3608 1553 3665 domo
1616 3611 1831 3667 Domini

243 3696 446 3744 stantes
472 3689 781 3761 alloquitur,
808 3702 865 3749 ut
896 3706 1017 3764 post
1043 3697 1238 3752 collata
1266 3706 1370 3754 tam
1395 3700 1630 3771 ingentia
1660 3704 1831 3759 bene-

243 3778 360 3833 ficia
388 3779 608 3837 laudare
636 3798 743 3840 non
773 3785 1022 3841 desinant
1049 3788 1172 3845 coeli
1202 3799 1465 3861 terrseque
1492 3791 1827 3851 Creatorem.

245 3871 308 3927 Et
338 3874 548 3942 respice
576 3890 840 3948 praecepta
880 3878 979 3934 ista
1019 3881 1075 3936 in
1108 3882 1191 3937 his
1215 3883 1424 3940 duobus
1451 3887 1697 3942 versibus
1725 3903 1831 3958 qua

244 3963 588 4022 distinctione
618 3979 920 4025 creverunt.
975 3971 1155 4028 Primo
1182 3973 1315 4027 dixit
1344 3994 1356 4028 :
1386 3974 1620 4031 Laudate
1649 3994 1832 4034 nomen

244 4053 474 4110 Domini.
499 4057 567 4112 Et
613 4075 679 4115 nc
725 4061 1055 4132 quibuslibet
1097 4065 1201 4119 hoc
1248 4075 1468 4137 putares
1508 4069 1829 4142 injunctum,

243 4148 467 4217 addidit,
493 4152 699 4207 laudate
719 4157 848 4209 servi
874 4156 1176 4227 Dominum,
1205 4157 1257 4214 id
1281 4168 1382 4229 est,
1410 4162 1646 4230 quiservi
1667 4164 1835 4233 ipsius

243 4240 371 4294 estis
403 4255 572 4310 prona
600 4245 871 4303 voluntate
901 4248 1099 4316 devoti,
1126 4260 1178 4304 et
1209 4251 1488 4307 Dominum
1512 4269 1606 4309 vos
1629 4255 1831 4313 habere

242 4330 474 4398 sentitis,
495 4348 651 4401 quem
682 4336 826 4390 nulla
849 4339 1230 4408 superstitione
1257 4346 1618 4402 contemnitis.
1650 4348 1833 4405 Tettio

242 4417 371 4473 dicit
401 4435 417 4480 ;
453 4420 555 4486 Qui
584 4427 730 4479 statis
763 4427 816 4480 in
840 4430 991 4483 domo
1020 4430 1248 4501 Domini,
1278 4434 1380 4490 hoc
1402 4448 1505 4505 est,
1537 4439 1623 4508 qui
1652 4454 1832 4508 perse-

244 4510 457 4566 veranti
486 4521 540 4565 et
576 4513 891 4572 intitubahili
924 4520 1193 4579 voluntate
1219 4525 1269 4579 in
1307 4526 1470 4595 ipsius
1503 4540 1687 4586 sancta
1717 4546 1834 4588 cre-

1918 554 2075 611 nobis
2109 557 2417 613 ostenderet
2460 558 2738 614 unitatem.
2783 561 3170 619 Laudisenim
3219 564 3503 622 dominicae

1919 661 2087 718 usque
2108 648 2177 703 ad
2203 649 2520 705 divisionem
2548 655 2771 721 positam
2799 655 3077 724 multiplex
3119 670 3279 711 causa
3314 671 3505 712 narra-

1919 746 2025 795 tur.
2050 738 2185 794 Nam
2209 755 2327 796 cum
2352 741 2461 797 sint
2488 742 2667 796 omnia
2689 744 2844 799 valde
2868 745 3008 801 bona
3034 761 3154 816 quae
3180 747 3327 814 fecit,
3351 748 3506 819 cujus

1920 830 2037 901 ipse
2063 832 2135 887 sit
2155 832 2409 889 bonitatis
2432 833 2751 905 advertitur,
2774 852 2805 891 a
2825 852 2930 908 quo
2954 838 3080 893 talia
3101 854 3349 895 manasse
3378 855 3505 897 nos-

1921 933 2136 1003 cuntur.
2168 925 2384 982 Addidit
2412 941 2640 998 quoque,
2674 930 2878 997 suavis,
2921 940 2982 985 ut
3020 946 3124 986 non
3155 932 3332 988 solum
3361 934 3503 988 beni-

1923 1032 2080 1087 gnum
2099 1060 2114 1084 ,
2142 1016 2235 1071 sed
2265 1025 2318 1073 et
2344 1018 2554 1075 dulcem
2583 1034 2704 1076 esse
2732 1022 2980 1078 sentires.
3007 1023 3099 1079 Sic
3123 1025 3267 1081 enim
3291 1034 3348 1082 et
3374 1026 3505 1081 alibi

1924 1111 2093 1167 dicit:
2125 1109 2333 1167 Gustate
2372 1123 2419 1167 et
2455 1114 2617 1168 videte
2655 1116 2898 1186 quoniam
2933 1118 3102 1172 suavis
3138 1126 3212 1173 est
3258 1118 3510 1173 Dominus

1924 1206 1945 1276 (
1972 1204 2116 1260 Psal.
2146 1222 2329 1271 xxxut,
2355 1205 2456 1279 9).
2485 1207 2704 1265 Psallite
2730 1225 2859 1267 vero
2897 1212 3024 1267 dum
3054 1211 3289 1282 ponitur,
3318 1212 3383 1267 ad
3412 1212 3510 1268 bo-

1926 1313 2023 1355 nas
2053 1300 2295 1368 corporis
2335 1301 2676 1369 operationes
2701 1302 2961 1371 refertur;
3006 1313 3063 1359 ut
3097 1305 3149 1359 in
3179 1304 3279 1361 hac
3320 1304 3509 1361 mundi

1927 1389 2334 1446 conversatione
2355 1391 2640 1448 Dominum
2661 1394 2937 1460 videamur
2957 1396 3026 1453 de
3038 1407 3223 1455 nostra
3249 1398 3514 1468 probitate

1928 1483 2169 1539 laudare.

2001 1578 2154 1635 Vers.
2181 1579 2237 1634 4.
2264 1579 2520 1647 Quoniam
2546 1578 2708 1637 Iacob
2735 1583 2884 1655 elegit
2911 1585 3007 1638 sibi
3033 1585 3311 1655 Dominus,
3342 1587 3513 1643 Israel

1929 1673 1983 1727 in
2004 1674 2367 1744 possessionem
2392 1674 2509 1729 sibi.
2535 1675 2604 1730 Et
2628 1675 2716 1731 hic
2736 1690 2921 1732 versus
2943 1677 3118 1734 adhuc
3138 1678 3205 1732 ad
3226 1679 3367 1735 illam
3393 1696 3516 1750 par-

1935 1772 2040 1819 tem
2065 1765 2327 1833 pertinet,
2373 1780 2471 1820 cur
2500 1766 2759 1822 Dominus
2801 1768 2994 1824 debeat
3027 1770 3330 1838 praedicari.
3372 1771 3516 1828 Non-

1857 1850 1907 1906 ιι
1932 1854 2107 1910 nullos
2128 1864 2305 1912 autem
2339 1855 2559 1913 titillare
2598 1859 2959 1929 cognoscitur,
2991 1875 3158 1931 quare
3186 1877 3294 1917 non
3332 1862 3402 1917 sit
3431 1863 3519 1920 hic

1927 1949 2197 2006 Abraham
2228 1951 2458 2020 positus,
2493 1953 2843 2023 cui‘primum
2887 1955 3001 2012 hare
3040 1958 3310 2026 possessio
3354 1974 3384 2014 a
3411 1960 3518 2014 Do-

1928 2044 2073 2100 mino
2113 2045 2381 2114 promissa
2426 2045 2765 2102 declaratur?
2792 2048 2900 2105 Sed
2929 2049 3163 2106 Abrahae
3200 2051 3519 2107 vocabulum

1928 2152 2038 2193 non
2065 2139 2165 2194 hoc
2202 2139 2485 2195 videbatur
2510 2141 2850 2211 significare,
2882 2143 3022 2213 quod
3064 2143 3131 2200 de
3159 2144 3264 2200 isto
3308 2145 3524 2201 nomine

1932 2231 2200 2300 potuisset
2246 2231 2478 2287 adverti.
2534 2230 2695 2287 Jacob
2748 2232 3015 2304 siquidem
3068 2236 3522 2306 supplantatorem

1930 2322 2274 2392 interpretari
2296 2338 2439 2394 stepe
2460 2325 2569 2395 jam
2595 2325 2799 2382 dictum
2826 2336 2942 2393 est,
2973 2327 3063 2398 qui
3093 2328 3520 2385 benedictionem

1930 2417 2225 2472 fraternam
2256 2416 2490 2487 gloriosa
2531 2419 2691 2475 nimis
2717 2421 3009 2490 cupiditate
3036 2424 3332 2493 praeripuit.
3364 2423 3517 2492 Quod

1930 2508 1998 2562 ad
2048 2516 2318 2563 evocatam
2367 2510 2807 2567 numerositatem
2857 2512 3094 2584 gentium
3147 2522 3523 2585 competenter

1936 2607 2171 2670 aptatur,
2197 2615 2317 2670 qua:
2344 2600 2634 2657 adventum
2662 2603 2875 2659 Domini
2903 2603 3196 2661 Salvatoris
3224 2605 3292 2661 ad
3327 2620 3386 2661 se
3408 2621 3526 2663 cre-

1931 2693 2154 2749 dulitate
2176 2694 2413 2761 trahens,
2444 2695 2742 2768 Synagogae
2781 2712 3003 2754 munera
3034 2702 3298 2770 promissa
3340 2717 3523 2771 perce-

1931 2788 2034 2858 pit,
2064 2793 2120 2843 et
2144 2786 2379 2855 priorem
2409 2789 2662 2858 populum
2698 2790 2952 2861 religiosa
2985 2790 3325 2849 festinatione
3361 2802 3521 2864 supe—’

1930 2878 2088 2933 ravit.
2125 2870 2233 2933 Sed
2265 2888 2387 2950 post
2432 2880 2581 2935 illam
2630 2881 2950 2949 patriarchae
2998 2884 3280 2954 mysticam
3323 2885 3520 2940 luctam

1934 2984 2093 3041 quam
2122 2970 2288 3027 Jacob
2325 2985 2447 3026 cum
2494 2972 2685 3043 angelo
2726 2982 3040 3030 constanter
3086 2977 3361 3043 exercuit,
3404 2976 3520 3047 ipse

1934 3080 2146 3136 quoque
2176 3061 2344 3118 Israel
2370 3064 2628 3134 appellari
2652 3065 2876 3132 meruit;
2900 3066 3023 3136 quia
3048 3075 3212 3122 tantas
3240 3078 3523 3124 concerta-

1932 3159 2105 3225 tionis,
2128 3158 2232 3213 lixa
2262 3167 2442 3214 mente
2473 3158 2707 3229 pondera
2738 3160 3011 3215 toleravit.
3038 3160 3206 3217 Israel
3229 3173 3409 3219 autem
3441 3165 3523 3219 in-

1857 3235 1905 3300 C
1934 3258 2259 3321 terpretatur
2288 3251 2371 3306 vir
2401 3251 2593 3308 videns
2623 3253 2814 3321 Deum,
2843 3254 2987 3325 quod
3017 3254 3084 3311 ad
3114 3255 3260 3311 illam
3290 3258 3525 3327 pertinet

1932 3344 2380 3416 significationem
2423 3360 2583 3415 quam
2643 3346 2897 3402 Dominus
2942 3348 3185 3417 possidet
3233 3350 3286 3404 in
3327 3350 3523 3407 beatis.

1934 3436 2101 3508 Elegit
2126 3438 2305 3508 itaque
2342 3437 2686 3529 Jacobndum
2716 3438 2975 3496 Ecclesia:
3003 3442 3263 3512 populum
3290 3443 3529 3499 diversa-

1931 3546 2050 3586 rum
2093 3530 2332 3602 gentium
2376 3532 2794 3603 congregatione
2836 3533 3217 3590 subadunavit.
3282 3535 3532 3594 Possidet

1933 3622 2113 3690 Israel,
2138 3624 2348 3694 quando
2380 3625 2433 3679 in
2459 3625 2546 3680 illa
2570 3627 2847 3683 beatorum
2870 3628 3288 3697 resurreCtione,
3324 3629 3441 3701 ipse
3472 3633 3526 3687 in

1934 3716 2189 3771 omnibus
2220 3716 2478 3785 probatur
2510 3717 2782 3774 habitare.
3224 3774 3225 3777 η

2005 3806 2162 3862 Vers.
2197 3809 2251 3863 5.
2286 3807 2422 3873 Quia
2456 3824 2547 3878 ego
2586 3810 2800 3876 cognovi
2825 3811 2963 3878 quod
3004 3826 3221 3881 magnus
3250 3821 3324 3866 est
3350 3812 3530 3865 Domi-

1934 3914 2060 3960 nus,
2092 3906 2140 3950 et
2185 3895 2324 3951 Deus
2347 3908 2519 3951 noster
2546 3914 2653 3965 prce
2683 3900 2919 3953 omnibus
2960 3901 3082 3955 diis.
3113 3896 3298 3957 omnis
3336 3903 3531 3959 relatio

1933 3996 2081 4045 certa
2120 3989 2383 4059 redditur,
2427 3991 2637 4059 quando
2668 3992 2717 4046 is
2746 3992 2836 4061 qui
2882 3993 3080 4060 refert,
3112 3996 3254 4065 quod
3295 3995 3424 4053 dicit
3470 4012 3531 4054 se

1933 4082 2189 4153 probasse
2220 4089 2463 4137 testatur.
2487 4081 2661 4151 Atque
2690 4083 2809 4139 ideo
2829 4086 3146 4155 cognovisse
3167 4100 3226 4141 se
3248 4086 3377 4142 dicit
3408 4103 3533 4158 pro-

1935 4175 2095 4245 pheta
2123 4172 2265 4243 quod
2297 4172 2575 4241 praedicat,
2601 4186 2705 4228 non
2734 4173 2911 4244 aliqua
2940 4175 3151 4231 visione
3176 4178 3403 4245 carnali,
3438 4177 3532 4234 sed

1935 4266 1992 4322 in
2023 4265 2114 4320 illa
2144 4263 2425 4319 altitudine
2453 4263 2694 4320 scientia
2735 4265 2960 4335 positus,
3006 4265 3081 4322 ibi
3112 4281 3362 4338 magnum
3400 4284 3532 4325 con-

1938 4356 2230 4426 templatus
2257 4364 2343 4411 est
2370 4357 2678 4412 Dominum.
2718 4357 2942 4413 Videbat
2967 4361 3113 4415 enim
3153 4364 3235 4416 vir
3262 4363 3536 4419 sanctissi-

1938 4465 2058 4505 mus
2081 4448 2412 4518 Maiestatem
2436 4449 2583 4504 illam
2606 4451 2906 4507 mirabilem
2930 4452 3138 4509 cunctis
3162 4455 3532 4524 potestatibus,

1939 4552 1995 4597 et
2034 4543 2297 4599 caelorum
2344 4541 2634 4598 virtutibus
2662 4542 3052 4614 imperantem;
3083 4554 3140 4600 et
3167 4560 3392 4601 necesse
3436 4544 3537 4601 fuit

243 4602 467 4707 dulitate
493 4608 805 4665 consistitis.
839 4610 1037 4668 Contra
1069 4616 1188 4671 illos
1233 4617 1440 4675 scilicet
1468 4621 1667 4677 dictum
1687 4668 1702 4694 ,
1742 4626 1830 4695 qui
1862 4613 1913 4674 Β
1939 4644 1997 4691 ut
2025 4636 2230 4692 diceret
2257 4654 2269 4688 :
2302 4636 2437 4703 Quia
2475 4638 2686 4708 cognovi
2708 4602 2843 4706 quod
2860 4602 3075 4707 magnus
3094 4646 3168 4693 est
3192 4637 3461 4707 Dominus,
3486 4647 3538 4693 et

244 4695 514 4764 patientes
554 4698 823 4757 defectum
851 4705 919 4761 de
949 4707 1149 4765 collato
1177 4709 1356 4767 subito
1396 4713 1601 4772 honore
1622 4716 1835 4774 cecide-

240 4797 388 4844 runt.
434 4790 721 4860 Sequitur,
756 4795 824 4850 In
856 4800 1004 4853 atriis
1041 4801 1224 4857 domus
1254 4802 1351 4859 Dei
1398 4808 1580 4861 nostri.
1628 4808 1837 4865 Atrium

249 4876 454 4967 dicitur
478 4882 823 4951 amplissimae
853 4886 1042 4943 domus
1070 4891 1270 4959 primus
1296 4894 1587 4967 ingressus,
1615 4899 1706 4955 ubi
1735 4901 1836 4956 sibi

245 4964 549 5025 habitantes
576 4981 795 5043 propter
824 4977 1195 5045 expellendum
1243 4982 1412 5054 frigus
1458 4964 1606 5043 focos
1656 4990 1836 5048 facere

244 5058 634 5129 noscebantur;
667 5072 721 5119 et
748 5066 815 5121 ab
831 5068 931 5121 atri
952 5068 1080 5123 fumi
1101 5072 1526 5132 nebulosissimis
1546 5068 1718 5148 globis
1743 5098 1838 5153 ap-

248 5151 617 5239 pellataatria
639 5197 654 5225 ,
685 5162 835 5229 quasi
876 5172 1021 5230 atra,
1052 5164 1216 5219 tradit
1266 5169 1576 5239 antiquitas.
1610 5174 1676 5228 Et
1712 5151 1836 5243 quia

244 5243 427 5299 nullus
447 5236 628 5304 sermo
652 5261 833 5320 vacat,
861 5253 952 5324 qui
975 5268 1082 5310 non
1121 5255 1337 5327 aliquod
1366 5236 1676 5332 mysterium
1707 5236 1835 5324 con-

244 5338 423 5394 tinere
446 5341 723 5411 videatur;
758 5354 813 5402 et
841 5346 961 5403 illos
982 5349 1142 5404 etiam
1166 5350 1296 5406 dicit
1318 5352 1606 5411 Dominum
1636 5359 1835 5419 debere

244 5431 487 5506 laudare,
522 5439 613 5509 qui
645 5441 700 5496 in
732 5443 964 5513 primum
1006 5444 1307 5501 membrum
1337 5446 1529 5505 domus
1554 5450 1841 5511 dominica:

242 5525 770 5606 videnturingressi.

322 5622 473 5680 Vers.
500 5627 558 5683 5.
590 5627 821 5686 Laudato
850 5632 1149 5703 Dominum,
1192 5640 1432 5707 quoniam
1475 5641 1720 5714 benignus
1761 5655 1837 5700 est

242 5711 503 5771 Dominus
531 5735 549 5771 :
593 5724 797 5790 psallite
840 5728 1033 5781 nomini
1071 5730 1215 5799 ejus,
1255 5733 1499 5801 quoniam
1538 5736 1835 5805 suat'is‘est.

242 5804 539 5866 Considera
568 5815 707 5883 quod
754 5819 962 5875 laudate
1005 5824 1161 5879 tertio
1206 5824 1421 5896 posuit,
1454 5835 1510 5883 ut
1539 5842 1635 5900 per
1664 5804 1837 5890 laudis

1944 4727 2082 4782 Deus
2108 4735 2280 4783 noster
2306 4743 2413 4797 pra:
2442 4726 2675 4783 omnibus
2698 4728 2832 4794 diis;
2861 4743 2965 4784 non
2986 4727 3109 4799 quia
3138 4737 3334 4799 praeter
3362 4728 3537 4799 ipsum

1940 4821 2133 4890 aliquis
2164 4820 2304 4876 Deus
2330 4827 2447 4886 est,
2475 4819 2615 4875 sicut
2641 4822 2693 4874 in
2720 4820 2825 4875 alio
2866 4820 3074 4889 psalmo
3115 4820 3312 4891 legitur
3344 4839 3357 4874 :
3396 4820 3540 4888 Quo-

1941 4912 2079 4966 niam
2108 4913 2220 4982 quis
2245 4908 2382 4965 Deus
2409 4921 2588 4979 praeter
2609 4910 2909 4976 Dominum,
2937 4921 3024 4965 aut
3045 4911 3158 4981 quis
3185 4911 3325 4966 Deus
3352 4921 3538 4981 printer

1941 5003 2107 5059 Deum
2134 5012 2367 5058 nostrum
2388 5003 2558 5071 (Psal.
2588 5020 2714 5068 xvn,
2748 5005 2842 5073 52)
2872 5023 2884 5057 :
2915 5005 3010 5060 sed
3035 5005 3156 5075 quia
3181 5007 3536 5076 potestatibus

1940 5098 2169 5169 diversis
2201 5098 2302 5154 hoc
2329 5112 2525 5154 nomen
2562 5097 2780 5154 abusive
2800 5106 3011 5154 constat
3038 5094 3367 5170 impositum,
3400 5102 3540 5157 sicut

1942 5190 1996 5245 in
2023 5190 2209 5245 Exodo
2240 5191 2431 5262 legitur
2457 5208 2470 5245 :
2500 5189 2751 5246 Constitui
2778 5200 2825 5246 te
2845 5192 2996 5246 deum
3021 5191 3313 5249 Pharaonis
3335 5193 3538 5266 (Exod.

1939 5297 2035 5345 vn,
2078 5282 2133 5349 l)
2153 5298 2167 5347 ;
2191 5288 2247 5336 et
2275 5281 2569 5351 Apostolus
2597 5281 2730 5337 dicit
2758 5300 2770 5336 :
2818 5282 2958 5337 Nam
2987 5286 3080 5338 etsi
3104 5294 3222 5339 sunt
3248 5286 3338 5356 qui
3363 5287 3542 5340 dican-

1941 5380 2025 5427 tur
2055 5373 2161 5441 dii,
2193 5375 2296 5429 sive
2333 5376 2386 5429 in
2416 5376 2562 5442 caelo,
2590 5376 2693 5432 sive
2712 5377 2766 5429 in
2797 5385 2931 5432 terra
2964 5379 3115 5450 (sicut
3136 5389 3256 5435 sunt
3289 5381 3364 5435 dii
3388 5382 3543 5438 multi

1945 5474 1991 5521 et
2012 5466 2211 5520 domini
2232 5466 2404 5535 multi)
2433 5466 2575 5522 nobis
2614 5476 2782 5524 tamen
2814 5485 2947 5525 unus
2986 5470 3122 5525 Deus
3150 5469 3324 5541 Pater,
3356 5489 3419 5527 ea:
3440 5490 3541 5541 quo

1944 5558 2151 5623 omnia;
2200 5566 2245 5611 et
2286 5574 2418 5612 unus
2454 5556 2707 5613 Dominus
2751 5560 2900 5616 Iesus
2945 5562 3211 5631 Christus,
3254 5581 3345 5636 per
3391 5581 3541 5635 quem

1943 5652 2134 5718 omnia,
2163 5659 2209 5703 et
2236 5667 2327 5704 nos
2354 5666 2444 5721 per
2470 5651 2636 5717 ipsum
2662 5650 2749 5722 (II
2780 5652 2900 5709 Cor.
2929 5670 3039 5721 vnt,
3062 5656 3118 5722 5,
3150 5657 3227 5727 6).
3253 5656 3403 5712 Unde
3429 5671 3542 5711 me-

1942 5743 2049 5798 rito
2070 5744 2427 5815 prieomnibus
2454 5744 2552 5801 diis
2576 5761 2790 5817 magnus
2813 5747 3009 5805 dicitur
3035 5750 3195 5817 Deus,
3220 5765 3248 5806 ει
3278 5765 3383 5823 quo
3406 5762 3542 5806 cun-

1948 5845 2033 5893 cta
2060 5849 2239 5895 creata
2267 5848 2411 5896 sunt.
