4078 6342
483 517 486 520 .
543 463 652 524 965

1781 459 1854 515 Μ.
1895 454 2174 514 Αυῑιειιι
2209 451 2605 510 CASSIODORI

3715 447 3822 508 ρει

612 577 768 633 Vers.
800 574 855 632 ο.
891 575 1078 630 Omnia
1099 589 1411 649 quacunque
1437 577 1618 645 voluit,
1649 575 1903 630 Dominus
1933 573 2050 644 fecit
2072 573 2124 625 in
2154 574 2205 634 Α
2231 583 2344 635 cus;
2361 568 2771 624 utadvertamus
2792 581 2897 624 non
2915 567 3364 636 casualiterfacta,
3387 567 3484 626 sed
3502 567 3556 625 in
3569 584 3822 642 magnam

542 670 688 734 octo,
711 677 758 722 et
784 669 838 722 in
863 676 1016 735 terra,
1039 668 1092 721 in
1119 669 1270 734 mari,
1300 671 1420 723 etin
1452 671 1663 742 abyssis.
1708 669 1832 722 Post
1873 666 1962 720 illa
2006 679 2123 734 qua:

542 760 788 830 superius
833 759 994 825 dixit,
1027 759 1082 812 in
1123 759 1286 815 altum
1336 776 1396 816 se
1440 762 1663 817 tetendit
1704 774 1829 815 vera
1875 758 2031 812 nimis
2070 764 2125 812 et

540 853 752 908 excelsa
780 853 1110 922 praedicatio.
1162 853 1314 921 Quod
1343 855 1560 910 schema
1591 855 1786 910 dicitur
1827 851 2124 922 epiphone-

541 959 649 1011 ma,
679 943 731 999 id
757 955 842 1000 est
871 954 989 1012 post
1015 954 1255 1001 narratas
1283 961 1370 1002 res
1403 961 1653 1003 crescens
1681 946 1746 1002 ad
1775 946 1976 1015 majora
2004 959 2126 1000 sen-

540 1038 726 1093 tentia.
751 1037 886 1091 Nam
909 1037 1152 1106 quamvis
1181 1038 1288 1094 sint
1317 1040 1692 1096 inenarrabilia
1723 1053 1883 1108 opera
1920 1035 2127 1092 Domini

540 1139 786 1201 totusque
808 1130 1037 1184 mundus
1065 1133 1268 1188 referre
1298 1147 1404 1188 non
1435 1136 1722 1203 praevaleat
1752 1131 1894 1203 quod
1933 1145 2126 1200 Opera-

540 1224 696 1279 turin
728 1222 950 1291 mundo,
984 1223 1068 1278 hic
1091 1233 1266 1280 tamen
1300 1227 1547 1281 universa
1577 1225 1838 1296 stupenda
1869 1223 2128 1279 brevitate

537 1318 788 1372 conclusa
811 1325 940 1372 sunt
965 1334 980 1373 :
1014 1320 1184 1372 omnia
1214 1318 1383 1374 Deum
1409 1323 1589 1391 fecisse
1617 1335 1731 1391 qua:
1763 1317 1920 1372 voluit
1947 1317 1998 1369 in
2031 1331 2129 1369 cte-

536 1409 612 1478 lo,
631 1421 680 1465 et
703 1411 760 1464 in
784 1419 942 1477 terra,
964 1413 1020 1464 in
1049 1413 1201 1479 muri,
1230 1413 1352 1466 etin
1381 1413 1609 1483 abyssis;
1640 1421 1697 1467 ut
1726 1420 1778 1467 et
1808 1418 1988 1466 creata
2012 1423 2128 1479 qum

537 1506 701 1572 vides,
729 1508 844 1576 ejus
886 1507 1160 1563 voluntate
1191 1507 1328 1562 facta
1360 1523 1479 1562 esse
1529 1521 1920 1578 cognosceres;
1953 1517 2005 1560 et
2038 1505 2129 1560 illa

538 1611 656 1666 quae
685 1597 932 1654 humanis
960 1606 1235 1667 nequeunt
1257 1599 1634 1668 conspectibus
1659 1611 1935 1669 apparere,
1961 1598 2130 1667 ipsius

539 1690 776 1759 potentia
800 1689 1068 1744 contineri
1108 1703 1270 1758 posse
1290 1690 1535 1744 sentires.
1561 1689 1756 1744 (Icelum
1787 1690 2015 1758 positum
2047 1699 2130 1743 est

538 1794 640 1850 pro
673 1779 880 1834 cumis
921 1779 1259 1845 ealestibus,
1305 1789 1437 1833 terra
1487 1791 1584 1849 pro
1634 1779 1884 1834 omnibus
1923 1794 2043 1849 qua:
2077 1779 2130 1833 in

540 1881 680 1928 terra
721 1874 1040 1944 gignuntur,
1091 1889 1230 1929 mare
1250 1884 1732 1930 commemoratum
1761 1875 2003 1930 dicamus
2036 1887 2134 1944 pro
2181 1873 2190 1877 ’

2228 660 2635 728 intelligentiam
2666 659 2940 730 sequentis
2961 661 3134 715 aetatis
3163 659 3329 715 fuisse
3360 661 3660 730 praemissa.
3687 661 3824 718 Nam

2227 753 2272 806 si
2297 752 2700 807 consideremus
2726 753 2890 807 altius
2910 794 2924 818 ,
2947 763 3000 807 et
3025 752 3183 807 hodie
3209 753 3331 806 talia
3369 753 3521 808 liunt.
3559 752 3827 826 zEggptus

2229 841 2316 897 hic
2343 843 2570 897 mundus
2599 855 2680 898 est
2707 844 2797 913 qui
2825 845 3054 899 diversis
3080 843 3322 899 cladibus
3344 845 3535 916 affligit
3559 848 3823 916 p’opulum

2227 935 2619 1002 Christianum;
2640 937 2740 1000 sed"
2755 938 2966 994 Domini
2987 939 3180 993 virtute
3205 939 3548 1010 potentiaque
3570 951 3826 997 terretur.

2229 1024 2492 1097 Egyptus
2507 1037 2684 1084 autem
2701 1028 2966 1099 signiﬁcat
2982 1028 3346 1096 amictionem,
3371 1045 3490 1100 qua:
3514 1029 3689 1103 [ulius,
3707 1031 3826 1104 qui]

2231 1134 2335 1173 non
2364 1119 2516 1174 aliter
2545 1120 2766 1174 dimittit
2791 1107 3000 1176 animas
3027 1119 3244 1187 lideles,
3271 1121 3374 1175 nisi
3405 1122 3457 1175 in
3485 1123 3597 1192 ipsa
3625 1122 3826 1196 [ulias,

2230 1209 2366 1282 ipso]
2397 1210 2542 1266 duris
2570 1213 2844 1268 laboribus
2877 1215 3243 1283 ingraventur.
3287 1210 3638 1287 Primogenita
3675 1216 3828 1272 enim

2230 1305 2432 1370 mundi,
2457 1305 2607 1376 quasi
2639 1304 2856 1377 Egypti
2882 1307 3126 1375 percutit,
3155 1307 3367 1376 quando
3392 1316 3539 1361 natos
3565 1307 3829 1364 homines

2231 1399 2284 1454 in
2312 1400 2553 1470 originali
2589 1409 2806 1469 peccato
2838 1400 3089 1467 potentiae
3134 1414 3247 1452 sua:
3295 1399 3632 1468 inspiratione
3688 1415 3827 1456 cor-

2231 1492 2460 1548 rexerit.
2491 1492 2563 1545 Ab
2595 1491 2797 1545 homine
2821 1507 2978 1562 usque
2994 1492 3064 1544 ad
3080 1507 3254 1561 pecus,
3280 1489 3330 1546 id
3355 1499 3438 1548 est
3459 1507 3488 1546 a
3512 1493 3827 1562 prudentio-

2231 1585 2378 1640 ribus
2401 1584 2557 1654 hujus
2604 1583 2788 1639 saculi
2819 1599 2986 1655 usque
3019 1584 3085 1638 ad
3116 1592 3424 1640 mansuetos
3453 1594 3508 1640 et
3549 1583 3830 1654 simplices

2232 1681 2396 1736 viros.
2430 1681 2628 1734 Omnes
2658 1679 2800 1735 enim
2827 1678 2930 1733 uisi
2962 1692 3056 1748 per
3083 1678 3308 1748 gratiam
3339 1677 3553 1734 Domini
3595 1678 3828 1734 liberen-

2235 1781 2353 1839 tur,
2390 1788 2420 1829 a
2461 1773 2675 1829 diabolo
2712 1773 2858 1830 velut
2899 1771 3198 1828 Pharaonis
3247 1771 3408 1842 impia
3458 1770 3831 1832 dominatione

2235 1866 2629 1936 deprimuntur.

540 1967 657 2022 istis
701 1968 908 2024 sinibus
962 1981 1098 2038 quos
1151 1971 1566 2025 commeantium
1623 1969 1898 2025 discursus
1952 1967 2133 2022 invisi—
2161 1962 2210 2023 B
2313 1959 2462 2016 Vers.
2493 1961 2546 2015 9.
2582 1957 2726 2013 Misit
2751 1958 2968 2030 signaet
2993 1955 3228 2028 prodigia
3252 1957 3307 2010 in
3329 1956 3498 2010 medio
3525 1957 3623 2025 tui,
3656 1955 3830 2029 Egy-

540 2069 650 2126 tat,
681 2062 893 2131 ubyssus
935 2075 1066 2118 vero
1106 2061 1382 2117 Oceanum
1431 2063 1698 2135 designat,
1748 2061 1838 2132 qui
1879 2071 1932 2116 et
1981 2060 2136 2116 nobis

540 2152 776 2223 ignotus,
815 2163 872 2209 et
909 2155 927 2224 (
950 2163 1006 2210 ut
1043 2155 1257 2224 quidam
1301 2155 1582 2226 referunt)
1623 2155 1901 2211 altitudine
1945 2169 2135 2225 magna

541 2245 836 2315 profundus
875 2256 978 2302 est.
1019 2247 1072 2300 lu
1105 2247 1188 2302 his
1219 2255 1395 2303 autem
1448 2249 1697 2303 omnibus
1739 2248 1987 2303 voluntas
2031 2246 2136 2300 Do-

541 2337 670 2392 mini
698 2339 818 2393 sine
849 2338 1030 2407 aliqua
1063 2338 1394 2394 dubitatione
1429 2340 1750 2408 completur.
1778 2337 1914 2407 Quid
1959 2346 2136 2393 autem

540 2425 734 2484 iecerit
763 2428 1044 2495 Dominus,
1075 2429 1466 2500 subsequentur
1487 2440 1724 2485 enarrat.

617 2520 769 2576 Vens.
800 2522 854 2576 ".'.
880 2519 1121 2576 Eduem
1139 2521 1295 2576 nubes
1315 2523 1380 2576 ab
1393 2532 1620 2578 extremo
1647 2531 1796 2577 terra:
1819 2536 1837 2576 :
1858 2520 2063 2591 fulgura
2086 2521 2142 2576 in

541 2611 769 2682 pluvium
808 2612 945 2679 fecit.
994 2613 1096 2678 Qui
1135 2612 1376 2680 producit
1415 2622 1589 2667 ventos
1631 2611 1696 2667 de
1725 2612 1976 2668 thesauris
2008 2613 2138 2669 suis.

543 2705 660 2760 Hoc
683 2706 730 2759 si
756 2703 824 2760 ad
853 2703 1085 2758 litteram
1116 2705 1388 2774 intendas,
1423 2714 1633 2762 secreta
1678 2715 1886 2761 natura:
1929 2706 2144 2762 Domini

547 2803 776 2851 testatus
809 2794 1274 2850 adi-riuistratione
1315 2796 1595 2865 compleri.
1645 2795 1758 2852 Sed
1791 2797 2048 2867 quoniam
2076 2796 2144 2852 de

545 2886 775 2944 Hebrao
806 2886 1002 2956 populo
1027 2886 1158 2942 dicit
1203 2886 1464 2953 inferius,
1494 2889 1748 2945 convenit
1782 2888 1886 2944 Ioc
1930 2901 2145 2960 quoque

545 2979 852 3036 hominibus
874 2979 1162 3050 applicare.
1194 2979 1392 3035 Eduxit
1416 2981 1574 3035 nubes
1599 2981 1666 3035 ult
1701 2990 1928 3036 extremo
1967 2990 2136 3048 terra,

545 3072 762 3143 quando
788 3074 1078 3144 prophetas
1120 3074 1188 3130 ab
1217 3074 1407 3130 humili
1453 3075 1734 3146 proposito
1773 3076 1840 3130 ad
1883 3075 2145 3145 praedicis-

546 3164 712 3221 tionis
751 3163 878 3220 fecit
923 3163 1136 3234 fastigia
1180 3165 1486 3236 pervenire.
1533 3166 1635 3233 Qui
1687 3164 1888 3221 merito
1913 3165 2146 3222 nubibus

545 3266 958 3327 eornpanntur;
987 3258 1239 3328 quoniam
1267 3259 1442 3314 imbre
1467 3260 1547 3314 sui
1582 3258 1782 3329 eloquii
1811 3273 1842 3314 a
1871 3259 2033 3315 futuri
2057 3259 2147 3330 ju-

2240 2063 2355 2125 pls;
2372 2055 2422 2108 in
2454 2053 2784 2107 Pharaonem
2819 2059 2868 2106 et
2885 2051 2940 2106 ist
2961 2066 3135 2105 omnes
3156 2065 3328 2106 servos
3344 2052 3480 2116 eius.
3503 2048 3646 2104 Risit
3671 2050 3827 2121 signa

2239 2155 2288 2204 et
2316 2147 2571 2218 prodigia,
2595 2145 2812 2216 quando
2842 2144 2896 2200 in
2934 2144 3186 2214 passione
3213 2143 3383 2213 ipsius
3427 2151 3572 2198 terra
3605 2151 3825 2198 contre-

2243 2241 2398 2308 muit,
2426 2253 2554 2294 saxa
2584 2238 2796 2308 dirupta
2821 2245 2971 2304 sunt,
3001 2244 3058 2291 et
3085 2235 3239 2292 mtdti
3266 2244 3578 2291 sanctorum
3603 2236 3672 2290 ad
3689 2235 3824 2291 civi.

2244 2339 2404 2388 tatem
2435 2331 2674 2397 Domini,
2708 2339 2958 2402 superata
2987 2331 3172 2384 mortis
3204 2328 3344 2398 lege,
3368 2336 3662 2393 venerunt;
3683 2327 3830 2398 quod

2243 2429 2299 2484 in
2327 2426 2507 2482 medio
2536 2424 2756 2495 mundi,
2792 2425 2844 2482 id
2877 2434 2962 2481 est
2985 2425 3158 2494 palam
3189 2430 3349 2492 autne
3386 2423 3665 2480 visibiliter
3698 2437 3830 2478 eve-

2243 2519 2390 2576 nisse
2433 2517 2775 2574 manifestum
2813 2521 2918 2572 est.
2967 2517 3186 2589 Signum
3204 2557 3220 2580 ,
3248 2526 3332 2572 est
3357 2529 3448 2572 res
3487 2524 3682 2586 preter
3703 2527 3838 2583 spo-

2245 2615 2384 2670 ciem
2431 2627 2592 2683 quam
2621 2610 2818 2682 ingerit
2851 2610 3104 2666 sensibus
3135 2610 3338 2664 nostris
3361 2607 3502 2663 aliud
3539 2607 3738 2678 aliquid
3763 2605 3838 2662 ei

2243 2721 2306 2763 se
2323 2705 2526 2763 faciatis
2546 2705 2601 2762 in
2621 2704 3003 2777 cogitationem
3021 2702 3238 2769 venire;
3265 2703 3424 2768 sicut,
3453 2701 3674 2772 vestigio
3693 2701 3838 2766 viso,

2248 2796 2529 2852 transiisse
2551 2796 2748 2852 animal
2773 2795 2928 2864 cujus
2953 2794 3237 2864 vestigium
3277 2802 3364 2849 est
3389 2793 3706 2861 cogitamus.
3735 2791 3841 2845 Di-

2247 2894 2390 2941 ctum
2413 2896 2496 2942 est
2519 2901 2648 2942 vero
2676 2888 2885 2956 signum
2910 2884 2978 2940 ab
3005 2899 3071 2940 eo
3099 2882 3242 2954 quod
3262 2881 3541 2953 signiﬁcet.
3575 2880 3845 2953 Prodigia

2246 2981 2399 3050 quasi
2435 2995 2594 3050 porro
2633 2979 2804 3049 digia,
2832 2979 2887 3034 id
2928 2987 3010 3034 est
3041 2979 3199 3048 longe
3244 2975 3598 3048 prediceutia.
3633 2974 3745 3030 Hoc
3777 2983 3846 3031 et

2247 3073 2407 3130 hodie
2451 3071 2846 3143 facit,quando
2875 3072 3081 3128 animas
3127 3069 3311 3127 ﬁdeles
3354 3080 3447 3140 per
3489 3069 3667 3139 aliqua
3691 3083 3842 3138 pm-

2247 3167 2410 3222 missa
2447 3165 2602 3238 signa
2626 3165 2911 3222 convertit.
2936 3162 3146 3219 Pharao
3186 3165 3570 3233 interpretatur
3606 3161 3844 3230 dissipa-

2251 3258 2348 3315 tio.
2387 3259 2455 3314 Et
2483 3259 2568 3314 cui
2594 3260 2771 3328 aptius
2790 3257 3004 3314 dabitur
3030 3257 3133 3312 nisi
3162 3255 3400 3322 diabolo,
3429 3255 3519 3324 qui
3549 3253 3842 3308 humanum

547 3352 675 3410 dieii
720 3366 824 3407 nos
862 3353 1044 3407 calore
1087 3352 1409 3418 defendunt,
1455 3353 1582 3408 dum
1629 3352 1913 3409 animabus
1948 3356 2147 3412 nostris
2176 3343 2222 3410 C
2251 3365 2419 3424 genus
2439 3349 2644 3407 crudeli
2670 3359 2793 3406 voto
2819 3347 3197 3420 persequitur?
3222 3346 3290 3401 In
3316 3363 3492 3402 omnes
3507 3362 3678 3402 servos
3703 3349 3842 3417 ejus,

547 3442 830 3514 prolatum
849 3442 1196 3512 depromunt.
1233 3441 1411 3498 Nubes
1437 3444 1580 3522 enim
1622 3444 1806 3515 (sicut
1838 3444 2148 3516 frequenter

547 3535 754 3592 dictum
779 3543 863 3591 est
883 3533 906 3606 )
929 3533 1226 3604 prophetas
1246 3535 1416 3606 accipi
1445 3535 1646 3592 debere
1673 3536 1954 3608 Scriptura
1986 3546 2150 3594 testa-

550 3635 662 3692 tttr,
683 3625 868 3681 dicens
895 3643 910 3679 :
941 3624 1208 3681 laudabo
1233 3627 1451 3682 nubibus
1473 3626 1638 3700 459
1675 3631 1801 3684 meis
1825 3672 1840 3697 ,
1875 3646 1940 3684 ne
1970 3632 2150 3693 pluunt

549 3735 703 3790 super
720 3734 834 3774 eum
854 3720 1098 3790 pluviam.
1132 3719 1404 3792 Sequitur,
1436 3725 1650 3792 fulgura
1672 3724 1724 3778 in
1753 3724 1981 3793 pluviam
2004 3725 2145 3794 fecit.

551 3813 968 3870 Pratdicationes
991 3813 1172 3884 itaque
1203 3815 1582 3886 prophetarum
1613 3818 1821 3889 fulgura
1849 3828 1998 3883 sunt,
2026 3831 2150 3873 cum

551 3902 860 3971 percutth
891 3901 1138 3958 inimicos
1172 3919 1186 3955 :
1211 3901 1420 3972 pluviis,
1446 3918 1568 3958 cum
1595 3905 1818 3959 devotos
1857 3920 1888 3958 a
1919 3905 2152 3974 peccatis

551 3991 782 4060 diluunt,
811 3999 868 4048 et
894 3993 1121 4050 imbrem
1149 3994 1227 4049 eis
1256 3995 1448 4050 salutis
1477 3995 1784 4063 infundunt,
1819 3998 1963 4053 unde
1990 3998 2153 4068 spiri-

549 4085 722 4141 tuales
763 4087 1066 4154 germinent
1113 4086 1312 4142 [ructus
1335 4131 1350 4155 ,
1387 4097 1444 4143 et
1490 4089 1544 4143 in
1584 4097 1852 4144 maturam
1891 4103 2148 4156 messem,

553 4180 782 4238 Domino
807 4189 1116 4250 pmstante,
1139 4181 1466 4237 coalescant.
1498 4181 1749 4251 Addidit,
1789 4183 1879 4253 qui
1903 4184 2150 4254 producit

553 4282 730 4329 uentos
756 4274 819 4328 de
841 4274 1092 4328 thesauris
1117 4275 1248 4330 suis.
1272 4274 1476 4332 Ventos
1495 4276 1638 4332 enim
1660 4291 1766 4332 non
1790 4277 2034 4348 improbe
2059 4292 2157 4349 po-

556 4366 742 4420 nimus
770 4365 1066 4434 apostolos,
1096 4379 1322 4435 quorum
1354 4369 1665 4433 praedicatio
1697 4379 1866 4424 totum
1899 4371 2156 4424 mundum

554 4465 809 4529 tauquam
837 4467 1027 4514 ventus
1067 4460 1382 4516 celerrimus
1433 4464 1810 4531 percucurrit:
1851 4464 1922 4520 de
1963 4465 2156 4535 quibus

553 4551 666 4610 alio
696 4551 820 4606 loco
839 4551 944 4606 sesi
954 4561 1100 4621 ptum
1139 4561 1223 4607 est
1251 4569 1264 4606 :
1298 4553 1524 4625 Sagittae
1549 4573 1671 4612 suas
1711 4557 2004 4611 ardentibus
2027 4557 2155 4626 effe-

555 4645 626 4700 cit
646 4642 824 4714 (Ρωι.
846 4659 940 4710 ut,
965 4644 1076 4716 14).
1099 4643 1232 4701 Nam
1257 4647 1387 4716 ipsis
1407 4661 1622 4719 quoque
1650 4650 1821 4705 ventis
1844 4665 2035 4721 pennae
2061 4667 2154 4721 pro

2254 3445 2500 3502 homines
2527 3445 2818 3516 signiﬁcat,
2849 3444 2938 3514 qui
2961 3443 3144 3514 {ipsius
3171 3441 3539 3498 voluntatibus
3580 3440 3845 3496 obsecun-

2250 3536 2402 3592 dant.
2455 3537 2602 3592 l‘llius
2649 3536 2793 3593 enim
2843 3534 3030 3590 famuli
3075 3534 3302 3590 dicimur
3342 3531 3430 3588 cui
3483 3542 3844 3589 consentanea

2251 3639 2431 3686 mente
2461 3631 2745 3687 servimus.
2777 3627 2844 3684 Et
2869 3630 2988 3685 ideo
3013 3627 3254 3684 diabolus
3274 3643 3395 3684 cum
3423 3627 3685 3684 ministris
3713 3627 3845 3682 sub-

2253 3723 2533 3794 mergitur,
2559 3722 2773 3794 quando
2805 3721 2951 3777 fonte
2981 3721 3206 3777 salutari
3246 3719 3588 3777 Christianus
3616 3720 3850 3791 populus

2253 3827 2284 3869 a
2316 3814 2549 3870 uelando
2581 3828 2767 3869 errore
2793 3813 3074 3868 liberatur.

2335 3905 2483 3961 Vers.
2511 3905 2598 3962 i0.
2635 3904 2734 3971 Qui
2765 3905 3014 3976 percussit
3047 3914 3218 3977 gentes
3248 3904 3445 3966 mullus,
3466 3911 3514 3958 et
3540 3901 3725 3957 occidit
3745 3918 3844 3957 re-

2255 4011 2341 4070 ges
2365 3998 2539 4066 fortes.
2573 3995 2772 4053 Gentes
2793 3997 2922 4052 dicit
2949 3995 3194 4052 vitiorum
3216 3998 3401 4052 noxias
3420 4004 3686 4062 catervas,
3717 4011 3856 4066 qua

2257 4103 2356 4145 nos
2384 4089 2529 4145 intus
2547 4131 2562 4155 ,
2593 4089 2740 4144 velut
2780 4089 3024 4145 barbara:
3050 4089 3318 4158 nationes,
3341 4103 3550 4159 semper
3579 4088 3858 4158 afﬂigunt.

2259 4181 2366 4237 Has
2408 4196 2687 4252 percussas
2728 4181 2888 4252 dicit,
2919 4181 3131 4252 quando
3164 4181 3529 4237 satisfactione
3577 4180 3862 4251 poeniten-

2259 4275 2393 4331 tium
2418 4276 2784 4330 vulnerantur.
2814 4275 2944 4330 Nam
2977 4275 3118 4344 quod
3149 4275 3303 4330 nobis
3329 4275 3495 4339 salus,
3527 4274 3632 4329 illis
3661 4274 3865 4332 vulnus

2260 4381 2361 4428 est.
2404 4371 2604 4425 Occidit
2633 4373 2794 4426 etiam
2837 4371 2890 4426 in
2919 4369 3074 4426 nobis
3099 4386 3242 4442 reges
3277 4374 3452 4441 fortes,
3483 4385 3609 4424 cum
3634 4369 3866 4438 spiritus

2261 4463 2566 4519 immundos
2585 4472 2923 4534 peccatorum
2946 4463 3065 4518 labe
3086 4462 3450 4526 dominantes,
3467 4460 3870 4516 emundationo

2261 4556 2579 4612 delictorum
2626 4556 2802 4611 reddit
2837 4563 3146 4611 extraneos.
3190 4555 3291 4624 Qui
3329 4556 3524 4611 merito
3559 4555 3614 4609 in
3662 4554 3868 4610 volun-

2263 4656 2370 4704 tate
2391 4663 2487 4704 sua
2511 4649 2761 4704 dicuntur
2777 4649 2962 4718 occisi,
2985 4649 3106 4720 quia
3134 4665 3233 4707 nos
3257 4650 3606 4720 exstinguere
3637 4647 3872 4704 minime

557 4734 838 4792 discursus
863 4734 1144 4792 celeritate
1173 4737 1506 4804 tribuuntur;
1539 4739 1615 4794 ait
1658 4741 1801 4795 enim
1837 4757 1850 4794 :
1885 4740 1953 4794 Et
1981 4758 2159 4797 ascen-
2187 4727 2242 4786 D
2267 4740 2567 4796 valuerunt.

556 4827 636 4883 dit
662 4841 816 4896 super
854 4826 1148 4892 cherubim,
1176 4837 1224 4881 et
1253 4827 1482 4884 volavit:
1534 4830 1726 4885 volavit
1768 4847 1926 4900 super
1968 4848 2159 4901 pennas

558 4929 822 4976 natorum
843 4917 1018 4989 (Paul.
1051 4935 1190 4986 χιιι,
1221 4919 1332 4991 Η).
1357 4923 1658 4992 Subnectit,
1678 4926 1742 4979 de
1759 4926 2009 4982 thesauris
2030 4928 2155 4995 suis,

561 5013 704 5068 unde
725 5025 917 5069 revera
945 5012 1252 5084 spirituales
1282 5021 1528 5083 poterant
1563 5019 1778 5088 prodire
1821 5019 2043 5076 divitiae.
2094 5020 2162 5076 Et

561 5111 690 5161 nota
719 5103 864 5173 quod
909 5119 1003 5172 per
1051 5105 1150 5158 hos
1177 5113 1300 5160 octo
1346 5119 1534 5163 versus
1569 5109 1803 5166 diversis
1848 5110 2024 5167 modis
2063 5126 2157 5166 au-

562 5202 782 5266 gmento
811 5193 1042 5264 quodam
1087 5194 1260 5251 laudis
1283 5199 1547 5267 magnalia
1595 5199 1808 5256 Domini
1854 5202 2160 5258 dulcissima

563 5285 824 5366 varietate
847 5285 1129 5343 describit.
1160 5287 1315 5353 Quod
1334 5288 1551 5346 schema
1573 5291 1770 5347 dicitur
1795 5294 2030 5360 auxesis,
2057 5294 2162 5350 La-

567 5377 678 5434 tine
700 5386 1078 5449 augmentum;
1118 5380 1369 5446 quoniam
1401 5399 1497 5452 per
1521 5393 1698 5439 certos
1727 5386 1921 5456 gradus
1948 5401 2164 5457 semper

567 5471 828 5526 ascendit.
861 5470 1199 5539 Quapropter
1227 5473 1654 5542 explanationem
1686 5491 1941 5534 sensuum
1960 5493 2066 5534 non
2085 5479 2164 5548 pi-

567 5568 660 5632 get
679 5558 990 5630 frequenter
1005 5559 1198 5616 iterare
1215 5603 1232 5630 ,
1257 5565 1472 5634 quando
1499 5568 1608 5638 ipsa
1631 5584 1845 5641 quoque
1874 5572 2164 5628 auctoritas

573 5654 695 5713 sine
725 5653 940 5710 fastidio
969 5654 1158 5710 eadem
1190 5668 1522 5716 monstratur
1547 5677 1847 5722 assumere.

650 5747 802 5802 Vers.
831 5747 884 5802 8.
919 5747 1022 5812 Qui
1051 5750 1295 5816 percussit
1336 5752 1673 5825 primoyem'm
1714 5757 1932 5830 :Eggpli
1962 5759 2024 5814 ab
2063 5761 2161 5816 Ito-

572 5839 709 5894 utine
733 5853 890 5906 usque
912 5840 978 5891 ad
999 5854 1172 5906 pecus.
1190 5839 1291 5893 Ista
1308 5841 1562 5897 miracula
1584 5848 1892 5917 frequenter
1918 5853 1984 5906 ad
2013 5853 2162 5908 intel-

578 5932 845 6004 ligendam
867 5932 1079 5990 Domini
1112 5934 1406 6000 potentiam
1437 5943 1632 6007 repetit
1661 5956 1842 5999 sermo
1875 5947 2156 6016 pr0pheti-

2337 4831 2494 4888 Vers.
2531 4834 2623 4890 il.
2651 4831 2826 4889 Sehon
2845 4849 3017 4906 regem
3041 4833 3478 4894 Amorrluzarum.
3507 4841 3560 4888 st
3588 4829 3679 4902 Og
3695 4846 3874 4903 regem

2268 4924 2462 4995 Busan,
2493 4935 2540 4982 et
2565 4927 2738 4982 omnia
2774 4945 2931 4998 regna
2967 4927 3215 4984 Chanaan
3243 4926 3448 4984 occidit.
3493 4923 3633 4980 Cum
3665 4925 3876 4981 multo:

2268 5033 2426 5092 reges
2453 5017 2549 5073 lilii
2577 5017 2763 5086 lsrael,
2799 5019 3026 5074 Domino
3062 5020 3304 5085 favente,
3335 5015 3766 5086 prostraverint,
3789 5015 3879 5072 his

2269 5112 2376 5169 duo
2402 5122 2604 5168 tantum
2635 5124 3030 5182 memorantur;
3065 5112 3274 5168 scilicet
3299 5119 3360 5165 ut
3389 5124 3486 5180 per
3535 5109 3882 5178 interprets

2269 5205 2469 5260 tionem
2491 5206 2715 5262 istorum
2740 5207 3037 5275 nominum,
3059 5205 3128 5262 ad
3152 5204 3296 5259 il'am
3320 5202 3752 5273 signillcautiana
3775 5202 3884 5259 (u-

2269 5314 2482 5356 ceremu
2493 5317 2516 5354 r
2528 5316 2646 5372 qua:
2661 5299 2820 5357 hodie
2834 5300 2887 5355 in
2902 5300 3057 5355 nobis
3069 5299 3265 5371 agitur.
3282 5295 3457 5352 Seium
3475 5296 3888 5364 interpretum!

2269 5391 2492 5447 tentatio
2513 5394 2780 5460 colorum,
2823 5391 3109 5446 Amorrlwei
3156 5387 3518 5444 amaricantes
3552 5386 3886 5457 designant.

2270 5481 2464 5539 Amara
2495 5483 2761 5553 siquidem
2806 5483 2936 5538 vitia
2958 5491 3105 5548 sunt,
3132 5496 3253 5552 quae
3292 5495 3390 5535 nos
3417 5478 3487 5534 ab
3515 5477 3608 5532 illa
3633 5477 3894 5535 beatitu-

2270 5579 2397 5635 dine
2435 5576 2822 5647 jucundissima
2851 5575 3141 5630 deducunt.
3191 5573 3316 5628 Haec
3354 5571 3553 5625 habent
3587 5569 3893 5626 diabolum

2273 5687 2453 5744 regem
2477 5712 2490 5735 ,
2523 5670 2614 5742 qui
2644 5679 2726 5724 est
2764 5670 2988 5724 tentatio
3035 5667 3308 5732 colorum,
3349 5663 3563 5735 quando
3597 5676 3656 5718 se
3697 5674 3894 5719 trans-

2268 5764 2458 5818 format
2488 5762 2538 5816 in
2567 5762 2813 5832 angelum
2843 5760 2973 5815 lucis
3009 5758 3061 5830 (Ι
3089 5758 3208 5813 Cor.
3240 5772 3314 5821 χι,
3351 5755 3471 5825 li);
3501 5763 3562 5810 ut
3587 5769 3690 5824 per
3721 5758 3896 5814 culo-

2267 5869 2380 5910 rem
2426 5864 2584 5924 atque
2621 5853 2858 5922 speciem
2892 5852 3148 5908 bonitatis
3177 5849 3489 5905 devotorutu
3529 5848 3760 5904 animas
3795 5868 3893 5904 as-

2263 5947 2415 6006 sidua
2465 5944 2761 6004 tentatioue
2797 5944 3097 6003 subvertat.
3139 5942 3243 5999 lsta
3291 5944 3557 6005 Divinitas
3604 5949 3662 6004 in
3719 5951 3902 6011 nobis
