4114 6362
325 467 436 527 965

1202 468 1563 530 EXPOSITIO
1599 422 1666 528 ΙΝ
1706 422 2160 533 PSALTERIUM.
2201 475 2393 537 PSAL.
2435 478 2716 540 CXXXIV.

3506 488 3606 544 ΞΜ)

328 584 560 651 occidet,
581 584 797 655 quando
828 585 1063 642 fidelium
1089 595 1296 643 mentes
1323 604 1352 642 a
1376 590 1467 645 tali
1496 589 1751 645 servitute
1777 589 1914 644 libe-
1939 590 1996 652 Α
2020 590 2211 646 Filium
2240 594 2403 659 misit,
2435 602 2495 650 ut
2523 598 2637 666 ejus
2661 596 2881 655 tandem
2902 598 3189 669 aliquando
3218 600 3480 658 scelerata
3510 602 3611 657 dii-

329 681 551 738 raverit.
583 679 857 749 Sequitur,
890 679 959 734 Et
989 680 1066 751 09
1086 697 1252 752 regem
1281 681 1475 736 Busan.
1530 682 1609 753 09
1634 683 1909 738 conclusio

330 773 527 829 dicitur
544 813 559 839 ,
588 771 763 827 Basan
792 773 1057 828 confusio.
1092 773 1283 828 Merito
1304 788 1432 844 ergo
1454 774 1785 829 confusionis
1808 788 1905 830 rex

329 865 611 920 conclusio
658 864 985 931 perhibetur.
1014 866 1284 921 Diabolus
1328 868 1471 923 enim
1502 869 1716 938 quando
1759 868 1911 923 nobis

331 956 434 1012 iter
458 955 589 1010 illud
637 957 869 1011 salutare
915 957 1212 1024 concludit,
1243 958 1299 1013 in
1340 958 1652 1015 confusione
1691 974 1788 1015 nos
1821 976 1913 1015 ne-

331 1047 489 1104 fanda
515 1049 860 1120 derelinquit,
889 1051 941 1105 in
964 1066 1065 1121 qua
1084 1053 1173 1107 ille
1198 1054 1508 1110 teterrimos
1528 1064 1733 1125 regnat.
1762 1055 1913 1113 Unde

329 1152 386 1201 et
409 1146 602 1201 civitas
632 1145 749 1215 ejus
778 1145 1071 1217 Babylonia
1100 1147 1327 1214 dicitur,
1354 1164 1475 1219 qua:
1507 1151 1635 1205 item
1672 1150 1914 1207 confusio

331 1234 661 1291 ominatur.
698 1236 805 1294 Sed
848 1238 965 1295 haec
1005 1239 1181 1294 omnia
1221 1240 1389 1296 vii-tus
1435 1241 1614 1297 divina
1650 1243 1911 1312 destruit,

328 1327 545 1397 quando
568 1342 668 1383 nos
697 1328 767 1383 ad
795 1330 1177 1386 misericordiae
1202 1346 1315 1388 suae
1332 1334 1470 1389 dona
1511 1335 1776 1403 perducit.
1802 1339 1915 1395 Ad-

330 1418 485 1484 didit,
515 1428 563 1473 at
588 1422 763 1474 omnia
784 1435 943 1493 regna
964 1421 1213 1477 Chanaan
1256 1425 1459 1479 occidit.
1486 1424 1730 1481 Chanaan
1756 1428 1914 1485 inter—

328 1519 566 1580 pretatur
610 1510 955 1568 humiliatio:
999 1514 1097 1569 sed
1139 1529 1246 1569 non
1289 1515 1379 1571 illa
1410 1532 1529 1587 quas
1576 1520 1817 1589 perducit
1845 1521 1913 1577 ad

328 1604 632 1660 Dominum.
677 1606 815 1662 Nam
859 1615 915 1661 et
960 1608 1033 1663 illi
1078 1608 1339 1664 bumiliati
1383 1612 1663 1679 dicuntur,
1716 1615 1809 1683 qui
1846 1615 1913 1672 de

325 1694 533 1751 honore
571 1705 758 1753 sancto
799 1698 1086 1768 decidant,
1136 1706 1191 1755 et
1238 1705 1470 1769 pessima
1510 1705 1914 1763 conversatione

324 1800 668 1859 merguntur;
688 1791 825 1846 sicut
842 1794 897 1846 in
911 1792 1016 1847 alio
1040 1794 1247 1861 psalmo
1265 1794 1463 1851 dieitur
1490 1813 1504 1852 :
1532 1795 1600 1849 Et
1623 1798 1914 1855 humili'abit

323 1882 743 1937 calumniatorem
773 1885 951 1954 (Psal.
975 1901 1119 1953 Lxxt,
1151 1886 1239 1956 4).
1270 1887 1402 1941 Nam
1444 1889 1489 1942 si
1534 1890 1832 1947 humiliatio
1860 1901 1913 1947 et

2015 684 2137 739 ritia
2168 687 2484 744 solveretur.
2513 689 2621 746 Sed
2640 692 2758 761 quia
2781 692 3083 749 detestabili
3113 696 3475 753 obstinatione
3507 697 3607 751 du.-

2014 787 2164 833 ratus
2214 786 2330 849 est,
2384 780 2645 850 judicablt
2689 798 2812 839 eum
2856 788 3064 855 utique;
3113 789 3234 857 quia
3278 789 3447 844 noluit
3492 804 3609 845 esse

2014 871 2204 941 ipsius,
2232 889 2391 944 quem
2416 874 2486 932 de
2510 878 2717 933 cunctis
2740 880 3045 937 nationibus
3069 882 3305 952 elegerat
3333 883 3589 953 possiden

2014 964 2161 1021 dum.
2186 966 2283 1021 Cui
2311 967 2440 1023 dicit
2468 986 2483 1023 :
2506 968 2660 1038 Audi,
2685 972 2904 1040 populus
2929 989 3089 1039 meus,
3118 983 3165 1029 et
3198 974 3377 1045 loquar
3410 977 3430 1047 (
3459 974 3605 1029 Psal.

2013 1070 2159 1124 xm,
2182 1058 2268 1126 7);
2291 1068 2345 1115 et
2367 1060 2492 1116 alibi
2526 1079 2537 1115 :
2574 1061 2778 1132 Popule
2807 1080 2973 1130 meus,
3016 1066 3143 1135 quid
3166 1068 3263 1137 {esi
3294 1066 3385 1120 tibi
3417 1066 3606 1137 (Mich.

2013 1164 2085 1216 vr,
2122 1150 2370 1221 3)?lstos
2393 1168 2522 1225 ergo
2560 1155 2838 1225 judicabit.
2871 1157 2946 1211 De
2974 1156 3226 1211 ﬁdelibus
3266 1167 3441 1213 autem
3486 1158 3606 1211 audi

2013 1242 2141 1312 quid
2169 1245 2407 1313 sequitur
2438 1262 2451 1300 :
2486 1244 2552 1299 Et
2578 1247 2629 1299 in
2658 1247 2813 1301 servis
2852 1247 2959 1301 suis
2992 1247 3374 1313 consolabitur;
3422 1253 3606 1320 utique

2014 1332 2138 1389 dum
2177 1335 2280 1390 illis
2308 1338 2523 1406 praemia
2552 1338 2810 1407 promissa
2839 1339 3110 1405 restituet,
3143 1340 3235 1411 qui
3262 1340 3349 1397 hic
3384 1346 3606 1411 propter

2015 1438 2217 1482 nomen
2238 1427 2352 1498 ejus
2379 1429 2643 1484 laboriosa
2685 1434 3080 1501 contemptione
3125 1431 3144 1504 [
3170 1449 3268 1489 ms.
3296 1432 3366 1488 F.
3395 1442 3450 1489 et
3476 1435 3560 1489 ed.

2013 1518 2355 1575 contentione
2384 1518 2405 1592 ]
2449 1519 2622 1576 vexati
2666 1530 2821 1586 sunt;
2869 1521 2937 1577 de
2963 1524 3155 1590 quibus
3184 1523 3443 1593 scriptum
3463 1532 3547 1580 est
3581 1542 3593 1578 :

2014 1608 2163 1667 Beati
2182 1613 2268 1682 qui
2294 1613 2488 1683 lugent,
2518 1614 2757 1683 quoniam
2776 1614 2877 1681 ipsi
2900 1614 3316 1673 consolabuntur.
3341 1615 3430 1672 Sic
3455 1618 3598 1673 enim

2013 1713 2069 1760 et
2094 1704 2221 1759 alibi
2247 1705 2315 1760 de
2337 1705 2463 1773 ipsis
2486 1705 2684 1760 dicitur
2710 1723 2723 1758 :
2758 1705 2861 1772 Qui
2885 1707 3042 1760 credit
3072 1706 3127 1760 in
3154 1722 3235 1760 me
3266 1724 3368 1762 non
3392 1709 3603 1779 judica-

1992 1822 1995 1825 -
2015 1797 2171 1861 bitur,
2185 1797 2275 1850 sed
2297 1797 2508 1851 transiet
2528 1798 2591 1850 de
2612 1806 2771 1851 morte
2790 1799 2859 1851 ad
2878 1799 3065 1863 vitam;
3085 1801 3174 1866 qui
3194 1807 3364 1852 autem
3384 1814 3485 1852 non
3505 1816 3603 1855 creo

2015 1887 2109 1955 dit,
2130 1891 2241 1960 jam
2255 1888 2525 1959 judicatus
2556 1897 2631 1943 est
2662 1887 2877 1960 (Matth.
2905 1905 2955 1953 ν,
2988 1887 3050 1954 5;
3080 1886 3236 1943 Joan.
3263 1904 3341 1956 ιιι,
3373 1888 3483 1961 18).
3511 1890 3599 1977 VL

321 1976 389 2030 ad
430 1991 643 2045 prauam
672 1979 895 2034 minime
941 1981 1263 2049 pertineret,
1302 1996 1407 2035 non
1456 1982 1769 2052 legeretur:
1806 1985 1909 2053 Qui
1938 1974 2106 2035 Bdes
2130 1979 2256 2049 quid
2300 1980 2589 2050 profecerit
2628 1980 2867 2049 gradatio
2913 1979 3001 2035 illa
3024 1994 3181 2050 quam
3233 1980 3494 2045 diximus;
3535 1974 3603 2037 ut

319 2083 376 2123 se
397 2072 610 2140 exultat,
640 2072 994 2127 humiliabitur
1012 2074 1226 2143 (Matth.
1254 2090 1409 2141 xxiii,
1434 2076 1546 2146 12).
1572 2078 1909 2148 Quapropter

319 2160 461 2219 hanc
488 2163 911 2219 bumiliationem
931 2205 946 2230 ,
976 2180 1096 2235 quae
1141 2168 1195 2219 in
1237 2168 1378 2222 malo
1425 2169 1771 2238 intelligenda
1802 2182 1907 2241 est,

318 2253 413 2310 ille
434 2253 583 2309 solos
605 2255 824 2323 occidit,
850 2256 940 2325 qui
960 2270 1177 2312 crucem
1201 2271 1296 2327 pro
1317 2259 1558 2315 omnium
1586 2260 1763 2316 salute
1792 2275 1912 2317 sus-

318 2344 483 2415 cepit.

394 2436 543 2493 Vera.
577 2438 663 2494 12.
696 2437 765 2493 Et
792 2439 932 2493 dedit
954 2447 1143 2494 terram
1164 2454 1337 2494 eorum
1361 2441 1731 2513 hareditatem,
1754 2444 1910 2501 hiare-

318 2529 529 2583 ditatem
557 2528 725 2584 Israel
753 2530 944 2600 populo
969 2547 1081 2585 suo.
1112 2532 1310 2588 Versus
1344 2533 1445 2589 iste
1473 2534 1709 2591 declarat
1732 2540 1909 2606 priora

317 2620 407 2674 illa
430 2636 537 2677 nou
562 2620 629 2674 ad
659 2622 891 2675 litteram
918 2621 1119 2677 debere
1149 2624 1372 2693 suscipi,
1394 2625 1487 2678 sed
1518 2626 1781 2693 spirituali
1810 2642 1912 2685 ex-

318 2710 582 2781 positione
607 2712 815 2766 sentiri.
847 2712 981 2765 Nam
1029 2720 1171 2767 terra
1205 2713 1574 2782 promissionis
1616 2717 1910 2774 Israelitico

319 2803 517 2872 populo
541 2818 647 2859 non
674 2814 758 2860 est
785 2803 1071 2860 limreditas
1088 2804 1213 2860 data
1234 2844 1251 2871 ,
1284 2806 1409 2875 quia
1451 2820 1569 2862 eam
1606 2811 1717 2863 suis
1744 2809 1911 2865 oﬂen—

317 2894 561 2950 itionibus
601 2896 923 2963 amiserunt;
972 2896 1068 2952 sed
1098 2898 1199 2953 sub
1226 2898 1444 2953 illorum
1479 2900 1909 2971 praefiguratione

318 2997 461 3045 terra
478 2991 909 3059 repromissionis
922 2992 1079 3046 datur
1091 2991 1210 3047 sine
1224 2990 1383 3045 dubio
1397 2989 1737 3057 Christianis,
1751 3006 1909 3062 quam

318 3087 518 3135 aterna
540 3095 670 3150 pace
700 3083 1029 3152 possideant.
1059 3083 1191 3137 Nam
1218 3091 1276 3136 ut
1300 3081 1455 3136 istam
1479 3082 1703 3139 deberes
1721 3084 1907 3140 adver-

319 3180 455 3239 tere,
469 3173 686 3243 repetit,
703 3176 1051 3228 hmeditatem
1065 3173 1234 3230 Israel
1246 3174 1434 3244 populo
1448 3191 1561 3229 suo.
1588 3174 1757 3232 Israel
1767 3178 1908 3233 enim

318 3264 701 3335 interpretatur
730 3267 890 3337 (sicut
927 3281 1072 3336 saepe
1109 3268 1217 3335 jam
1248 3267 1449 3322 dictum
1478 3268 1583 3339 est)
1614 3269 1696 3324 vir
1719 3269 1907 3326 videns

2014 2073 2338 2127 enumeratis
2361 2072 2691 2143 magnalibus
2716 2072 2948 2138 Domini,
2974 2086 3142 2141 usque
3167 2071 3233 2125 ad
3256 2071 3371 2142 ejus
3394 2074 3600 2129 venerit

2014 2172 2256 2217 sanctum
2280 2162 2727 2231 tremendumque
2751 2161 3033 2231 judicium.
3058 2161 3211 2217 Nunc
3237 2163 3456 2219 alterius
3475 2176 3598 2235 par-

2012 2252 2084 2308 tis
2112 2254 2251 2307 dicta
2284 2254 2637 2324 requiramus.

2088 2343 2237 2399 Vers.
2276 2343 2362 2397 15.
2396 2344 2687 2399 Simulacra
2720 2346 2945 2413 gentium
2981 2354 3249 2417 argentum
3288 2354 3339 2400 et
3388 2361 3591 2414 aurum,

2014 2451 2167 2508 opera
2193 2452 2435 2490 manuum
2462 2435 2747 2492 hominum.
2782 2437 3068 2507 Postquam
3096 2452 3157 2492 se
3186 2437 3395 2491 Domini
3425 2436 3595 2491 laudi-

2013 2528 2111 2584 bus
2138 2528 2466 2584 sufficienter
2492 2528 2744 2598 explevit,
2776 2528 3012 2584 secundo
3040 2528 3287 2599 ingressu
3316 2528 3594 2598 propheti-

2012 2639 2108 2680 cus
2137 2638 2312 2679 sermo
2334 2625 2663 2679 convertitur
2689 2621 2755 2677 ad
2784 2636 3025 2678 errorem
3052 2621 3293 2692 gentium
3317 2622 3595 2678 destruen-

2012 2715 2160 2770 dum.
2182 2716 2312 2781 Quae
2328 2714 2492 2785 figura
2508 2714 2649 2783 apud
2664 2713 3041 2784 grammaticos
3058 2715 3253 2769 dicitur
3270 2727 3591 2783 sarcasmos,

1996 2804 2065 2861 uid
2095 2814 2179 2861 est
2200 2805 2412 2860 hostilis
2436 2804 2636 2872 irrisio,
2665 2819 2784 2874 qua:
2802 2819 2970 2874 usque
2995 2805 3061 2859 ad
3077 2804 3307 2873 palmam
3330 2810 3593 2872 penetrat,

2012 2912 2135 2954 cum
2162 2895 2443 2952 manifesta
2473 2895 2693 2950 veritate
2723 2894 3013 2950 convincit.
3056 2896 3391 2963 Quapropter
3422 2892 3596 2949 Simu-

2012 2991 2157 3046 lacra
2180 2989 2404 3064 gentium
2433 2987 2673 3058 ritusque
2700 2986 2942 3055 deridet,
2972 3001 3039 3041 ne
3063 3000 3223 3042 aurea
3251 2988 3399 3057 signa
3435 2986 3596 3043 deos-

2012 3100 2116 3156 que
2139 3086 2280 3141 colat
2298 3092 2600 3154 argenteos,
2624 3090 2678 3139 et
2699 3090 2917 3153 putetur
2944 3082 3147 3137 homini
3176 3091 3432 3151 prsestare
3455 3083 3597 3153 quod

2012 3178 2275 3249 eoepit'ab
2300 3178 2535 3232 homine.
2573 3176 2784 3243 Quanto
2816 3176 3006 3231 melius
3047 3176 3353 3243 consulunt,
3389 3176 3436 3231 si
3467 3177 3606 3232 elisa.

2012 3267 2360 3339 frangantur?
2387 3267 2538 3322 Tunc
2581 3282 2709 3323 vere
2738 3266 2935 3338 aliquid
2964 3274 3219 3337 prosunt,
3248 3268 3294 3324 si
3330 3267 3399 3323 ad
3432 3283 3595 3336 pecu-

318 3352 507 3410 Deum.
542 3355 745 3427 Populo
774 3374 887 3423 suo,
918 3358 1103 3427 utique
1131 3356 1457 3429 Christiano,
1485 3360 1575 3429 qui
1598 3361 1715 3431 ejus
1734 3377 1910 3418 mere-
1934 3354 1981 3419 C
2013 3364 2131 3419 nias
2174 3360 2430 3419 translata
2476 3359 2828 3416 descendunt.
2879 3360 3138 3426 Quocirca
3193 3361 3325 3415 deus
3359 3361 3596 3428 ipsorum

317 3446 462 3502 bitur
487 3449 624 3517 dici,
675 3464 798 3506 cum
841 3461 1103 3523 praecepta
1141 3453 1309 3524 ipsius
1360 3454 1586 3512 salutari
1624 3456 1910 3515 devotione

316 3546 635 3600 servaverit.

393 3635 543 3692 Vers.
573 3638 663 3693 15.
696 3637 915 3694 Domine
937 3679 952 3705 ,
984 3656 1166 3696 nomen
1212 3648 1356 3696 tuum
1398 3641 1453 3695 in
1494 3652 1735 3699 aternum
1758 3661 1777 3699 :
1802 3645 1910 3702 Do-

317 3728 474 3794 mine,
502 3730 797 3785 memoriale
818 3740 962 3784 tuum
985 3734 1038 3786 in
1059 3733 1304 3787 siccatum
1330 3734 1528 3789 surculi.
1554 3736 1682 3792 Post
1710 3738 1911 3794 benefi-

317 3819 399 3873 cia
429 3819 637 3875 Domini
666 3820 781 3875 laus
819 3822 977 3890 digna
1007 3824 1371 3894 consequitur.
1412 3825 1547 3879 Dicit
1577 3827 1718 3882 enim
1746 3845 1759 3879 :
1802 3825 1912 3882 Do-

318 3912 487 3977 mine,
516 3927 696 3965 nomen
738 3921 879 3966 tuum
917 3914 970 3967 in
1012 3924 1301 3981 internum;
1351 3917 1503 3985 quasi
1549 3926 1798 3987 Optcinus
1833 3920 1909 3974 illi

319 4003 461 4073 quod
492 4018 595 4058 non
620 4011 724 4072 est,
753 4012 846 4058 aut
871 4019 963 4074 per
988 4014 1170 4059 nostra
1202 4016 1323 4059 vota
1351 4008 1615 4074 proficiat.
1649 4008 1755 4063 Sed
1786 4025 1912 4065 usus

319 4093 424 4150 ista
450 4095 753 4150 mortalium
786 4104 897 4162 est,
935 4105 1124 4165 optare
1167 4095 1279 4151 Deo
1325 4096 1467 4167 quod
1506 4098 1663 4154 aliter
1699 4101 1913 4158 evenire

320 4186 469 4242 nefas
495 4195 729 4256 putetur.
758 4186 847 4243 Sic
865 4187 1008 4242 enim
1036 4188 1264 4242 dicimus
1290 4205 1303 4241 :
1337 4187 1708 4259 Sanctiﬁcetur
1732 4208 1913 4247 nomen

322 4287 467 4334 tuum
489 4280 702 4351 (Matth.
728 4296 802 4348 vr,
835 4280 928 4351 9);
956 4280 1096 4351 quod
1121 4281 1303 4351 utique
1332 4290 1574 4337 sanctum
1602 4292 1685 4338 est
1711 4301 1723 4337 :
1752 4284 1914 4357 460

319 4372 568 4428 Αάυεηὶαῑ
588 4389 802 4444 regnum
824 4385 968 4427 tuum
990 4374 1176 4444 ;cujus
1200 4389 1420 4446 regnum
1443 4377 1562 4430 sine
1582 4375 1914 4433 dubitatione

320 4478 607 4522 venturum
654 4476 758 4523 est.
787 4467 891 4524 Sed
926 4469 1025 4523 ista
1054 4468 1176 4524 talia
1217 4484 1336 4523 cum
1374 4469 1621 4538 dicimus,
1671 4483 1911 4527 nostrum

318 4560 460 4615 velle
475 4560 828 4615 declaramus.
858 4560 1114 4615 Precatur
1133 4575 1261 4630 ergo
1284 4570 1344 4614 ut
1373 4563 1425 4615 in
1450 4561 1688 4616 humano
1711 4578 1913 4634 genere

319 4666 535 4722 semper
566 4666 759 4707 nomen
788 4651 905 4722 ejus
934 4652 1127 4708 debeat
1164 4667 1510 4721 permanere;
1543 4662 1807 4721 quatenus
1842 4657 1910 4711 ab

2014 3469 2125 3510 non
2156 3453 2375 3510 exaudit
2402 3452 2635 3523 integer,
2665 3450 2760 3505 sed
2793 3459 3012 3521 praestat
3052 3452 3228 3521 potius
3263 3452 3598 3510 imminutus.

2015 3547 2085 3604 Et
2105 3546 2407 3614 considera,
2440 3545 2692 3616 quoniam
2718 3558 2815 3613 per
2834 3545 3040 3615 species
3060 3544 3391 3601 diversarum
3413 3547 3601 3603 deﬁni-

2015 3639 2222 3694 tionum
2262 3636 2654 3707 pulcherrimus
2690 3634 2953 3691 dictorum
2996 3635 3131 3690 ordo
3167 3636 3467 3693 descendit.
3500 3637 3601 3692 llic

2012 3730 2155 3785 enim
2185 3730 2534 3800 designantur
2561 3727 2844 3782 simulacra
2890 3740 2988 3797 per
3013 3727 3142 3782 illud
3178 3729 3321 3784 unde
3367 3738 3509 3797 sunt,
3543 3728 3599 3783 id

2014 3829 2098 3878 est
2124 3837 2311 3876 aurum
2339 3816 2401 3877 ει
2423 3828 2725 3891 argentum,
2755 3820 3091 3875 metallorum
3113 3820 3320 3875 scilicet
3340 3820 3596 3889 qualitate

2014 3914 2266 3967 formata.

2090 4006 2240 4060 Vers.
2261 4007 2287 4061 1
2297 4004 2348 4060 6.
2376 4004 2447 4059 Os
2467 4004 2672 4073 habent,
2689 4013 2736 4059 et
2755 4019 2859 4059 non
2878 4004 3152 4074 loquentur
3168 4017 3189 4060 :
3203 4002 3377 4058 oculos
3390 4001 3598 4065 habent.

2014 4107 2185 4153 etnon
2210 4098 2468 4151 videbunt.

2088 4191 2243 4247 Vers.
2274 4191 2360 4246 17.
2394 4190 2558 4244 Aures
2587 4188 2792 4257 habent,
2817 4197 2865 4244 et
2891 4205 2993 4243 non
3021 4189 3233 4245 audient
3261 4204 3282 4245 :
3320 4204 3473 4244 nares
3497 4188 3595 4244 ha.

2018 4286 2162 4349 bent,
2196 4293 2241 4338 et
2271 4301 2373 4337 non
2402 4285 2709 4339 odorabunt.

2090 4376 2242 4431 Vers.
2287 4374 2375 4430 18.
2404 4373 2594 4429 Manus
2635 4374 2849 4444 habent,
2878 4383 3056 4431 etnon
3090 4375 3409 4447 palpabunt,
3447 4375 3598 4444 pedes

2016 4468 2232 4534 habent,
2260 4476 2306 4523 et
2341 4484 2442 4522 non
2470 4460 2832 4533 ambulabunt,
2866 4484 2967 4523 non
2991 4469 3287 4525 clamabunt
3320 4469 3373 4522 in
3397 4476 3603 4538 gutture

2015 4577 2106 4615 suo
2126 4577 2145 4614 :
2167 4577 2324 4629 neque
2337 4561 2469 4614 enim
2490 4568 2565 4614 est
2583 4562 2790 4631 spiritus
2812 4561 2863 4614 in
2887 4577 2973 4616 ore
2992 4562 3239 4631 ipsorum.
3262 4560 3417 4615 Venit
3436 4560 3597 4614 etiam

2016 4653 2082 4707 ad
2122 4653 2252 4707 alias
2280 4650 2488 4723 species
2528 4652 2926 4717 deﬁnitionum;
2966 4653 3247 4706 simulacra
3290 4650 3598 4721 signiﬁcans

321 4745 554 4801 adventu
582 4744 779 4799 Christi
809 4746 1118 4814 perenniter
1147 4744 1252 4799 dici
1282 4745 1512 4800 debeant
1542 4746 1722 4815 utique
1749 4747 1902 4802 Chri-
1934 4743 1987 4804 D
2010 4757 2167 4817 atque
2197 4746 2559 4802 determinans
2592 4758 2685 4812 per
2711 4745 2762 4800 id
2791 4744 2932 4814 quod
2958 4744 3182 4815 implere
3205 4758 3310 4799 non
3346 4751 3588 4813 possunt.

319 4836 505 4893 stinni.
531 4836 803 4905 Sequitur,
836 4836 1074 4901 Domine,
1102 4837 1396 4893 memoriale
1415 4848 1558 4892 tuum
1580 4838 1635 4892 in
1662 4841 1905 4894 sarculum

317 4930 514 4986 senili.
539 4928 843 4985 Memoriale
889 4929 1100 4986 Domini
1127 4941 1212 4986 cst
1236 4931 1489 5002 quidquid
1518 4932 1572 4986 in
1599 4931 1904 5001 fScripturis

317 5022 523 5077 salictis
558 5019 977 5077 commonitioue
1020 5021 1374 5076 saluberrima
1419 5022 1746 5077 continetur.
1791 5022 1904 5078 Hoc

316 5127 538 5183 semper
560 5114 613 5168 in
636 5112 790 5168 nobis
813 5122 1116 5182 permanet,
1144 5129 1267 5170 eum
1291 5113 1599 5169 fidelissima
1619 5116 1902 5172 devotione

318 5217 598 5272 servatur,
630 5206 771 5262 sicut
799 5205 1055 5275 scriptum
1086 5214 1168 5260 est
1197 5222 1211 5259 :
1255 5204 1451 5260 Caium
1472 5215 1523 5260 et
1572 5215 1707 5262 terra
1732 5215 1899 5263 trans-

317 5301 489 5367 ibttnt,
510 5300 658 5356 verba
683 5309 853 5355 autem
880 5315 992 5353 mea
1024 5315 1126 5354 non
1161 5299 1490 5367 praeteribunt
1512 5298 1719 5370 (Matth.
1750 5316 1899 5370 χειν,

319 5391 391 5449 35
414 5391 454 5462 ).
485 5390 743 5446 chulum
783 5404 911 5445 vero
949 5390 1124 5443 swculi
1163 5389 1346 5458 (sicut
1368 5404 1513 5459 saepe
1554 5390 1750 5447 dictum
1780 5390 1902 5463 est)

317 5483 463 5540 diem
494 5481 758 5553 significat
783 5481 1187 5549 sempiternum.

394 5576 547 5632 Vers.
579 5576 666 5631 N.
699 5575 834 5642 Quia
850 5573 1103 5645 judicabit
1142 5571 1392 5627 Dominus
1426 5572 1674 5642 pupulum
1707 5587 1855 5627 suum
1884 5588 1903 5628 :

317 5679 369 5726 ct
396 5669 453 5724 in
489 5670 646 5723 servis
669 5668 776 5722 suis
808 5667 1176 5723 consolabitur.
1208 5665 1509 5721 Prasmissa:
1548 5665 1719 5719 laudis
1743 5680 1903 5721 causa

319 5774 569 5823 narratur
600 5783 612 5794 ·
653 5765 791 5829 Quia
823 5761 1076 5833 judicabit
1102 5760 1349 5830 populum
1394 5774 1577 5823 suum,
1627 5759 1904 5813 Hebrzeum

320 5862 545 5926 scilicet,
576 5857 663 5915 cui
690 5857 933 5927 praestitit
961 5871 1150 5925 magna
1183 5855 1437 5909 miracula
1456 5894 1472 5921 ,
1501 5853 1585 5910 cui
1618 5854 1906 5924 prophetas

324 5968 475 6025 suos,
499 5967 567 6012 ne
598 5957 863 6024 peccaret,
895 5950 1157 6017 attribuit;
1186 5947 1253 6005 ad
1279 5961 1438 6020 quem
1483 5946 1661 6020 ipsum
1696 5962 1907 6020 quoque

2009 4839 2145 4894 Dicit
2169 4839 2310 4892 enim
2344 4854 2357 4891 :
2387 4837 2459 4890 οε
2479 4834 2662 4889 habent
2690 4844 2737 4891 et
2762 4853 2863 4890 non
2888 4837 3177 4905 loquentur.
3207 4835 3347 4902 Quid
3375 4836 3592 4904 prodest

2007 4944 2064 4984 os
2085 4930 2225 4999 quod
2249 4943 2355 4983 non
2376 4927 2642 4999 loquitur?
2666 4928 2793 4998 quid
2814 4928 2991 4983 oculus
3014 4929 3101 4998 qui
3131 4942 3239 4983 non
3268 4927 3595 4997 videt?quid

2006 5024 2151 5079 auris
2178 5037 2298 5094 quae
2328 5037 2437 5078 non
2464 5021 2644 5077 audit?
2667 5022 2792 5092 quid
2820 5037 2967 5075 nares
2988 5035 3106 5090 quin
3132 5034 3239 5076 non
3260 5020 3594 5077 odorantur?

2012 5116 2138 5185 quid
2168 5130 2352 5169 manus
2396 5129 2514 5183 qua:
2561 5128 2666 5168 non
2707 5114 2964 5183 palpanti
2992 5112 3116 5182 quid
3156 5113 3310 5183 pedes
3356 5114 3446 5183 qui
3488 5127 3594 5168 non

2014 5207 2332 5262 moventur?
2352 5205 2621 5261 Vocabula
2647 5206 2789 5261 enim
2817 5211 2938 5259 sunt
2962 5218 3121 5269 vana,
3143 5219 3248 5260 non
3270 5203 3440 5259 officia
3472 5219 3599 5274 pro-

2012 5295 2218 5359 futura;
2256 5298 2473 5351 nomina
2504 5298 2621 5352 sine
2650 5295 2841 5361 rebus;
2876 5296 3218 5366 prassumptio
3244 5297 3466 5364 caduca,
3491 5310 3598 5352 non

2012 5390 2207 5444 veritas
2248 5388 2421 5443 firma.
2457 5388 2592 5455 Quid
2644 5387 2888 5441 homines
2931 5387 2989 5440 in
3016 5397 3196 5442 vestro
3239 5386 3407 5442 exitio
3441 5388 3598 5441 noxia

2014 5481 2363 5536 deliramenta
2398 5478 2738 5550 perquiritis?
2776 5476 2885 5534 Cur
2914 5493 3032 5547 quas
3087 5491 3180 5532 vos
3213 5476 3491 5533 destruant
3520 5477 3600 5531 fa-

2013 5576 2263 5631 bricatis?
2309 5576 2521 5645 Quanto
2566 5574 2776 5643 dignius
2816 5581 2873 5629 ut
2913 5574 3128 5629 Auctori
3172 5582 3352 5630 vestro
3403 5573 3597 5628 subda-

2007 5670 2158 5732 miui,
2193 5676 2248 5723 et
2273 5666 2529 5722 desinatis
2553 5680 2789 5720 errorem
2813 5665 2992 5721 colere
3012 5680 3172 5735 quem
3204 5665 3424 5719 fecistis.
3446 5663 3596 5717 Unde

2005 5762 2266 5819 Jeremias
2301 5762 2558 5829 propheta
2594 5759 2649 5812 in
2696 5758 2921 5827 epistola
2959 5772 3056 5813 sua
3094 5757 3311 5812 ludazos
3356 5769 3596 5808 commo-

2008 5870 2162 5917 nens,
2194 5854 2322 5908 dicit
2352 5870 2364 5906 :
2396 5852 2533 5906 Nam
2563 5852 2755 5924 linguai
2784 5868 2957 5905 eorum
2991 5849 3165 5919 polita:
3203 5867 3233 5901 ιι
3274 5849 3454 5917 fabro;
3483 5847 3596 5916 ipsa

2011 5955 2178 6004 autem
2198 5945 2436 6005 inaurata
2452 5954 2497 6002 et
2526 5947 2849 6019 inargentata
2872 5944 3005 6012 falsa
3024 5953 3160 6011 sunt,
3187 5951 3237 5995 at
3265 5957 3365 5999 non
3382 5948 3593 6011 possunt
