4078 6342
507 5903 519 5945 l

533 465 630 524 967

1775 459 1848 515 Μ.
1887 453 2168 515 AURELII
2203 452 2604 513 CASSIODORI

534 580 676 653 loqui
722 577 970 652 (Barucli.
1019 591 1096 643 vt,
1153 576 1240 647 7).
1274 575 1341 630 Et
1379 574 1573 630 iterum
1609 589 1620 626 :
1657 571 1850 626 Bestia:
1902 571 2133 625 meliores
2162 571 2454 639 Asemper
2503 579 2728 633 novum,
2784 565 2881 622 sed
2929 566 3357 636 praecedentibus
3403 567 3834 640 expositionibus

535 682 654 729 sunt
684 673 808 739 illis,
831 688 944 742 qua:
964 679 1174 744 possunt
1203 670 1379 740 fugere
1409 668 1500 720 sub
1533 675 1742 733 tectum,
1777 673 1863 718 aut
1893 664 2133 734 prodesse

537 765 634 820 sibi
665 763 858 834 (Ibid.,
888 762 1002 833 67).
1027 762 1245 818 Intende
1285 770 1462 816 autem
1492 760 1634 830 quod
1680 758 1793 814 istis
1815 758 2058 826 versibus
2077 765 2133 814 et

546 860 600 914 in
636 857 931 914 centesimo
971 857 1128 913 tertio
1172 855 1381 910 decimo
1409 853 1614 924 psalmo
1653 851 1864 906 abunde
1891 849 2132 921 gentium

549 949 841 1004 simulacra
855 949 1030 1005 derisa
1049 956 1204 1012 sunt;
1236 956 1295 1001 ut
1314 960 1448 1016 quos
1470 943 1640 1015 prima
1656 942 2004 998 commonitio
2023 955 2133 998 non

543 1041 889 1105 correxisset,
921 1038 1147 1111 repetita
1194 1039 1371 1094 denuo
1413 1035 1740 1093 verecundia
1770 1043 2130 1104 permoveret.

615 1133 766 1190 Vers.
797 1132 886 1189 l9.
921 1133 1130 1189 Similes
1155 1131 1258 1185 illis
1286 1131 1415 1200 ﬁant
1443 1129 1532 1196 qui
1557 1129 1753 1200 faciunt
1782 1143 1862 1193 ea,
1886 1134 1932 1180 et
1960 1140 2133 1180 omnes

534 1225 625 1296 qui
655 1225 922 1294 conﬁdunt
943 1225 996 1277 in
1021 1224 1113 1278 eis.
1150 1223 1279 1278 Post
1307 1223 1517 1278 irrisam
1542 1219 1823 1290 gentilium
1853 1219 2133 1274 numinum

537 1316 858 1382 falsitatem,
901 1315 1168 1373 sententia
1207 1315 1366 1385 digna
1418 1314 1620 1384 prolata
1669 1321 1780 1379 est;
1827 1321 1885 1368 ut
1923 1311 2136 1367 collatis

536 1408 784 1465 sensibus
809 1419 1058 1479 careant,
1088 1408 1178 1479 qui
1204 1407 1334 1463 deos
1362 1407 1665 1462 insensatos
1695 1405 1912 1461 sibimet
1934 1403 2132 1460 effece-

538 1509 681 1556 runt.
709 1497 1048 1557 Conveniunt
1080 1500 1274 1556 talibus
1319 1498 1567 1569 personis
1613 1512 1801 1554 revera
1841 1511 1960 1567 quae
1989 1495 2134 1551 dicta

538 1601 685 1651 sunt.
715 1594 873 1649 Omni
902 1595 1046 1650 enim
1082 1593 1290 1648 ratione
1319 1591 1617 1657 deseritur,
1661 1591 1808 1645 omni
1849 1589 2135 1658 prudentia

543 1694 830 1753 vacuatur,
859 1685 950 1754 qui
975 1698 1147 1754 usque
1178 1684 1242 1739 ad
1290 1683 1393 1738 hoc
1422 1681 1692 1753 pervenit,
1719 1688 1779 1736 ut
1819 1693 1925 1735 non
1956 1677 2136 1749 profu-

543 1787 689 1846 tura,
713 1777 809 1834 sed
826 1792 919 1833 sua
942 1777 1119 1844 potius
1139 1775 1318 1832 colere
1342 1775 1586 1831 videatur
1603 1774 1786 1830 exitia.
1818 1773 1884 1827 Et
1903 1773 2130 1838 intuere,

545 1869 795 1938 quoniam
827 1866 1175 1923 fabricatores
1219 1875 1276 1922 et
1310 1865 1547 1923 cultores
1593 1863 1858 1920 idolorum
1898 1861 2136 1932 comple-

518 1964 706 2019 ctitur
735 1976 840 2016 una
869 1960 1164 2016 damnatio.

615 2052 770 2109 Vers.
804 2051 898 2107 20.
933 2050 1127 2105 Domus
1153 2047 1322 2104 Israel
1341 2093 1355 2117 ,
1398 2047 1672 2103 benedicite
1700 2046 2012 2111 Dominum;
2043 2044 2136 2098 do-

540 2161 652 2199 mus
682 2145 856 2197 Aaron
875 2182 890 2208 ,
918 2141 1198 2196 benedicite
1228 2139 1528 2194 Dominum.

609 2238 764 2293 Vers.
809 2237 901 2292 21.
948 2235 1145 2290 Domus
1183 2233 1339 2302 Levi,
1374 2231 1653 2288 benedicite
1692 2228 2006 2290 Dominum;
2049 2229 2138 2299 qui

539 2330 724 2386 timetis
749 2328 1049 2395 Dominum,
1079 2327 1354 2382 benedicite
1377 2323 1676 2380 Dominum.
1701 2323 1990 2392 Postquam
2013 2335 2138 2391 gen-

541 2423 714 2477 tilium
763 2421 1053 2476 simulacra
1099 2417 1324 2482 derisit,
1373 2417 1424 2488 in
1470 2416 1630 2471 tertio
1673 2415 1920 2484 ingressu
1949 2412 2136 2469 laudes

537 2514 833 2572 dominicas
873 2520 1186 2569 sanctorum
1225 2510 1358 2565 dicit
1391 2523 1488 2564 ore
1527 2507 1899 2564 celebrandas.
1939 2505 2047 2561 Sed
2081 2506 2135 2560 in

535 2607 624 2663 his
667 2605 872 2660 duobus
922 2604 1167 2660 versibus
1215 2617 1310 2672 per
1356 2601 1531 2656 officia
1577 2601 1792 2656 diversa
1822 2599 2136 2655 discurrens

537 2698 812 2767 admonet,
841 2706 900 2754 ut
931 2712 1062 2754 vero
1092 2697 1318 2752 Domino
1361 2696 1477 2751 laus
1506 2694 1745 2750 ﬁdelium
1777 2693 1978 2750 debeat
2010 2709 2136 2764 per-

537 2805 751 2848 sonare.
783 2792 851 2866 ~ln
880 2789 1074 2857 Israel,
1103 2787 1429 2860 generaliter
1471 2787 1650 2843 omnis
1679 2787 1893 2857 ponitur
1931 2785 2128 2856 justus,

536 2886 624 2955 qui
671 2886 849 2940 divina
892 2883 1348 2954 contemplatione
1394 2881 1724 2952 gratulatur,
1764 2896 1900 2951 quos
1947 2888 2136 2950 postea

536 2985 784 3032 numerat
806 2975 1114 3045 speciatim;
1133 2975 1188 3030 in
1204 2975 1380 3030 Aaron
1401 2976 1545 3029 enim
1566 2972 1898 3039 sacerdotes,
1925 2973 1980 3028 in
2004 2972 2134 3029 Levi

536 3070 727 3140 reliqui
753 3069 1002 3125 ministri.
1032 3068 1115 3126 Ad
1159 3077 1492 3138 postremum
1529 3068 1625 3138 qui
1659 3066 1890 3122 Domino
1922 3065 1974 3120 in
2003 3081 2134 3135 qua-

536 3161 664 3218 libet
693 3160 958 3232 probabili
987 3159 1401 3216 conversatione
1429 3158 1785 3214 famulantur.
1825 3155 1920 3211 Sic
1957 3156 2134 3212 omnis

538 3255 768 3327 populus,
793 3269 886 3325 per
922 3253 1164 3310 diversas
1219 3260 1400 3324 partes
1440 3251 1665 3309 devotus
1701 3248 1987 3306 Dominum
2019 3248 2134 3304 lau-

537 3348 668 3403 dare
694 3347 1022 3416 praecipitur.
1151 3331 1154 3333 λ

613 3439 765 3492 Vers.
789 3437 879 3492 εξ.
922 3437 1227 3491 Benedictus
1267 3437 1516 3491 Dominus
1535 3451 1600 3489 ea:
1631 3434 1792 3502 Sion,
1815 3434 1905 3505 qui
1943 3433 2137 3488 habitat

539 3531 594 3586 in
618 3527 921 3584 Jerusalem.
952 3526 1161 3583 Laudes
1190 3526 1403 3581 Domini
1432 3527 1682 3594 superius
1714 3525 1833 3581 aliis
1861 3525 2137 3580 celebrare

541 3621 816 3694 praecepit,
847 3634 989 3676 nunc
1033 3618 1282 3688 exemplo
1312 3618 1436 3672 boni
1474 3617 1712 3687 magistri
1763 3617 1877 3688 ipse
1926 3629 2137 3686 quoque

541 3714 682 3782 quod
708 3712 1032 3768 admonebat
1054 3711 1311 3782 implevit.
1337 3710 1478 3765 Dicit
1494 3709 1638 3765 enim
1661 3726 1674 3763 :
1701 3707 2006 3764 Benedictus
2030 3709 2137 3764 Do-

542 3812 731 3862 minus.
777 3807 844 3861 Et
877 3821 1036 3877 quem
1079 3804 1363 3860 Dominum
1405 3802 1618 3858 dixerat
1665 3802 1941 3858 evtlenter
1989 3803 2133 3858 desi-

541 3910 690 3971 gnat,
718 3897 919 3970 Regem
936 3898 1139 3954 scilicet
1164 3897 1456 3964 Christum,
1481 3896 1573 3967 qui
1592 3912 1654 3950 ea:
1680 3895 1833 3963 Sion,
1857 3897 1911 3950 id
1939 3904 2021 3951 est
2041 3896 2138 3952 Ec-

543 3993 759 4048 clesiam
787 4006 936 4047 suam
968 3999 1152 4046 sancta
1189 3988 1559 4044 incarnatione
1589 3988 1847 4042 visitavit.
1894 3987 2014 4057 ipse
2054 3996 2139 4044 est

543 4083 631 4152 qui
661 4081 850 4135 habitat
887 4081 942 4134 in
972 4079 1284 4145 Jerusalem,
1314 4093 1434 4149 quae
1464 4079 1799 4134 diversorum
1829 4087 2136 4135 sanctorum

544 4175 956 4247 congregatione
1003 4173 1364 4242 construitur,
1406 4181 1462 4228 et
1514 4171 1675 4244 Regis
1717 4171 1802 4227 sui
1850 4173 2138 4242 prasentia

545 4273 746 4322 attorna
774 4264 1027 4320 felicitate
1057 4263 1291 4320 laetatur.

1080 4355 1350 4412 Conclusio
1389 4357 1594 4427 psalmi.

619 4448 878 4505 Mirabllis
932 4447 1172 4518 psalmus
1228 4447 1296 4502 ad
1352 4447 1729 4504 devotissimos
1779 4449 2002 4519 populos
2053 4450 2136 4503 in-

547 4543 856 4600 struendos.
909 4540 1053 4596 Nihil
1079 4542 1237 4611 ‘enint
1272 4549 1390 4610 post
1421 4548 1568 4594 tanta
1601 4540 1863 4596 beneficia
1910 4541 2138 4597 reddere

547 4650 852 4706 possumus,
899 4634 1003 4689 nisi
1048 4643 1106 4689 ut
1155 4634 1342 4703 (sicut
1386 4630 1439 4686 in
1489 4633 1765 4704 principiis
1794 4633 1997 4688 dictum
2027 4633 2135 4704 est)

548 4727 832 4784 Dominum
866 4735 1108 4782 nostrum
1147 4725 1286 4780 trina
1315 4723 1655 4781 confessione
1692 4724 1852 4796 ἀει
1884 4725 2139 4794 ριέηᾶίςθ-
2165 4734 2219 4797 D

545 4835 683 4876 mus.
719 4818 1026 4875 Laudemus
1055 4819 1286 4885 Patrem,
1320 4818 1598 4874 laudemus
1623 4819 1840 4886 Filium,
1861 4819 2138 4874 laudemus

546 4911 804 4982 Spiritum
830 4919 1100 4984 sanctum,
1122 4924 1288 4964 unum
1312 4918 1473 4979 atque
1493 4907 1915 4979 omnipotentem
1939 4909 2136 4974 Deum;

547 5013 608 5061 ut
632 5004 769 5060 sicut
797 5019 904 5059 non
929 5013 1012 5060 est
1039 5001 1094 5057 in
1139 5001 1232 5058 illa
1263 5010 1449 5056 natura
1479 5000 1730 5056 distantia
1750 5044 1764 5070 ,
1817 5002 1887 5057 ita
1933 5016 2044 5056 non
2070 5001 2141 5056 sit

544 5098 678 5154 etin
705 5097 820 5166 ipsa
850 5095 1008 5151 laude
1037 5093 1344 5150 diversitas.
1380 5093 1504 5148 Haec
1528 5101 1611 5147 est
1645 5107 1832 5148 revera
1864 5093 1982 5148 laus
2019 5107 2140 5164 qua:

551 5204 652 5248 nos
686 5188 878 5257 reﬁcit,
906 5190 1008 5245 hoc
1050 5188 1306 5260 pabulum
1334 5203 1441 5258 quo
1472 5185 1648 5241 anima
1691 5187 1889 5242 devota
1926 5187 2141 5258 sagina-

550 5293 654 5340 tur.
688 5281 805 5351 lpsa
835 5288 920 5336 est
945 5281 1090 5336 enim
1120 5280 1485 5337 remuneratio
1515 5288 1694 5334 nostra
1725 5293 1842 5350 qua:
1869 5287 1923 5334 et
1947 5294 2142 5349 opera-

547 5375 644 5446 tio,
677 5374 733 5429 in
759 5387 864 5444 qua
896 5382 1098 5429 tantum
1129 5373 1425 5439 reficimur,
1473 5383 1528 5428 ut
1560 5373 1703 5428 nulla
1744 5371 2029 5428 delec1atio
2067 5372 2144 5428 si-

548 5466 690 5525 milis
711 5480 832 5523 esse
853 5464 1116 5522 videatur.
1145 5465 1504 5520 Prtedicemus
1525 5463 1705 5534 itaque
1730 5463 1910 5532 modo,
1940 5475 1998 5518 ut
2018 5479 2140 5519 cum

548 5559 604 5620 in
634 5571 896 5616 internum
926 5573 1048 5616 cum
1075 5557 1277 5628 angelis
1300 5557 1518 5611 laudare
1543 5571 1866 5613 mereamur.
1896 5557 2003 5613 Sed
2028 5557 2145 5628 ipse

552 5652 641 5709 hic
666 5651 837 5708 donet
866 5660 1070 5716 votum,
1093 5649 1185 5717 qui
1213 5648 1286 5702 ibi
1316 5649 1610 5704 collaturus
1639 5658 1721 5705 est
1747 5647 2044 5718 praemium.

1052 5759 1366 5816 PSALMUS
1392 5760 1658 5817 CXXXV.

1237 5852 1483 5909 Alleluia.

633 5939 836 5997 lterum
862 5937 1017 5998 nobis
1043 5939 1264 6002 Alleluia
1289 5942 1574 6001 dicendum
1602 5953 1705 6017 est,
1735 5947 1902 6015 gratia
1933 5947 2146 6018 quidem

2237 660 2458 716 omnino
2485 658 2844 718 notissimum.
2879 659 3016 714 lluic
3046 661 3282 730 psalmus
3307 660 3586 733 subiectus
3612 673 3718 732 est,
3745 664 3843 737 qui

2237 752 2399 809 simili
2423 754 2709 808 verborum
2735 752 3076 810 assonatione
3113 762 3381 812 cantatur.
3420 755 3672 814 Diversae
3693 759 3844 818 enim

2243 865 2333 907 res
2357 850 2604 916 inchoat;
2633 850 2728 906 sed
2759 848 2815 904 in
2839 865 3001 906 unam
3031 851 3463 910 convenientiam
3501 854 3853 915 vociferatio-

2243 942 2328 998 nis
2355 943 2616 1008 exsultat;
2650 940 2804 1012 cujus
2833 956 3024 998 versus
3062 942 3294 1000 uniﬁnes
3335 959 3444 1001 non
3484 945 3727 1018 improbe
3750 949 3848 1005 di.

2240 1035 2414 1091 cimus
2442 1033 2780 1102 vocitandos,
2807 1035 2946 1090 sicut
2965 1033 3021 1089 in
3052 1036 3349 1092 centesimo
3376 1036 3592 1094 decimo
3611 1041 3850 1111 septimo

2239 1129 2450 1200 psalmo
2474 1129 2586 1200 jam
2615 1128 2850 1184 diximus
2870 1168 2886 1192 ,
2917 1127 3009 1184 ubi
3037 1137 3269 1199 quatuor
3296 1144 3486 1186 versus
3511 1130 3678 1190 simili
3712 1149 3850 1192 seta--

2241 1221 2407 1278 tentia
2433 1223 2807 1278 terminantur.
2836 1220 3106 1292 Quidquid
3135 1223 3280 1279 enim
3307 1222 3533 1291 dicitur,
3571 1227 3638 1282 ad
3670 1228 3844 1283 mise-

2235 1312 2522 1369 ricordiam
2557 1311 2764 1368 Domini
2794 1311 3044 1379 refertur,
3071 1311 3190 1368 sine
3219 1327 3323 1382 qua
3346 1315 3632 1373 subsistere
3659 1317 3848 1373 nulla.

2239 1418 2394 1465 tenus
2415 1407 2786 1478 pratvalemus.
2818 1407 3008 1463 Merito
3031 1421 3163 1477 ergo
3189 1407 3388 1477 sapius
3411 1407 3516 1478 ipsa
3537 1410 3835 1480 repetitur,

2237 1515 2357 1571 qua:
2385 1501 2564 1556 omnia
2592 1499 2645 1554 in
2679 1497 2832 1554 nobis
2855 1498 3336 1569 indulgentissimis
3360 1501 3665 1557 muneribus
3687 1516 3834 1572 ope-

2239 1598 2410 1646 ratur.
2432 1590 2564 1645 Nam
2586 1589 2631 1645 si
2647 1603 2862 1646 causam
2887 1589 3020 1644 tanti
3035 1589 3230 1644 secreti
3248 1587 3530 1660 discutias,
3549 1590 3846 1648 clementia

2239 1691 2322 1738 est
2351 1682 2566 1737 Domini
2609 1695 2770 1737 omne
2807 1679 2951 1752 quod
2992 1680 3242 1750 vivimus,
3274 1679 3642 1738 misericordia
3694 1683 3842 1754 quod

2238 1776 2499 1832 valemus.
2547 1775 2890 1846 Quapropter
2939 1789 3039 1831 nec
3068 1775 3136 1830 ab
3179 1790 3274 1830 ore
3304 1783 3492 1831 nostro
3518 1775 3706 1845 debet,
3739 1793 3844 1834 nec

2238 1885 2270 1924 a
2299 1869 2466 1926 corde
2486 1868 2799 1935 discedere;
2831 1877 3098 1938 quatenus
3126 1877 3180 1924 et
3201 1868 3316 1939 ipsa
3335 1883 3436 1926 nos
3457 1868 3841 1941 digneturjugi

2166 1955 2217 2017 B
2247 1961 2471 2017 tuitione
2498 1975 2736 2017 servare.
2766 1959 2881 2016 Hoc
2903 1960 3098 2016 imitati
3128 1968 3300 2030 poeta:
3319 1974 3516 2015 assona
3537 1959 3840 2015 carminum

2242 2051 2463 2107 ﬁoscula
2494 2050 2873 2117 condiderunt,
2903 2065 3256 2121 supernarum
3283 2051 3542 2105 virtutum
3575 2065 3738 2106 sonos
3765 2051 3838 2107 ad

2239 2145 2507 2216 mundana
2536 2145 2712 2200 studia
2743 2144 3150 2201 transferentes.
3176 2144 3286 2201 Sed
3306 2147 3567 2216 quoniam
3593 2148 3833 2204 universi

2243 2238 2440 2309 psalmi
2470 2237 2787 2294 multifarias
2830 2237 3081 2294 videntur
3126 2239 3406 2295 continere
3442 2239 3702 2308 virtutes,
3731 2241 3836 2298 iste

2246 2330 2539 2399 perfectam
2571 2331 2731 2385 vitam
2770 2343 2875 2385 non
2907 2330 3152 2400 improbe
3185 2330 3519 2400 judicabitur
3563 2332 3840 2402 declarare

2237 2422 2526 2492 justorum,
2565 2421 2657 2492 qui
2689 2423 2938 2477 mandata
2967 2422 3181 2478 Domini
3217 2423 3526 2480 salutariter
3553 2427 3842 2496 auspican-

2241 2523 2342 2581 tes,
2376 2516 2428 2570 in
2470 2515 2842 2571 misericordia
2890 2516 3006 2586 ejus
3030 2515 3226 2587 jugiter
3269 2529 3637 2586 perseverant.
3685 2520 3844 2578 Unde

2240 2607 2422 2663 animo
2449 2607 2754 2663 recolamus
2805 2608 2902 2662 bas
2949 2607 3328 2664 similitudines
3363 2625 3649 2677 versuum,
3689 2621 3746 2668 et
3785 2613 3844 2669 in

2239 2710 2457 2768 octavo,
2485 2701 2748 2772 vigesimo
2795 2701 2977 2769 tertio,
3007 2701 3420 2773 quadragesimo
3467 2705 3676 2774 primo,
3707 2721 3844 2776 qua-

2239 2792 2545 2862 dragesimo
2575 2795 2782 2862 quinto,
2808 2792 3232 2868 quadragesimo
3257 2803 3470 2862 octavo,
3512 2797 3846 2868 quinquage-

2239 2883 2376 2938 simo
2406 2892 2580 2949 sexto,
2606 2875 2944 2954 sexagesimo
2975 2891 3167 2952 sexto,
3218 2887 3519 2941 centesimo
3568 2887 3844 2955 secundo,

2239 2975 2535 3031 centesimo
2575 2976 2766 3044 tertio,
2795 2977 3093 3033 centesimo
3118 2986 3277 3033 sexto
3325 2979 3540 3049 psalmis
3582 2980 3845 3038 diversas

2239 3067 2394 3122 nobis
2424 3067 2695 3123 subtiliter
2715 3067 2986 3124 indicasse
3014 3069 3272 3138 virtutes,
3310 3071 3452 3128 sicut
3485 3073 3617 3128 locis
3643 3086 3844 3130 eorum

2239 3168 2448 3215 constat
2499 3160 2824 3229 expositum.
2880 3159 3047 3231 Cujus
3091 3169 3270 3218 autem
3329 3163 3545 3219 virtutis
3595 3179 3844 3234 praesens

2239 3253 2474 3324 psalmus
2498 3267 2620 3310 esse
2649 3261 2946 3324 noscatur,
2979 3253 3192 3325 plenius
3237 3255 3293 3312 in
3329 3255 3450 3327 ejus
3489 3258 3845 3316 conclusione

2161 3341 2207 3406 C
2238 3347 2507 3405 dicemus.

2812 3482 3010 3538 Divisio
3039 3484 3242 3551 psalmi.

2310 3594 2414 3652 Per
2462 3594 2773 3651 universum
2815 3595 3082 3665 psalmum
3129 3593 3392 3666 propheta
3440 3594 3712 3666 loquitur,
3745 3596 3842 3666 qui

2239 3689 2480 3760 quamvis
2503 3699 2642 3747 totus
2670 3690 2816 3746 velut
2841 3691 3062 3746 caeleste
3087 3691 3407 3758 canistrum,
3438 3690 3654 3746 decoris
3678 3704 3840 3760 repe-

2239 3783 2514 3837 titionibus
2541 3783 2692 3852 quasi
2722 3782 2903 3838 aureis
2923 3767 3122 3853 regulis
3140 3781 3386 3837 videatur
3408 3781 3665 3848 intextus,
3690 3782 3844 3838 unde

2239 3875 2534 3946 spiritualia
2562 3876 2702 3932 bona
2728 3885 2979 3948 tanquam
3010 3877 3184 3931 dulcia
3213 3861 3629 3946 poma’convivis
3651 3878 3839 3932 eccle-

2238 3967 2468 4022 siasticis
2489 3966 2783 4024 oil'erantur
2808 3986 2822 4024 :
2848 3977 3029 4024 tamen
3053 3969 3107 4024 in
3136 3969 3242 4024 illis
3267 3969 3552 4039 capitaneis
3573 3968 3842 4026 versibus

2238 4059 2330 4130 qui
2357 4060 2505 4116 varie
2543 4059 2832 4127 dicuntur,
2861 4061 3035 4132 prima
3073 4069 3231 4132 parte
3275 4060 3674 4132 magniﬁcentia
3721 4062 3850 4118 Do-

2238 4150 2370 4206 mini
2399 4151 2718 4220 exponitur,
2749 4159 2806 4206 et
2843 4151 3005 4206 totius
3045 4151 3190 4207 orbis
3228 4151 3470 4208 conditio
3507 4151 3851 4209 declaratur.

2238 4241 2481 4298 Secunda
2514 4251 2663 4311 parte
2711 4241 2974 4298 miracula
3015 4242 3352 4309 referuntur,
3385 4259 3507 4312 qua:
3555 4242 3760 4298 fecerat
3791 4242 3854 4298 in

2240 4334 2474 4406 Egypto
2513 4343 2567 4390 et
2599 4336 2650 4390 in
2680 4344 2838 4405 gente
2866 4334 3198 4391 Judteorum.
3249 4335 3433 4390 Tertia
3462 4335 3747 4392 descendit
3781 4336 3858 4391 ad

2239 4426 2598 4493 Christianos,
2659 4426 2918 4484 benelicia
2953 4427 3160 4483 Domini
3201 4438 3601 4498 consequenter
3627 4442 3860 4486 enume-

2241 4534 2398 4586 rans,
2436 4529 2495 4574 ut
2524 4535 2619 4590 per
2642 4519 2782 4576 hanc
2826 4520 3206 4590 repetitionem
3247 4536 3412 4578 unum
3450 4529 3736 4580 auctorem
3769 4538 3858 4580 rc-

2241 4625 2360 4666 rum
2389 4611 2626 4667 omnium
2654 4626 2777 4668 esse
2810 4592 3188 4682 cognosceres.

2783 4723 3056 4796 Expositio
3093 4725 3301 4797 psalmi.

2316 4838 2469 4895 Vers.
2498 4839 2549 4893 1.
2589 4837 2911 4908 Conﬁtemini
2950 4839 3170 4896 Domino
3209 4841 3457 4910 quoniam
3494 4842 3696 4911 bonus,
3726 4861 3868 4915 quo-

2242 4933 2382 4987 niam
2411 4933 2467 4986 in
2505 4933 2750 4986 saxulum
2791 4933 3144 4989 misericordia
3183 4938 3317 5008 ejus.
3359 4936 3608 4994 Diximus
3638 4952 3745 5010 per
3771 4953 3870 4994 ca-

2244 5025 2352 5092 pita
2399 5039 2647 5078 versuum
2697 5023 2876 5080 inesse
2924 5025 3343 5096 pulcherrimam
3394 5030 3772 5099 varietatem,
3811 5033 3872 5088 iu

2242 5117 2347 5172 ﬁne
2376 5125 2555 5172 autem
2589 5117 2925 5172 consimilem
2960 5120 3373 5190 repetitionem,
3402 5130 3459 5178 et
3498 5123 3627 5179 ideo
3673 5127 3874 5195 capita

2244 5218 2448 5264 tantum
2468 5222 2720 5264 versuum
2740 5209 3057 5279 exponenda
3075 5219 3231 5279 sunt;
3261 5212 3398 5270 ﬁnes
3424 5223 3609 5271 autem
3637 5231 3874 5288 eorum,

2245 5301 2338 5372 qui
2369 5319 2478 5358 uno
2512 5313 2698 5359 tenore
2729 5311 3067 5374 repetuntur,
3096 5307 3264 5362 semel
3295 5315 3505 5364 tantum
3536 5308 3880 5372 declarasse

2243 5394 2493 5451 sufficiat.
2525 5395 2637 5450 Hoc
2663 5404 2841 5451 tamen
2871 5392 3053 5453 mente
3081 5397 3423 5454 condendum
3451 5409 3568 5466 est,
3603 5404 3766 5472 quod
3801 5405 3882 5466 ad

2246 5496 2466 5543 cunctas
2493 5502 2687 5556 operas
2714 5503 2831 5558 quae
2870 5488 3128 5545 dicuntur
3153 5489 3395 5557 inferius,
3429 5491 3646 5547 Domini
3689 5498 3882 5554 misc-

2251 5581 2480 5637 ricordia
2502 5583 2572 5637 sit
2592 5591 2960 5652 competenter
2979 5581 3255 5654 adjuncta.
3276 5584 3694 5641 Confessionem
3715 5601 3888 5662 saepe

2249 5673 2481 5728 diximus
2511 5681 2566 5730 et
2587 5674 2654 5729 ad
2679 5673 2865 5730 laudes
2892 5674 3136 5742 Domini,
3171 5683 3226 5732 et
3247 5675 3314 5731 ad
3355 5677 3702 5747 deploranda
3743 5697 3890 5752 pec-

2251 5772 2368 5819 cata
2398 5766 2758 5820 communiter
2787 5766 3078 5834 pertinere.
3111 5766 3209 5821 Hic
3237 5773 3414 5823 autem
3446 5781 3553 5825 non
3581 5783 3780 5830 unum
3811 5792 3888 5834 ex

2252 5855 2488 5925 duobus,
2515 5855 2611 5911 sed
2639 5863 2926 5927 utrumque
2952 5856 3326 5928 accipiendum
3370 5869 3482 5924 est;
3512 5859 3678 5917 docet
3711 5868 3892 5926 enim

2251 5948 2438 6008 beatos
2465 5947 2610 6006 viros
2630 5958 2684 6006 et
2715 5947 2901 6012 laudes
2923 5949 3149 6010 Domino
3169 5951 3369 6023 jugiter
3393 5950 3595 6021 dicere,
3623 5962 3693 6014 et
3721 5971 3892 6028 pra-
