4114 6362
276 373 389 433 969

1189 371 1551 433 EXPOSITIO
1585 373 1653 433 IN
1692 364 2148 434 PSALTERIUM.
2190 371 2385 432 PSAL.
2424 368 2686 431 CXXXV.

3440 367 3551 428 970

284 491 437 547 tet-ita
476 498 691 561 peccata
725 488 945 548 deflere.
980 491 1069 549 Sic
1097 492 1240 548 enim
1279 493 1457 564 justos
1494 496 1861 566 intelligimus,
1893 499 1948 559 Λ
1971 495 2054 551 nis
2083 494 2369 565 expressit.
2400 494 2495 551 ille
2515 493 2658 550 enim
2681 505 2786 547 non
2818 488 2943 546 facit
2969 488 3147 561 aliqua
3170 485 3422 554 videndo,
3452 502 3553 542 nec

282 598 329 638 st
359 583 606 639 conversi
631 597 660 636 a
689 583 830 639 malo
851 582 941 639 illa
973 583 1257 653 damnent,
1286 600 1405 656 qua:
1435 587 1724 659 aliquando
1749 603 1869 659 ges-

280 684 489 743 serunt,
520 676 659 731 sicut
684 674 875 732 Paulus
899 679 1175 749 apostolus
1196 678 1264 734 de
1292 681 1578 749 praeteritis
1607 684 1713 737 ait:
1746 682 1869 738 Non

281 787 394 826 sum
420 770 606 839 dignus
634 771 805 825 vocari
842 770 1136 839 apostolus,
1163 773 1283 843 quia
1311 785 1604 844 persecutus
1627 792 1739 829 sum
1769 774 1871 831 Ec-

279 863 488 918 clesium
516 860 613 916 Dei
643 861 694 934 (Ι
728 861 848 917 Cor.
878 879 967 929 xv,
990 863 1069 935 9).
1101 861 1384 935 Sequitur,
1415 867 1657 937 quoniam
1684 866 1868 935 bonus,

279 954 368 1023 qui
399 961 453 1009 et
480 951 665 1009 laudes
691 968 820 1010 suas
857 955 1158 1011 clementer
1183 957 1398 1026 audiat,
1421 967 1475 1013 et
1514 959 1869 1029 supplicanti-

279 1045 380 1100 bus
416 1043 702 1100 miseratus
741 1043 1039 1116 indulgeat.
1066 1045 1320 1115 Addidit,
1349 1049 1588 1117 quoniam
1616 1051 1669 1103 in
1708 1066 1870 1105 διεω-

279 1139 384 1193 lum
405 1139 756 1193 misericordia
784 1140 915 1205 ejus.
946 1138 1012 1195 In
1039 1141 1313 1208 uetulum,
1354 1142 1563 1198 scilicet
1597 1144 1649 1199 in
1680 1159 1871 1215 perpe-

281 1239 430 1284 tuum
491 1231 620 1286 dicit
676 1247 689 1283 :
743 1232 994 1301 quoniam
1052 1232 1418 1288 misericordia
1474 1234 1643 1304 ipsius
1707 1244 1869 1292 aeter-

279 1335 408 1376 num
437 1329 664 1392 occupat
709 1330 941 1393 tempus.
980 1322 1078 1379 llic
1117 1333 1340 1394 praestat
1383 1335 1441 1381 ut
1475 1326 1868 1401 recreet[mss.

282 1412 477 1484 G.,A.,
502 1412 777 1483 B.,creet;
804 1431 900 1469 ms.
938 1414 1029 1482 F.,
1055 1413 1307 1487 crescat],
1334 1418 1505 1488 parcit
1530 1429 1585 1475 ut
1606 1420 1866 1491 corrigat;

279 1506 353 1563 ibi
380 1506 807 1562 misericordiam
834 1507 990 1563 bonis
1021 1508 1205 1564 tribuit
1231 1517 1291 1564 ut
1311 1523 1551 1566 coronet.

356 1599 506 1656 Vers.
534 1599 589 1653 2.
622 1599 945 1669 Con/itemini
970 1598 1081 1655 Deo
1110 1601 1338 1669 deorum,
1362 1604 1607 1673 quoniam
1634 1606 1686 1659 in
1708 1621 1871 1661 saecu-

280 1693 388 1748 lum
416 1692 767 1747 misericordia
794 1695 928 1765 ejus.
960 1692 1250 1763 Superiora
1276 1697 1482 1763 psalmo
1509 1696 1669 1751 corda
1696 1698 1869 1767 genti-

280 1786 430 1851 lium,
454 1786 863 1843 simulacrorum
885 1800 1107 1841 suorum
1130 1786 1381 1842 irrisione
1406 1789 1698 1859 quassavit,
1727 1805 1868 1845 nunc

1972 587 2199 642 aliorum
2246 586 2476 642 fabricas
2507 584 2836 650 aemulando;
2884 582 2981 639 sed
3010 580 3264 651 quidquid
3296 581 3348 635 in
3389 579 3552 633 intel-

1971 679 2115 736 lectu
2164 693 2277 734 suae
2305 677 2601 749 maiestatis
2640 675 2937 746 disposuit,
2970 674 3083 730 hoc.
3116 682 3170 730 et
3210 672 3276 727 ad
3303 669 3551 728 effectum

1972 778 2346 826 momentanea
2366 768 2679 840 operatione
2707 767 2971 839 perducit.
3003 766 3272 821 Perfeetio
3298 765 3441 819 enim
3467 777 3555 819 re-

1971 878 2092 917 rum
2122 862 2370 917 voluntas
2400 861 2569 933 ipsius
2590 870 2708 927 est;
2732 874 2833 916 nec
2855 874 3059 915 moram
3084 858 3274 928 recipit
3299 840 3441 928 quod
3464 856 3556 912 ille

1971 953 2291 1009 decreverit.
2312 952 2402 1010 Sic
2424 954 2565 1009 enim
2590 953 2643 1009 in
2667 950 2943 1023 superiore
2971 950 3179 1022 psalmo
3199 949 3398 1005 dictum
3427 957 3508 1003 est
3536 964 3550 999 :

1976 1046 2163 1101 Omnia
2200 1061 2515 1117 quaecunque
2544 1045 2700 1099 voluit
2742 1044 2992 1097 Dominus
3024 1044 3146 1113 fecit
3190 1042 3244 1095 in
3271 1041 3395 1094 creto
3426 1049 3474 1095 et
3503 1039 3556 1093 in

1971 1146 2107 1192 terra
2130 1136 2305 1209 (Psal.
2336 1152 2552 1204 cxxxtv,
2574 1136 2652 1206 6).
2685 1134 2753 1189 In
2775 1136 3036 1189 intellectu
3061 1149 3190 1205 ergo
3228 1132 3380 1187 cwlos
3411 1132 3552 1200 fecit,

1971 1232 2094 1302 quia
2123 1231 2268 1287 nulla
2298 1229 2633 1297 confusione,
2664 1229 2809 1283 nulla
2836 1228 3264 1293 inordinatione,
3296 1225 3443 1281 nulla
3474 1227 3557 1279 iu-

1969 1322 2245 1379 formitate
2271 1324 2435 1378 creati
2458 1330 2611 1390 sunt,
2654 1321 2748 1376 sed
2792 1320 3033 1375 distincti
3076 1328 3235 1389 atque
3265 1316 3553 1386 compositi

1973 1417 2243 1473 Creatoris
2267 1416 2351 1472 sui
2377 1415 2649 1470 voluntate
2668 1424 3013 1484 peraguntur.
3043 1411 3152 1468 Nec
3173 1421 3388 1468 moveat
3410 1409 3556 1480 quod

1972 1509 2139 1565 caelos
2168 1509 2357 1579 plurali
2390 1522 2615 1565 numero
2636 1507 2982 1576 nuncupavit,
3014 1506 3228 1577 quando
3254 1514 3307 1560 et
3329 1503 3455 1559 alibi
3479 1503 3555 1558 le-

1971 1601 2113 1670 gitur
2140 1618 2153 1654 :
2177 1582 2572 1665 Laudateeum,
2604 1597 2718 1653 cali
2755 1599 2999 1653 caelorum
3025 1597 3193 1668 (Psal.
3224 1612 3443 1662 cxnvnt,
3474 1594 3553 1666 4).

1974 1693 2040 1747 Et
2065 1692 2354 1762 Apostolus
2381 1691 2457 1745 ait
2486 1708 2499 1745 :
2533 1688 2734 1761 Raptus
2771 1704 2884 1742 sum
2917 1702 3073 1757 usque
3119 1686 3188 1741 ad
3226 1687 3433 1742 tertium
3458 1701 3559 1740 cte-

1974 1786 2084 1840 lum
2105 1784 2203 1858 (11
2236 1783 2356 1839 Cor.
2387 1799 2482 1850 xn,
2510 1783 2544 1836 2
2564 1784 2607 1853 ).
2642 1782 2980 1852 Quapropter
3010 1779 3234 1836 definire
3256 1778 3411 1834 nobis
3448 1792 3557 1834 non

280 1888 458 1932 autem
506 1886 736 1947 quantus
773 1877 1057 1949 qualisque
1105 1878 1179 1935 sit
1219 1881 1560 1949 omnipotens
1607 1880 1869 1936 Dominus
1902 1884 1947 1945 Β
1975 1878 2101 1933 licet
2133 1878 2316 1949 quanti
2345 1878 2476 1944 sint,
2535 1876 2680 1946 quod
2724 1876 2777 1931 in
2806 1876 3101 1945 Scripturis
3130 1872 3300 1930 sacris
3328 1888 3436 1930 non
3480 1874 3562 1929 le-

280 1969 659 2040 praedicatione
703 1971 1003 2026 verissima:
1044 1970 1337 2041 majestatis
1377 1973 1646 2040 ostendit,
1674 1982 1733 2028 ut
1762 1990 1870 2029 non

279 2062 452 2117 solum
479 2060 622 2117 Deus
644 2062 897 2117 credatur
923 2063 1094 2133 qualis
1118 2070 1212 2118 aut
1251 2063 1473 2133 angelus
1507 2063 1736 2131 dicitur,
1777 2074 1870 2121 aut

281 2154 536 2210 virtutum
565 2154 724 2209 homo
753 2169 899 2223 saepe
926 2165 1288 2222 memoratur;
1322 2155 1415 2211 sed
1446 2155 1588 2210 Deus
1632 2157 1721 2212 ille
1747 2158 1872 2211 deo-

279 2263 397 2301 rum
426 2255 544 2317 est,
574 2247 660 2301 cui
708 2248 888 2303 nullus
936 2248 1129 2303 similis
1162 2250 1449 2304 invenitur.
1484 2248 1627 2305 Deus
1676 2253 1872 2321 quippe

280 2347 502 2409 propter
528 2337 749 2394 honoris
777 2339 1156 2395 excellentiam
1186 2348 1361 2410 potest
1388 2350 1442 2396 et
1463 2350 1705 2396 creatura
1734 2341 1868 2409 dici;

281 2430 480 2485 lectum
511 2441 592 2485 est
617 2430 763 2486 enim
789 2430 843 2486 in
893 2432 1224 2502 octogesimo
1265 2433 1438 2502 primo
1467 2432 1675 2503 psalmo
1708 2450 1722 2487 :
1754 2431 1870 2504 Ego

281 2522 412 2591 dixi,
444 2520 535 2576 Dii
560 2523 700 2590 estis,
727 2532 773 2578 et
799 2522 895 2592 ﬁlii
926 2520 1134 2576 Επειεὶ
1162 2539 1332 2577 omnes
1370 2523 1541 2594 (Psal.
1576 2540 1758 2593 Lxxxt,
1790 2524 1866 2598 6).

283 2612 348 2667 Et
370 2615 424 2668 in
460 2614 642 2668 Exodo
673 2630 686 2666 :
718 2612 881 2669 Deum
903 2623 950 2668 te
970 2612 1119 2685 posui
1146 2612 1413 2668 Pharaoni
1437 2613 1634 2687 (Exod.
1662 2631 1756 2682 vn,
1790 2618 1868 2686 1).

282 2701 424 2757 Deus
446 2714 623 2759 autem
653 2704 865 2760 deorum
889 2720 999 2761 non
1030 2713 1241 2776 potest,
1266 2707 1369 2762 nisi
1398 2706 1512 2762 sola
1541 2718 1725 2764 sancta
1754 2707 1875 2765 Tri-

287 2795 431 2851 nitas
460 2797 785 2867 nuncupari.

355 2888 508 2945 Vers.
536 2889 591 2944 '5.
616 2889 941 2960 Conﬁtentini
977 2891 1193 2947 Domino
1235 2892 1590 2963 dominorum,
1632 2894 1874 2964 quoniam

284 2980 336 3036 in
353 2982 599 3037 steculunt
628 2984 984 3039 misericordia
1014 2988 1149 3058 ejus.
1182 2984 1460 3056 Superiori
1484 2986 1764 3041 sententiae
1795 2986 1874 3042 si-

284 3073 422 3129 milis
434 3083 518 3129 est
544 3073 716 3129 etista
746 3075 971 3131 locutio.
995 3074 1086 3132 Sic
1113 3076 1257 3132 enim
1281 3075 1478 3131 dicitur
1502 3074 1752 3131 Dominus
1780 3075 1874 3130 do-

285 3174 571 3241 minorum,
614 3173 1067 3243 quemadmodum
1116 3182 1173 3231 et
1210 3172 1352 3229 Deus
1393 3174 1624 3229 deorum.
1664 3173 1793 3228 Nam
1820 3182 1876 3230 ct

1973 1972 2116 2043 gitur
2142 1970 2486 2039 explicatum.

2050 2065 2202 2121 Vers.
2230 2063 2284 2119 6.
2317 2063 2418 2130 Qui
2441 2060 2662 2131 ﬁrmavit
2691 2070 2879 2115 terram
2914 2074 3068 2130 super
3108 2073 3291 2129 aquas,
3320 2057 3562 2127 quoniam

1972 2160 2027 2212 in
2074 2157 2317 2213 sceculunt
2361 2155 2713 2211 misericordia
2761 2156 2898 2227 ejus.
2954 2152 3247 2222 Postquam
3291 2151 3360 2208 de
3404 2151 3562 2208 caslis

1975 2250 2131 2317 dixit,
2158 2262 2495 2318 consequens
2517 2248 2615 2302 fuit
2637 2259 2692 2301 ut
2714 2247 2782 2302 de
2811 2258 2950 2302 terra
2977 2259 3187 2314 quoque
3216 2244 3559 2314 loqueretur;

1975 2356 2101 2396 nam
2131 2350 2186 2396 et
2213 2344 2352 2395 hanc
2383 2340 2509 2394 fecit
2530 2341 2582 2393 iu
2631 2340 2924 2395 intellectu.
2971 2338 3090 2407 Ipse
3120 2346 3205 2393 est
3233 2340 3375 2392 enim
3404 2337 3564 2393 intel-

1976 2436 2145 2491 lectus
2184 2434 2276 2505 qui
2306 2443 2499 2488 cuncta
2528 2437 2843 2502 complexus
2871 2442 2985 2503 est,
3030 2445 3083 2488 et
3125 2448 3219 2503 per
3265 2433 3558 2504 potentiam

1976 2542 2088 2583 sum
2116 2525 2490 2595 dispositionis
2521 2524 2785 2593 implevit.
2817 2524 2924 2581 Sed
2951 2524 3321 2594 perquiramus
3352 2539 3450 2579 cur
3474 2524 3562 2579 hic

1975 2620 2199 2686 dixerit,
2229 2629 2426 2674 terram
2452 2618 2679 2689 positam
2706 2632 2867 2687 super
2888 2631 3074 2687 aquas,
3101 2631 3221 2672 cum
3246 2615 3390 2673 dicat
3411 2614 3513 2671 Job
3544 2633 3562 2672 :

1980 2711 2080 2779 Qui
2099 2710 2362 2781 suspendit
2390 2718 2581 2763 terram
2604 2713 2657 2763 in
2679 2709 2844 2763 nihilo
2866 2706 2988 2776 (Job
3018 2724 3171 2775 xxvt,
3202 2710 3277 2779 7).
3305 2710 3370 2764 Et
3399 2710 3559 2765 alibi:

1980 2804 2081 2871 Qui
2118 2803 2383 2872 suspendit
2420 2801 2580 2855 tribus
2627 2801 2801 2870 digitis
2846 2798 3031 2854 molem
3069 2809 3248 2866 teme,
3288 2801 3425 2870 quod
3469 2818 3566 2856 uo-

1976 2914 2090 2952 men
2120 2907 2191 2953 est
2218 2897 2262 2950 ei
2310 2894 2461 2967 (lsai.
2495 2912 2586 2964 χι,
2635 2894 2763 2965 i2)?
2788 2894 2892 2949 Sed
2921 2904 3165 2949 neutrum
3192 2895 3294 2950 sibi
3322 2896 3565 2951 noscitur

1977 3004 2097 3049 esse
2121 2991 2483 3059 contrarium,
2515 2989 2769 3061 quoniam
2803 2997 3001 3043 terram
3042 2987 3226 3047 dicere
3261 2987 3435 3058 potuit
3470 3002 3564 3043 su.

1978 3104 2074 3159 per
2102 3100 2268 3158 aquas
2294 3101 2441 3151 esse,
2470 3086 2629 3141 etiam
2659 3098 2780 3139 cum
2813 3082 2981 3138 multo
3025 3080 3201 3151 spatio
3246 3081 3448 3137 distare
3477 3082 3561 3137 vi-

1977 3181 2227 3246 deretur;
2257 3180 2337 3235 sic
2362 3179 2504 3233 enim
2527 3186 2582 3233 et
2607 3177 2807 3233 omium
2828 3177 3058 3231 dicimus
3089 3189 3250 3245 supra
3283 3190 3401 3242 nos,
3435 3174 3563 3231 dum

285 3266 535 3324 dominos
575 3277 794 3324 sanctos
820 3268 1048 3325 dicimus
1078 3270 1327 3341 angelos;
1373 3269 1469 3324 sed
1498 3268 1747 3323 Dominus
1772 3268 1868 3322 do-

1980 3284 2155 3332 tamen
2185 3275 2328 3331 aeris
2359 3289 2549 3345 magna
2582 3273 2757 3343 spatia
2788 3272 3051 3327 interesse
3091 3279 3402 3326 noscantur.
3439 3270 3566 3325 Sive

285 3361 536 3415 minorum
561 3361 652 3417 ille
689 3362 839 3418 solus
882 3372 965 3419 est
1013 3361 1102 3417 cui
1148 3371 1337 3418 cuncta
1382 3362 1712 3418 deserviunt.
1760 3362 1877 3431 Ipse

283 3456 445 3511 etiam
465 3455 696 3511 Sanctus
713 3465 1044 3522 sanctorum,
1066 3456 1180 3524 ipse
1201 3454 1309 3510 Res
1330 3469 1540 3523 regum,
1563 3464 1618 3509 et
1638 3452 1877 3508 omnium

286 3556 613 3619 potestatum
643 3546 985 3604 ineﬂ'abiliter
1010 3548 1224 3602 culmen
1247 3545 1542 3601 excelsum.
1572 3544 1703 3612 Quis
1732 3545 1877 3599 enim

285 3640 494 3696 dubitet
536 3654 697 3710 supra
747 3639 927 3695 omnia
972 3653 1114 3708 esse,
1147 3638 1237 3708 qui
1268 3647 1322 3694 et
1374 3651 1563 3693 creare
1592 3635 1795 3707 omnia,
1824 3644 1880 3691 et

287 3734 540 3790 universa
579 3732 832 3802 prtevalet
858 3729 1181 3786 continere?
1710 3752 1717 3757 -

360 3825 515 3881 Vers.
550 3826 604 3880 ι.
637 3826 738 3892 Qui
767 3825 886 3897 fecit
918 3826 1174 3879 mirabilia
1215 3840 1399 3897 magna
1423 3821 1596 3890 solus,
1637 3822 1881 3893 quoniam

286 3919 342 3975 in
370 3919 616 3975 saeculum
638 3919 988 3974 misericordia
1008 3934 1138 3990 ejus.
1171 3918 1321 3975 Sicut
1346 3918 1400 3973 in
1429 3918 1534 3973 illis
1562 3917 1733 3973 tribus
1760 3931 1881 3973 ver-

289 4010 440 4066 sibus
466 4024 629 4080 supra
661 4009 893 4081 positum
940 4017 1044 4075 est,
1076 4008 1414 4078 conﬁtemini,
1469 4009 1540 4060 ita
1571 4018 1624 4062 et
1656 4022 1751 4075 per
1782 4006 1883 4063 hos

290 4116 482 4157 omnes
502 4116 692 4157 versus
715 4100 807 4171 qui
835 4101 1110 4156 variantur
1141 4114 1309 4169 usque
1343 4098 1410 4153 ad
1442 4098 1636 4165 linem,
1668 4099 1883 4167 conﬁte—

290 4197 420 4251 mini
467 4195 894 4252 subaudiendum
955 4203 1059 4251 est.
1117 4194 1247 4261 Quae
1308 4192 1474 4262 ﬁgura
1530 4190 1730 4247 dicitur
1782 4192 1883 4246 ἀπὸ

292 4296 482 4359 κοίνου,
515 4292 566 4346 id
596 4301 679 4347 est
703 4306 734 4346 a
776 4290 1071 4356 communi,
1103 4297 1161 4344 ut
1192 4286 1344 4342 nobis
1374 4285 1530 4355 plena
1560 4283 1731 4354 possit
1755 4299 1887 4339 con-

292 4396 441 4443 stare
469 4387 769 4452 sententia;
799 4387 1031 4441 maxime
1058 4382 1282 4455 quando
1311 4391 1366 4439 et
1400 4387 1449 4437 in
1496 4381 1597 4436 hac
1628 4379 1882 4435 similitu-

293 4482 422 4538 dine
454 4481 654 4537 desinit
684 4481 941 4551 psalmus.
970 4479 1176 4535 Dicitur
1203 4479 1381 4548 itaque
1406 4476 1586 4547 fecisse
1629 4474 1886 4528 mirabilia

296 4590 485 4644 magna
512 4574 684 4640 solus,
710 4572 863 4642 quasi
888 4587 993 4627 non
1024 4587 1120 4643 per
1148 4570 1369 4642 angelos
1398 4580 1452 4624 et
1482 4583 1578 4639 per
1606 4567 1884 4637 apostolos

1979 3369 2064 3440 (ut
2091 3369 2210 3423 aliis
2253 3365 2503 3437 videtur)
2532 3381 2686 3437 super
2713 3380 2933 3436 aquam,
2958 3364 3109 3433 juxta
3138 3378 3329 3433 aquam
3369 3363 3567 3419 intelli-

1978 3460 2209 3531 gendum
2241 3466 2361 3525 est;
2384 3473 2507 3513 nam
2542 3457 2806 3527 hodieque
2845 3456 3075 3511 dicimus
3113 3456 3382 3511 civitatem
3406 3469 3569 3526 super

1980 3568 2130 3609 mare
2156 3552 2408 3623 positam,
2439 3565 2561 3605 cum
2603 3565 2708 3605 non
2738 3549 2792 3603 in
2822 3549 2981 3613 mari,
3009 3547 3103 3604 sed
3126 3548 3279 3618 juxta
3307 3542 3455 3604 mare
3495 3548 3569 3603 sit

1979 3648 2295 3702 constituta.
2331 3644 2425 3700 Vel
2472 3652 2624 3701 certe
2664 3640 3020 3712 spiritualiter
3063 3640 3429 3713 accipiendum
3463 3652 3567 3707 est,

1980 3739 2104 3809 quia
2133 3754 2297 3808 super
2324 3751 2517 3821 aquam
2547 3736 2686 3791 sacri
2732 3734 3073 3805 baptismatis
3096 3744 3237 3790 terra
3268 3745 3482 3801 nostra,
3513 3734 3567 3789 id

1981 3839 2066 3886 est
2106 3844 2307 3901 corpus
2338 3814 2612 3896 r'eiicitur,
2653 3827 2780 3884 dum
2827 3827 3105 3897 religionis
3140 3826 3430 3884 stabilitate
3456 3828 3569 3882 ior-

1983 3934 2180 3981 matur.

2053 4016 2211 4072 Vers.
2242 4017 2298 4071 7.
2337 4015 2439 4083 Qui
2469 4015 2588 4084 fecit
2616 4013 2890 4069 luminaria
2924 4029 3112 4084 magna
3137 4014 3306 4082 solus,
3332 4014 3573 4085 quoniam

1982 4110 2039 4165 in
2059 4108 2303 4164 steeulum
2328 4106 2687 4162 misericordia
2707 4109 2840 4177 ejus.
2869 4106 3123 4174 Quamvis
3149 4106 3214 4161 ad
3238 4106 3465 4162 litteram
3491 4108 3574 4162 lu-

1986 4206 2206 4260 minaria
2231 4202 2375 4269 cmli,
2407 4211 2551 4258 astra
2578 4201 2864 4257 videantur
2894 4201 3158 4273 intelligi,
3202 4201 3452 4259 convenit
3491 4210 3574 4258 ta-

1985 4313 2109 4354 men
2132 4306 2191 4353 ut
2219 4311 2280 4352 ea
2305 4296 2463 4366 paulo
2492 4294 2653 4349 altius
2681 4293 3038 4363 inquiramus.
3070 4293 3265 4368 Magna
3298 4295 3573 4350 luminaria

1986 4392 2124 4448 forte
2151 4388 2417 4461 significat
2449 4387 2692 4459 angelos,
2721 4395 3048 4458 potestates,
3097 4390 3347 4457 thronos,
3397 4388 3572 4443 domi-

1987 4484 2254 4552 nationes,
2278 4481 2371 4553 qui
2404 4482 2606 4551 pietate
2642 4480 2979 4537 sanctissima
3005 4480 3213 4538 ctelesti
3253 4480 3452 4536 lumine
3480 4494 3573 4533 ra-

1987 4576 2221 4632 diantur.
2271 4573 2507 4631 Dicendo
2561 4573 2708 4629 enim
2759 4588 2979 4644 magna,
3033 4573 3282 4629 omnibus
3325 4572 3575 4627 videntur

294 4679 484 4722 servos
525 4680 653 4721 suos
678 4664 840 4736 462
875 4664 1209 4720 diversarum
1252 4662 1505 4717 virtutum
1535 4660 1686 4731 signa
1730 4674 1883 4715 mon-
1910 4653 1964 4715 D
1987 4666 2287 4737 anteposita
2314 4679 2436 4736 qua:
2462 4662 2814 4735 corporaliter
2836 4664 3039 4719 lucent.

295 4760 563 4815 straverit.
588 4758 695 4815 Sed
714 4759 801 4814 hic
824 4766 1151 4815 memoratur
1172 4756 1364 4813 fecisse
1387 4756 1555 4821 solus,
1587 4754 1676 4810 ubi
1707 4753 1883 4810 Verbo

295 4866 397 4908 suo
425 4851 758 4907 conditiones
779 4865 956 4907 rerum
976 4851 1269 4907 fabricasse
1291 4857 1643 4913 monstratur,
1668 4847 1887 4917 quando

297 4954 353 4999 et
377 4944 490 5013 ipsa
521 4944 814 5000 ministeria
860 4960 984 4999 eum
1011 4958 1227 4999 creasse
1265 4957 1374 4998 non
1403 4941 1623 4997 dubium
1661 4948 1764 4998 est.
1797 4938 1888 4996 Sic

297 5036 443 5091 enim
470 5037 810 5092 sentiendum
841 5035 1122 5105 sequentia
1162 5035 1462 5091 declarant.

379 5126 528 5183 Vers.
573 5130 630 5187 5.
664 5129 764 5196 Qui
792 5128 910 5197 fecit
950 5127 1101 5181 caios
1130 5126 1184 5180 in
1219 5125 1512 5193 intellectu,
1555 5123 1797 5194 quoniam
1834 5123 1890 5177 in

297 5221 547 5276 secutum
585 5220 934 5276 misericordia
972 5221 1108 5291 ejus.
1154 5218 1333 5287 Usque
1381 5216 1447 5271 ad
1491 5217 1650 5272 ﬁnem
1697 5215 1889 5287 psalmi

302 5315 420 5369 laus
447 5313 781 5384 depromitur
811 5327 906 5383 per
928 5310 1288 5367 narrationem
1323 5308 1728 5379 prmconialem.
1755 5308 1890 5365 Nar-

303 5406 446 5461 ratio
474 5416 561 5462 est
603 5406 750 5462 enim
799 5420 980 5461 rerum
1009 5412 1284 5475 gestarum
1329 5402 1557 5458 collecta
1597 5403 1886 5473 expositio.

304 5501 519 5558 Domini
545 5512 725 5559 autem
755 5516 844 5558 res
868 5512 1048 5572 gestas
1068 5514 1311 5566 narrare,
1342 5496 1559 5553 laudare
1588 5503 1689 5554 est.
1715 5496 1889 5569 Ipsum

305 5604 537 5664 estergo
565 5594 708 5665 quod
737 5594 985 5664 superius
1014 5591 1154 5647 dixit
1179 5609 1192 5646 :
1232 5590 1330 5656 Qut
1354 5589 1471 5659 fecit
1501 5587 1757 5643 mirabilia
1779 5602 1891 5641 ma-

303 5704 410 5760 gua
437 5688 579 5743 solus
610 5704 628 5742 :
657 5688 910 5759 quoniam
938 5686 1039 5742 hoc
1068 5700 1174 5741 non
1207 5699 1303 5754 per
1326 5691 1625 5746 creaturas,
1656 5680 1751 5736 sed
1779 5682 1892 5735 sola

305 5782 506 5837 virtute
535 5797 646 5837 suae
675 5781 972 5839 divinitatis
995 5788 1250 5849 operatus
1269 5785 1374 5833 est.
1405 5776 1535 5831 Nam
1566 5776 1706 5845 quod
1735 5775 1888 5842 dixit,

306 5872 540 5962 stelasOin
567 5870 826 5928 ittlellectu
854 5872 1002 5939 fecit,
1036 5870 1331 5939 potentiam
1381 5868 1551 5943 ipsam
1583 5869 1892 5943 dispositio-

626 5966 899 6039 Pnnos.
947 5965 1148 6036 LXX.

2060 4756 2217 4813 Vers.
2252 4756 2305 4811 8.
2338 4754 2515 4812 Solem
2538 4755 2593 4809 in
2616 4762 2911 4824 potestatem
2953 4754 3092 4819 diei,
3123 4752 3364 4824 quoniam
3392 4753 3446 4807 in
3474 4767 3573 4807 sa:-

1990 4851 2160 4906 culum
2185 4849 2536 4904 misericordia
2562 4851 2696 4921 ejus.
2727 4847 2966 4904 Potestas
2986 4856 3068 4903 est
3094 4848 3198 4903 diei
3225 4848 3354 4903 solis
3376 4847 3578 4903 adven-

1993 4951 2099 5010 tus,
2131 4941 2254 5011 quia
2296 4954 2393 5010 per
2420 4955 2542 4996 eum
2573 4940 2751 4995 omnis
2779 4940 3006 4996 visibilis
3050 4949 3295 4995 creatura
3334 4939 3574 4994 declara-

1995 5040 2099 5086 tur.
2129 5030 2265 5087 Usus
2296 5037 2380 5085 est
2406 5030 2551 5086 enim
2599 5031 2898 5086 divinarum
2947 5030 3340 5099 Scripturarum
3391 5030 3577 5100 hujus-

1994 5126 2139 5181 modi
2166 5139 2417 5181 sermone
2445 5125 2607 5195 loqui,
2642 5126 2780 5180 sicut
2824 5125 2899 5179 ait
2928 5124 3050 5178 alibi
3083 5142 3094 5176 :
3131 5122 3285 5179 Dedit
3321 5125 3391 5179 eis
3436 5136 3599 5197 potez

1989 5225 2169 5271 stalem
2195 5218 2331 5285 ﬁlios
2355 5216 2450 5271 Dei
2466 5217 2575 5286 ﬁeri
2598 5215 2777 5287 (Joan.
2808 5232 2846 5284 ι,
2879 5215 2991 5287 12).
3015 5216 3376 5286 Spiritu-diter
3396 5230 3573 5276 autem

1992 5319 2169 5382 potest
2196 5309 2441 5381 intelligi,
2474 5308 2690 5379 quando
2719 5308 2922 5364 sanctis
2960 5310 3072 5365 suis
3100 5312 3268 5365 solem
3296 5312 3579 5382 sapientia:

1994 5404 2279 5460 miseratus
2301 5400 2566 5472 infundit,
2591 5409 2651 5456 ut
2671 5401 2762 5456 illa
2782 5402 3001 5459 videant
3022 5418 3141 5474 qua:
3169 5401 3236 5458 ad
3268 5403 3434 5473 ipsius
3461 5419 3581 5475 per-

1997 5498 2167 5553 tlnere
2190 5502 2396 5552 certum
2418 5504 2501 5549 est
2526 5492 2818 5564 jussiones.

2071 5590 2221 5646 Vers.
2247 5588 2302 5645 9.
2327 5587 2527 5641 Lunam
2553 5596 2600 5642 et
2627 5589 2797 5644 stellas
2828 5588 2879 5642 in
2912 5597 3207 5661 potestatem
3229 5591 3391 5645 noctis
3408 5631 3422 5656 ,
3451 5607 3574 5661 quo.

1998 5683 2135 5736 niam
2156 5682 2210 5735 in
2240 5680 2487 5735 sarculum
2515 5680 2863 5735 misericordia
2890 5683 3020 5753 ejus.
3052 5682 3265 5747 Audite,
3300 5682 3581 5748 astrologi.

1998 5777 2088 5847 qui
2115 5791 2377 5832 summam
2408 5790 2586 5829 rerum
2615 5777 2888 5832 stellarum
2916 5775 3464 5833 administrationibus
3487 5774 3560 5836 tia

1999 5872 2089 5940 tis,
2113 5870 2286 5925 lunam
2309 5877 2354 5926 et
2379 5869 2552 5926 stellas
2576 5870 2625 5928 in
2651 5880 2897 5946 potestate
2920 5872 3145 5926 noctium
3174 5871 3335 5929 fuisse
3356 5882 3564 5934 couccs

2982 5962 3058 6030 3t
