4114 6362
481 401 577 460 9η

1733 387 1802 444 Μ.
1845 380 2120 441 suum."
2160 373 2554 437 CASSIOUORI
3143 337 3156 342 ’
3669 365 3786 425 ora
3843 347 3854 356 “

491 530 600 571 sas.
627 491 989 586 Nuttquidlad
1020 505 1334 580 imperium,
1366 517 1472 560 non
1517 503 1583 558 ad
1627 501 1942 571 obsequium
1977 501 2071 552 isti
2104 500 2151 558 Α
2180 497 2406 565 ηἱαιηιὶη
2451 492 2695 549 οωεκιιιηι
2742 489 3095 545 misericordia
3151 489 3284 561 ejus.
3331 485 3388 586 lu
3431 488 3535 586 hoc
3593 500 3790 586 Versu!

491 617 616 666 sunt
647 605 898 663 condita?
926 604 1053 659 Nam
1079 600 1206 670 quid
1238 599 1457 654 Creator
1485 605 1695 666 ageret,
1734 595 1777 649 si
1808 594 1948 647 vitas
1981 592 2076 643 lto-

489 703 693 757 minum
735 698 905 754 stellis
960 693 1259 766 transigere
1313 688 1690 760 permisisset?
1741 687 1932 742 Merito
1982 697 2078 739 vos

489 793 800 865 repudiant,
821 789 920 858 ipsi
949 800 1159 856 quoque
1210 781 1547 854 philosophi,
1579 779 1668 850 qui
1698 786 1898 834 tantam
1931 785 2080 846 pote—
2142 767 2144 769 l

491 895 684 940 statem
730 880 1032 938 visibilibus
1063 878 1222 933 rebus
1250 875 1428 932 inesse
1460 874 1662 940 dicitis,
1713 881 1771 928 ut
1799 871 2080 927 arbitrium

501 975 702 1030 [OlizlliS
745 971 984 1028 Auctori.
1019 969 1184 1026 Nobis
1211 980 1390 1024 autem
1420 982 1483 1023 ex
1511 966 1593 1021 bis
1621 966 1756 1021 alter
1785 964 2082 1035 spiritualis

493 1080 684 1121 sensus
716 1065 977 1133 aperitur.
1011 1060 1211 1115 Lunam
1233 1060 1458 1115 forsitan
1499 1056 1794 1112 Ecclesium
1826 1056 2098 1112 debemus

495 1158 772 1227 accipere;
799 1156 976 1210 stellas
1001 1153 1245 1207 diversos
1269 1150 1385 1221 ejus
1414 1149 1634 1205 ordines
1662 1151 1948 1204 sanctitate
1971 1147 2086 1218 pol-

499 1249 692 1311 lentes,
726 1257 782 1300 ut
810 1252 937 1301 sunt
957 1245 1220 1314 episcopi,
1248 1241 1582 1313 presbyteri.
1612 1240 1844 1306 diaconi,
1869 1239 2088 1295 subdiu.

495 1339 619 1393 coni
671 1349 724 1392 et
771 1334 952 1391 creteri
997 1335 1086 1404 qui
1130 1335 1275 1390 velut
1323 1334 1492 1388 stellae
1536 1332 1745 1388 cmlesti
1795 1343 2089 1386 noscuntur

497 1429 912 1485 Conversatione
940 1405 1173 1482 radiare.
1203 1426 1331 1482 llaec
1352 1425 1529 1481 omnia
1557 1426 1609 1480 in
1636 1433 1880 1495 potestate
1905 1424 2088 1488 noctis,

501 1523 668 1577 id'est
697 1521 752 1575 in
779 1518 962 1575 saeculi
991 1518 1147 1575 istius
1175 1518 1411 1574 tenebris
1438 1518 1560 1572 data
1592 1525 1746 1585 sunt,
1777 1523 1834 1570 ut
1863 1530 1958 1585 per
1997 1528 2092 1569 eos

505 1614 794 1684 caliginosa
819 1613 1097 1668 reluceant
1120 1610 1286 1666 corda
1313 1609 1640 1665 mortalium.

571 1705 726 1759 Vera.
747 1703 832 1759 10.
853 1703 955 1769 Qui
967 1703 1215 1773 percussit
1229 1700 1520 1774 rEgyptum
1531 1717 1644 1754 cum
1657 1699 1926 1772 primitivis
1939 1699 2090 1773 [mss.

509 1797 594 1863 A.,
621 1797 703 1861 8.,
738 1794 823 1858 ἰδ’..
863 1792 1240 1866 primogenitis]
1271 1810 1468 1862 eorum,
1491 1795 1738 1865 quoniam
1761 1794 1815 1847 in
1854 1793 2096 1846 siccatum

2182 589 2428 656 quoniam
2461 586 2721 657 repetitus
2751 591 2852 651 est,
2884 582 3148 652 expositio
3173 580 3424 650 superius
3463 579 3610 634 dicta
3653 577 3782 633 suf-

2185 679 2351 734 liciat.

2265 773 2419 828 Vera.
2467 769 2554 826 15.
2599 769 2699 837 Qui
2739 766 2962 824 excussit
3017 764 3344 819 Pharaonem
3399 770 3447 816 et
3500 761 3793 816 exercitum

2187 870 2298 933 εἷκε
2320 866 2374 920 in
2405 880 2545 918 mare
2597 861 2851 930 Rubrum,
2911 858 3151 929 quoniam
3180 856 3233 908 in
3283 851 3532 908 socculum
3581 853 3792 910 miscri-

2191 961 2371 1015 cordia
2405 958 2540 1028 ejus.
2576 955 2852 1012 Diabolum
2884 967 3005 1007 cum
3035 950 3294 1005 ministris
3325 949 3435 1004 suis
3485 949 3536 1000 in
3583 944 3791 999 fontem

2189 1055 2377 1112 salutis
2429 1051 2649 1122 excutit,
2702 1048 2913 1121 quando
2965 1063 3060 1103 eos
3108 1061 3136 1100 a
3171 1045 3325 1100 nobis
3376 1042 3636 1112 potentias
3679 1057 3792 1094 suae

2190 1149 2389 1202 virtute
2443 1143 2749 1200 removerit.
2807 1140 3014 1195 Excutit
3064 1145 3242 1193 autem
3295 1136 3472 1202 dixit,
3531 1143 3790 1204 tanquam

2190 1239 2466 1310 pulverem
2497 1235 2746 1307 projicit,
2781 1241 2838 1288 ut
2866 1233 2933 1288 de
2961 1233 3061 1287 hac
3113 1230 3390 1287 celeritite
3438 1238 3493 1283 et
3533 1228 3790 1282 virtutem

2192 1328 2484 1384 divinitatis
2511 1322 2841 1393 ostenderet,
2873 1331 2926 1380 et
2970 1322 3090 1378 illos
3134 1331 3378 1378 terrenas
3423 1317 3610 1374 sordes
3660 1333 3785 1373 esse

2197 1425 2547 1478 monstraret.

2265 1516 2420 1571 Vers.
2474 1513 2558 1569 16.
2607 1511 2710 1578 Qui
2753 1509 3045 1564 transduxit
3093 1505 3344 1579 populum
3391 1520 3539 1560 suum
3577 1520 3666 1574 per
3694 1502 3786 1557 deo

2195 1615 2404 1675 sertum,
2436 1606 2680 1678 quoniam
2710 1605 2764 1658 in
2807 1603 3052 1657 sa'culttm
3087 1599 3439 1654 misericordia
3494 1601 3628 1670 ejus.
3685 1595 3786 1651 Per

2197 1702 2466 1757 desertum
2488 1710 2585 1752 nos
2605 1695 2821 1764 tragicis.
2847 1694 3023 1764 qn-and
3047 1715 3058 1740 ι
3081 1708 3176 1762 per
3201 1691 3303 1746 hoc
3328 1691 3584 1746 saeculum
3619 1698 3786 1743 trans-

2199 1795 2277 1850 ire
2328 1793 2452 1849 facit
2499 1792 2728 1856 illtesos;
2762 1791 2861 1846 soli
2883 1790 3025 1845 enim
3053 1788 3285 1844 evadunt
3305 1786 3392 1858 qui
3425 1784 3608 1839 mundi
3643 1787 3792 1839 istius

509 1889 856 1944 misericordia
878 1889 1010 1960 ejus.
1037 1889 1304 1944 Hactenus
1326 1889 1464 1943 dicta
1483 1898 1750 1958 suntquae
1771 1903 1865 1957 per
1881 1901 1938 1941 se
1958 1901 2097 1941 etea-
2131 1902 2177 1961 Β
2204 1887 2341 1943 mala
2371 1893 2765 1958 pertranseunt.
2797 1884 3058 1939 Caeterum
3088 1882 3174 1951 qui
3215 1883 3269 1936 in
3302 1881 3418 1936 istis
3451 1879 3688 1940 bzcserit,
3721 1877 3786 1932 ad

507 1983 644 2037 verit
664 1988 846 2036 sancta
879 1981 1160 2046 Divinitas,
1188 1982 1400 2036 nuncin
1424 1981 1656 2035 secunda
1683 1989 1834 2049 parte
1857 1978 2094 2034 referun-

507 2082 597 2128 tur
612 2073 787 2142 qualia
811 2073 864 2127 in
886 2072 1084 2126 mundo
1105 2087 1200 2142 per
1217 2073 1434 2143 angelos
1453 2087 1742 2141 servosque
1759 2088 1870 2125 suae
1888 2071 2098 2140 pietatis

507 2163 762 2219 cflccerit.
792 2162 921 2230 Quae
935 2161 1251 2217 duodecima
1277 2169 1360 2218 est
1376 2163 1582 2231 species
1601 2159 1927 2216 deﬁnitionis
1942 2174 2098 2228 quam

511 2253 682 2309 Graeci
724 2254 836 2310 κατ’
863 2252 1082 2320 ἔπαινον,
1127 2251 1302 2308 Latini
1351 2266 1446 2322 per
1497 2251 1707 2307 Iaudem
1738 2249 1944 2327 dicunt.
1976 2249 2102 2304 Hinc

515 2361 610 2415 per
637 2346 735 2400 bos
760 2343 1041 2402 duodecim
1086 2357 1274 2400 versus
1303 2352 1501 2408 tracta,
1531 2349 1811 2414 permanet
1839 2355 2006 2412 usque
2033 2340 2102 2395 ad

510 2437 858 2495 divisionem.
885 2436 952 2492 Et
978 2437 1230 2507 quoniam
1262 2435 1482 2491 historia
1531 2443 1658 2491 nota
1684 2445 1798 2502 est,
1827 2434 2104 2489 videamus

510 2529 640 2598 quid
673 2528 760 2585 hic
787 2529 1141 2600 spiritualiter
1170 2529 1340 2598 magis
1371 2527 1543 2598 possit
1580 2528 1823 2599 intelligi.
1882 2526 2102 2581 Percus-

512 2625 584 2680 sit
607 2622 825 2694 Βαγριί
854 2624 1142 2694 primitiva,
1165 2623 1380 2693 quando
1415 2623 1598 2678 saeculi
1645 2623 1802 2676 istius
1830 2620 2107 2676 damnavit

511 2715 764 2786 gloriam,
793 2730 913 2786 quae
942 2715 1228 2784 putabatur
1276 2728 1398 2769 esse
1435 2713 1734 2784 prmeipua;
1766 2727 1887 2767 nam
1921 2714 2104 2780 luxus,

513 2807 787 2877 superbia,
812 2805 1062 2873 avaritia,
1096 2805 1245 2874 quasi
1277 2805 1549 2874 printitiva
1577 2813 1701 2859 sunt
1745 2803 1950 2858 mundi.
1989 2803 2109 2872 Ipsa

513 2899 655 2954 enim
686 2900 860 2969 primo
881 2906 1106 2968 generat
1133 2897 1400 2967 pessimus
1427 2907 1634 2966 venter,
1659 2906 1714 2952 et
1741 2897 1886 2953 velut
1912 2896 2110 2952 charos

515 2990 654 3044 ﬁlios
679 2988 1042 3059 amplectitur,
1063 2989 1188 3042 dum
1213 3003 1393 3042 rerum
1418 2990 1639 3044 istarum
1667 2987 1971 3058 cupiditate
1995 3002 2114 3059 gra-

519 3080 737 3135 tulatur.
792 3078 916 3135 ιιωε
945 3078 1204 3134 Dominus
1247 3079 1540 3148 percussit,
1591 3079 1808 3149 quando
1845 3092 1875 3131 a
1913 3078 2116 3149 regulis

517 3187 630 3228 sua:
655 3173 951 3228 divinitatis
991 3171 1238 3228 exclusit.
1274 3173 1482 3227 Mortua
1531 3173 1678 3228 enim
1716 3171 1902 3242 jaceat
1931 3186 2053 3242 quae
2083 3184 2115 3225 a

519 3268 646 3324 vita
672 3267 910 3322 Auctore
937 3266 1187 3320 submota
1215 3275 1360 3320 sunt.

591 3357 746 3414 Vera.
786 3358 873 3412 11.
899 3357 1000 3422 Qui
1026 3355 1204 3410 eduxit
1229 3355 1394 3410 Israel
1415 3373 1506 3427 per
1526 3355 1752 3410 taedium
1766 3371 1962 3420 eorum,
1989 3370 2116 3422 quo-

520 3449 661 3503 niam
691 3449 744 3503 ia
765 3449 1006 3505 naculum
1037 3449 1388 3503 misericordia
1410 3451 1544 3520 ejus.
1567 3448 1670 3504 Per
1693 3448 1926 3506 medium
1951 3447 2120 3518 Egy-

521 3541 758 3612 ptiorum
785 3539 1003 3598 deducit
1033 3540 1226 3606 Israel,
1258 3541 1474 3610 quando
1503 3550 1720 3597 sanctos
1761 3557 1891 3597 suos
1931 3556 1962 3595 a
1988 3555 2118 3595 con-

522 3633 835 3692 versatione
877 3633 1070 3690 liberat
1121 3635 1511 3701 pessimorum,
1562 3645 1617 3688 et
1661 3649 1693 3688 a
1735 3633 1917 3688 mttndi
1969 3633 2120 3690 istius

528 3726 860 3794 habitatione
887 3727 1160 3782 teterrima
1191 3727 1248 3782 in
1279 3727 1452 3782 lucem
1478 3742 1592 3782 sua:
1617 3727 1858 3782 veritatis
1880 3725 2117 3784 adducit.

594 3815 751 3876 Vera.
795 3819 881 3874 1'2.
931 3816 1000 3874 In
1039 3835 1192 3874 manu
1231 3819 1354 3889 forti
1398 3817 1572 3890 [mss.
1621 3817 1725 3883 A.,
1756 3817 1840 3881 Β..
1877 3818 2070 3886 potenti
2091 3815 2122 3888 ι]

525 3919 572 3965 at
597 3909 804 3964 brachio
843 3910 1070 3978 excelso,
1101 3911 1342 3980 quoniam
1388 3910 1439 3962 in
1482 3907 1730 3962 sacculum
1771 3907 2122 3964 misericordia

526 4005 656 4074 ejus.
683 4002 868 4060 Manus
891 4007 1059 4076 fartis,
1076 4005 1146 4060 ad
1172 4003 1534 4060 invincibilem
1569 4003 1800 4071 pertinet
1822 4003 2117 4066 actionem;

529 4095 792 4152 omnium
821 4096 1098 4163 excelsa,
1131 4096 1197 4150 ad
1217 4094 1659 4166 omnipotentiam
1691 4093 1902 4150 Domini
1940 4093 2122 4160 singu-

533 4187 722 4256 larem.
751 4187 930 4244 Fortis
978 4189 1121 4254 enim
1173 4188 1318 4246 actio
1356 4202 1388 4244 a
1438 4185 1658 4244 brachio
1702 4187 1850 4246 venit
1885 4183 2122 4251 excelso.

533 4279 787 4349 quoniam
835 4277 1060 4336 effectus
1111 4293 1289 4336 rerum
1337 4293 1492 4334 suum
1533 4277 1872 4336 demonstrat
1909 4291 2124 4346 semper

536 4378 816 4442 auctorem
829 4411 842 4426 .

601 4463 760 4522 Vera.
799 4464 884 4520 15.
923 4461 1024 4529 Qui
1061 4461 1233 4522 diuisit
1282 4479 1424 4517 mare
1455 4463 1688 4522 Rubrum
1730 4464 1788 4518 in
1826 4463 2122 4531 divisiones,

532 4556 774 4624 quoniam
799 4556 850 4608 in
880 4553 1124 4608 suculam
1160 4554 1510 4610 misericordia
1539 4559 1671 4628 ejus.
1705 4555 1906 4612 Priscae
1941 4568 2125 4614 aucto-

2205 1978 2420 2049 prtemia
2447 1976 2624 2031 divina
2654 1989 2760 2030 non
2791 1975 3052 2044 pervenit.
3090 1975 3339 2028 Desertus
3369 1971 3510 2027 enim
3542 1973 3664 2025 ideo
3707 1970 3787 2024 dio

2204 2070 2341 2124 citur
2389 2066 2638 2132 mundus,
2689 2067 2809 2134 quia
2855 2065 3033 2120 divina
3091 2064 3356 2119 electione
3407 2063 3660 2132 privatus.
3718 2061 3786 2116 Et

2205 2161 2398 2216 merito
2417 2161 2496 2216 sic
2525 2167 2763 2225 vocatur,
2795 2158 2915 2228 quia
2940 2156 3007 2213 ad
3034 2172 3092 2213 se
3121 2156 3424 2212 venientem
3452 2171 3553 2210 non
3579 2154 3784 2223 recepit

2209 2255 2516 2308 Auctorem.
3073 2267 3076 2271 λ

2281 2345 2442 2400 Vers.
2476 2344 2566 2400 17.
2612 2343 2714 2412 Qui
2754 2343 2930 2398 eduxit
2977 2359 3160 2413 aquam
3191 2341 3251 2396 dc
3296 2349 3438 2414 petra
3473 2339 3641 2410 rupis,
3675 2355 3796 2410 quo-

2216 2440 2356 2494 niam
2381 2439 2434 2493 in
2463 2436 2707 2493 sacculum
2739 2437 3085 2493 misericordia
3105 2437 3235 2507 ejus.
3270 2433 3459 2489 Educit
3489 2435 3619 2507 [ms.
3654 2433 3720 2486 G.
3749 2441 3800 2488 et

2209 2532 2322 2599 ed.,
2383 2530 2542 2604 ejicit]
2590 2547 2772 2601 aquam
2818 2531 2883 2584 de
2935 2540 3076 2602 petra
3115 2531 3278 2601 rupis,
3333 2529 3549 2598 quando
3591 2526 3797 2582 sterila

2211 2623 2374 2681 corda
2422 2624 2722 2679 mortalium
2772 2623 3034 2679 salutares
3077 2622 3276 2678 rivulos
3325 2621 3511 2676 fecerit
3555 2619 3801 2690 proferre

2214 2719 2602 2788 lacrymarum;
2636 2725 2691 2772 ut
2720 2718 2807 2788 qui
2847 2726 2972 2772 sunt
3015 2717 3227 2786 propria
3257 2715 3504 2770 siccitate
3565 2713 3800 2780 steriles,

2213 2810 2507 2866 reddantur
2533 2809 2971 2879 divinalargitate
3002 2808 3316 2863 manabiies.
3355 2806 3431 2861 De
3471 2818 3617 2875 petra
3647 2808 3792 2876 rupis

2214 2901 2281 2957 ad
2312 2903 2549 2959 auxesim
2583 2902 2810 2971 positum
2841 2911 2942 2967 cst,
2972 2901 3220 2972 quoniam
3241 2915 3345 2954 non
3371 2915 3554 2968 parva,
3585 2899 3685 2954 sed
3720 2899 3798 2952 in-

2216 2993 2392 3063 gentia
2419 3002 2472 3050 et
2503 2992 2632 3048 dura
2663 3007 2790 3048 saxa
2820 3002 2964 3061 sunt,
2997 3007 3116 3064 qua:
3162 2991 3214 3048 in
3248 2992 3664 3063 magnitudinem
3696 3007 3798 3046 ru-

2219 3084 2298 3153 pis
2325 3083 2617 3154 eriguntur.

2296 3175 2448 3230 Vers.
2482 3175 2570 3230 18.
2623 3175 2724 3241 Qui
2765 3176 3011 3244 percussit
3037 3191 3178 3249 reges
3217 3189 3455 3246 magnos,
3486 3175 3732 3244 quoniam:
3755 3175 3806 3228 in

2147 3301 2193 3366 Ο
2223 3269 2470 3323 swculum
2499 3269 2850 3322 misericordia
2891 3269 3020 3338 ejus.
3073 3268 3303 3323 Perculit
3361 3282 3514 3335 reges
3565 3281 3808 3336 magnos,

2228 3360 2443 3430 quando
2497 3361 2551 3415 in
2591 3361 2755 3416 corde
2809 3369 2994 3416 nostro
3040 3360 3202 3432 impia
3252 3359 3516 3415 desideria
3573 3360 3812 3415 caelestis

2222 3451 2508 3506 miserator
2535 3450 2870 3505 exstinxerit.
2915 3449 3065 3505 Tunc
3094 3450 3234 3504 enim
3265 3463 3364 3503 nos
3403 3449 3654 3512 vivimus,
3684 3447 3810 3502 dum

2223 3541 2310 3596 illa
2341 3539 2670 3608 moriuntur;
2713 3550 2767 3597 et
2813 3540 3082 3596 con'raria
3136 3550 3281 3596 sorte
3305 3555 3527 3597 necesse
3581 3549 3668 3596 est
3715 3555 3813 3597 nos

2223 3635 2570 3697 occumbere,
2603 3633 2649 3686 si
2677 3633 2948 3701 contingat
2977 3633 3064 3687 illa
3097 3647 3372 3700 superare.

2299 3725 2448 3781 Vera.
2490 3725 2576 3781 19.
2619 3724 2685 3780 Et
2730 3727 2911 3780 occidit
2951 3743 3091 3797 reges
3135 3727 3306 3795 (artes,
3337 3726 3574 3796 qut-niam
3617 3727 3812 3781 insc-

2223 3821 2398 3874 culum
2425 3819 2776 3874 misericordia
2806 3823 2935 3892 ejus.
2969 3819 3142 3889 Reges
3175 3822 3337 3875 fortes
3354 3819 3566 3882 occidit,
3588 3820 3810 3883 quando

2224 3925 2254 3965 a
2287 3910 2440 3966 nobis
2467 3909 2690 3980 expellit
2709 3910 2995 3978 daemonia,
3026 3913 3170 3967 varia
3203 3912 3524 3967 immissione
3549 3924 3804 3980 grassari.

2226 4006 2327 4071 tia;
2357 4019 2586 4076 quorum
2614 4005 2860 4061 voluntas
2907 4022 3132 4076 nequam
3163 4014 3292 4061 tunc
3331 4005 3706 4074 exstinguitur,
3753 4005 3810 4061 si

2225 4097 2460 4153 fidelium
2488 4098 2679 4153 animat
2711 4099 2779 4154 ab
2829 4112 3015 4155 eorum
3073 4107 3333 4170 potestate
3392 4098 3669 4153 tollantur.
3703 4097 3808 4152 0c-

2231 4191 2366 4259 cide,
2395 4190 2642 4256 Domine,
2675 4189 2834 4260 fortes
2875 4207 3040 4262 reges,
3085 4201 3141 4246 ut
3183 4193 3378 4247 liberes
3422 4204 3606 4246 servos
3631 4188 3816 4244 humi-

2229 4285 2307 4338 les
2341 4298 2356 4337 :
2391 4282 2538 4352 eripe
2567 4282 2663 4337 tibi
2705 4280 2954 4348 devotos,
2999 4297 3067 4339 ne
3121 4283 3211 4340 ille
3260 4281 3680 4339 nefandissimus
3725 4295 3817 4338 eos

2226 4377 2326 4434 sibi
2357 4375 2517 4432 faciat
2552 4388 2675 4431 esse
2706 4375 2995 4445 subjectos.
3087 4405 3092 4408 -

2299 4469 2455 4527 Vere.
2511 4468 2603 4524 20.
2669 4468 2844 4525 Seltoa
2891 4485 3062 4541 regem
3100 4470 3535 4537 Amorrhceorum,
3579 4469 3815 4538 quoniam

2226 4563 2278 4616 in
2331 4561 2575 4616 siccatum
2611 4561 2963 4618 misericordia
2987 4564 3120 4629 eius.
3168 4559 3270 4615 Ista
3305 4559 3524 4631 quidem
3569 4559 3622 4613 in
3657 4573 3817 4628 supe-

533 4647 704 4702 ritatis
732 4646 834 4700 viri
857 4661 995 4748 mare
1025 4646 1257 4710 Rubrum
1285 4648 1338 4700 in
1368 4647 1650 4704 duodecim
1676 4647 1949 4706 divisiones
1974 4649 2126 4708 dixe-
2149 4686 2204 4748 Β
2227 4655 2369 4709 riore
2385 4653 2588 4725 psalmo
2613 4651 2723 4722 jam
2749 4651 2996 4706 videntur
3022 4652 3285 4720 exposita,
3323 4666 3443 4720 quas
3468 4665 3574 4706 non
3607 4649 3817 4720 pigebit

535 4747 664 4796 runt
687 4753 810 4798 esse
838 4740 1114 4810 partitum,
1148 4751 1376 4810 quantas
1405 4740 1578 4797 tribus
1596 4749 1808 4798 constat
1837 4741 2004 4797 fuisse
2029 4743 2124 4799 .lu-

534 4830 793 4888 datorum.
827 4830 881 4886 In
912 4845 978 4886 eo
1008 4831 1150 4888 enim
1179 4832 1263 4886 blc
1293 4831 1488 4900 plurali
1518 4847 1742 4888 numero
1765 4833 1996 4902 positum
2019 4843 2123 4901 est,

535 4925 590 4976 in
612 4923 908 4991 divisiones,
939 4938 1007 4980 ne
1037 4933 1346 4994 putaremus
1373 4941 1512 4982 mare
1541 4925 1773 4980 Rubrum
1802 4941 1909 4982 uno
1933 4928 2128 4984 itinere

542 5012 710 5070 fuisse
761 5016 1157 5072 transmissum.
1202 5015 1310 5071 Sed
1339 5024 1517 5084 potest
1565 5015 1668 5074 hoc
1695 5027 1749 5073 et
1779 5018 2127 5088 spiritualiter

540 5117 899 5176 congruenter
926 5109 1160 5164 adverti.
1196 5108 1429 5164 Rubrum
1452 5127 1596 5165 utare
1619 5120 1700 5166 est
1751 5113 1932 5168 saeculi
1969 5113 2126 5171 istius

536 5199 801 5268 permixta
825 5199 1180 5269 profunditas,
1199 5217 1357 5272 quam
1381 5203 1562 5263 multis
1577 5203 1934 5260 divisionibus
1951 5216 2126 5262 trans-

536 5289 715 5355 imus,
743 5289 960 5361 quando
986 5293 1231 5350 conversi
1289 5293 1358 5350 ad
1389 5302 1588 5352 terram
1631 5296 1926 5353 viventium
1962 5297 2125 5370 ﬁsa

541 5380 758 5438 Domini
784 5397 1006 5440 munere
1036 5382 1374 5444 festinamus.
1403 5388 1554 5446 Alter
1582 5388 1726 5452 enim
1775 5404 1871 5460 per
1897 5391 2128 5446 eleemo-

535 5485 720 5545 synas,
760 5473 897 5530 alter
936 5490 1034 5546 per
1062 5476 1838 5550 assiduamsupplicationem,
1861 5480 2000 5538 alter
2027 5497 2126 5552 per

535 5562 920 5634 virginitatem,
949 5570 1087 5624 alter
1108 5583 1203 5638 per
1243 5571 1750 5628 excellentissimam
1781 5572 2122 5632 cbaritatem.

534 5653 628 5712 Sic
647 5657 830 5714 multis
853 5657 1206 5718 divisionibus
1235 5677 1333 5732 per
1359 5663 1543 5722 saeculi
1573 5663 1736 5736 hujus
1761 5679 1914 5722 tuare
1945 5673 2124 5722 trans-

536 5745 642 5802 itur
669 5747 736 5804 ad
765 5747 1075 5806 Dominum.

606 5837 762 5898 Veis.
795 5843 878 5900 14.
921 5839 989 5897 Et
1017 5843 1194 5899 eduxit
1229 5841 1399 5902 Israel
1435 5862 1526 5917 per
1556 5847 1779 5904 medium
1815 5849 1952 5920 ejus,
1993 5867 2124 5920 quo-

2233 4755 2510 4816 repetere,
2540 4742 2754 4812 quando
2797 4757 2861 4796 ea
2901 4752 3084 4797 sancta
3135 4743 3426 4798 auctoritas
3477 4741 3544 4796 ad
3594 4743 3817 4795 satutem

2236 4848 2474 4893 nostram
2506 4833 2762 4906 probatur
2809 4836 3056 4889 iterasse.
3087 4833 3264 4890 Sciron
3307 4833 3520 4904 quidem
3551 4833 3819 4902 interpre-

2237 4938 2378 4983 tatus
2418 4937 2502 4982 est
2530 4925 2753 4981 tentatio
2795 4926 3064 4991 colorum,
3097 4927 3254 4982 aliter
3294 4939 3423 4980 vero
3447 4923 3610 4979 arbor
3658 4924 3818 4978 inira.

2237 5030 2458 5083 ctuosa;
2490 5017 2836 5074 Amorrbasus
2857 5018 3360 5087 exacerbationem;
3389 5034 3512 5088 quae
3541 5019 3726 5072 omnia
3747 5017 3819 5072 vi-

2237 5118 2434 5174 dentur
2477 5118 2545 5174 ad
2573 5118 2842 5176 diabolum
2873 5117 3189 5188 pertinere;
3242 5119 3358 5186 ipse
3385 5125 3468 5172 est
3495 5116 3642 5171 enim
3665 5116 3820 5172 arbor

2235 5209 2568 5266 infructuosa
2590 5250 2606 5278 ,
2667 5210 2782 5278 ipse
2827 5209 3189 5266 exacerbatio.
3246 5209 3352 5265 Sed
3403 5209 3518 5264 haec
3559 5209 3615 5263 in
3668 5209 3820 5264 nobis

2237 5299 2492 5355 Dominus
2519 5300 2736 5365 occidit,
2765 5300 2978 5371 quando
3007 5315 3107 5356 nos
3127 5301 3194 5356 ad
3221 5300 3462 5357 instituta
3491 5316 3587 5356 sua
3609 5315 3822 5356 morum

2234 5392 2520 5448 sanctitate
2547 5392 2875 5461 perduxerit.

2307 5483 2463 5540 Vers.
2489 5483 2580 5539 21.
2620 5482 2691 5538 Et
2721 5485 2798 5556 0g
2828 5501 2997 5557 regem
3029 5484 3228 5553 Bacon,
3279 5487 3520 5556 quoniam
3569 5486 3622 5540 in
3653 5501 3818 5541 sacu-

2232 5575 2338 5628 lum
2363 5576 2713 5631 misericordia
2753 5579 2885 5650 ejus.
2931 5579 3012 5648 09
3052 5580 3437 5649 interpretatur
3465 5594 3812 5646 coacervatis,

2235 5664 2706 5722 Busan-confusio.
2748 5667 2850 5736 Qui
2881 5671 3026 5724 enim
3056 5680 3341 5726 coacervat
3369 5680 3583 5740 peccata
3618 5684 3818 5737 nostra,

2231 5760 2474 5816 absolute
2495 5763 2740 5819 diabolus
2761 5774 2862 5819 est.
2898 5765 3016 5834 Ipse
3038 5767 3199 5821 etiam
3233 5775 3382 5821 recte
3410 5766 3611 5822 dicitur
3635 5766 3820 5822 coniu-

2231 5851 2334 5920 δίο,
2364 5857 2616 5925 quoniam
2647 5867 2694 5913 ct
2730 5873 2986 5922 sc'tuaces
3021 5873 3147 5915 suos
3176 5858 3475 5929 confundit,
3505 5867 3564 5916 et
3591 5861 3706 5935 ipse
3747 5857 3816 5913 do
