4078 6342
270 325 373 383 975

1131 318 1490 381 EXPOSlTlO
1528 320 1595 378 ΙΝ
1632 319 2094 379 PSAL'I‘ERIUM.
2137 318 2308 379 PSAL
2371 319 2659 380 CXXXVI.

3445 320 3553 378 974

268 432 478 490 Domini
505 431 704 503 judicio
734 432 987 489 confusus
1017 434 1273 488 abscedit.
1301 434 1496 490 Verum
1548 434 1661 488 haec
1690 440 1745 488 et
1766 440 1847 488 ta-
1877 435 1929 497 Α
1954 435 2198 506 superius
2228 435 2431 492 eisdem
2458 437 2633 492 verbis
2663 435 2876 501 dixerit,
2921 435 3008 491 th
3039 442 3241 491 tantum
3280 436 3383 490 Deo
3419 439 3551 496 arti.

266 528 337 583 lia
372 529 579 583 Domini
606 527 804 582 virtute
835 526 1113 583 interiecta
1140 526 1342 596 jaceat,
1372 526 1583 597 quando
1612 541 1710 581 nos
1742 525 1854 583 eri-

267 637 396 691 pere
441 636 474 675 e
504 631 609 674 tam
643 620 872 689 pessima
912 618 1260 674 ohnoxietate
1306 618 1575 687 dignatur.

342 713 496 768 Vere.
547 709 635 765 22.
698 710 764 765 Et
821 712 961 767 dedit
1025 719 1212 764 terram
1238 725 1412 764 eorum
1473 709 1857 776 Inereditatem,

269 806 517 878 quoniam
549 805 601 858 in
626 804 873 859 sa‘culum
918 802 1269 858 misericordia
1308 804 1436 873 ejus.
1465 801 1665 858 Locum
1689 801 1859 857 tertia:

267 896 600 955 narrationis
635 896 953 966 ingreditur.
997 895 1062 949 Et
1103 895 1344 964 quamvis
1386 894 1604 950 historia
1646 893 1714 949 de
1754 893 1860 949 He-

268 992 431 1049 brwis
448 992 635 1046 dicere
647 991 914 1056 videatur,
932 1001 1110 1045 tamen
1142 988 1242 1044 hoc
1264 998 1319 1045 et
1349 990 1412 1043 ad
1442 988 1696 1059 populum
1714 985 1862 1041 Chri-

270 1084 504 1139 Stiauum
519 1082 795 1151 aptissime
810 1080 1072 1138 refertur:
1089 1080 1337 1150 quoniam
1354 1079 1625 1137 beatitudo
1641 1078 1725 1132 illa
1739 1093 1860 1147 quas

271 1180 378 1233 illis
402 1178 568 1233 luerat
590 1177 844 1248 pollicita,
876 1175 1116 1245 expulsis
1144 1176 1233 1245 qui
1272 1190 1366 1230 sua
1398 1174 1674 1244 iniquitate
1714 1173 1873 1229 ceci-'

272 1270 490 1332 derunt,
523 1269 724 1324 Sanctis
749 1282 812 1322 ac
837 1267 1083 1322 ﬁdelibus
1113 1266 1430 1322 Christianis
1454 1266 1734 1335 promissae
1763 1265 1862 1320 ha:-

276 1363 521 1417 rcditatis
554 1363 770 1432 pramia
805 1361 1181 1417 conferuntur.
1232 1361 1631 1427 Meminerimus
1677 1367 1857 1416 autem

276 1453 420 1523 quod
449 1462 503 1507 ct
530 1454 582 1508 iu
618 1455 714 1508 hac
745 1469 960 1523 quoque
989 1452 1255 1509 divisione
1281 1468 1375 1522 per
1402 1453 1635 1523 quinque
1668 1467 1856 1508 versus

277 1544 597 1600 duodecima
635 1545 845 1614 species
882 1543 1207 1599 deﬁnitionis
1236 1553 1566 1615 permaneat,
1612 1560 1771 1614 quam
1806 1546 1858 1600 in

277 1636 515 1692 secunda
544 1646 696 1705 parte
717 1638 830 1706 jam
861 1636 1113 1701 diximus.

347 1728 611 1783 \’crs.23.
653 1727 1025 1784 Hiereditatem
1067 1727 1236 1783 Israel
1279 1745 1423 1783 servo
1462 1746 1577 1794 suo,
1613 1730 1855 1799 quoniam

242 1848 245 1853 λ
272 1823 327 1876 in
351 1820 593 1876 sicculum
620 1821 973 1875 misericordia
999 1822 1133 1891 ejus.
1186 1820 1317 1876 Cum
1365 1820 1515 1888 dicit,
1564 1836 1709 1874 servo
1736 1836 1850 1884 suo,
1884 1838 1932 1897 Β

276 1916 397 1971 iilos
422 1924 725 1984 sequestrat
751 1915 844 1985 qui
876 1914 1085 1968 Domini
1111 1912 1445 1983 jussionihus
1476 1912 1675 1983 iniquis
1704 1927 1856 1967 cona-

271 2007 412 2062 tibus
457 2008 784 2064 restiterunt.
820 2008 932 2074 Qua
968 2006 1357 2076 signiﬁcatione
1385 2019 1438 2061 et
1484 2006 1674 2061 devota
1706 2006 1857 2075 plebs

270 2097 602 2165 Judaeorum,
636 2109 689 2155 et
711 2098 938 2168 pepulus
965 2098 1252 2154 includitur
1278 2097 1636 2155 Christianus.

353 2190 511 2245 Vers.
534 2191 622 2245 24.
656 2190 791 2257 Quia
814 2191 866 2245 in
895 2192 1180 2246 humilitate
1217 2205 1390 2249 nostra
1418 2207 1609 2248 memor
1640 2193 1735 2262 fuit
1763 2207 1858 2245 na-

272 2287 369 2339 stri
402 2283 676 2353 Dominus,
707 2286 946 2352 quoniam
984 2287 1037 2341 in
1066 2287 1313 2342 sweulum
1343 2288 1693 2341 misericordia
1718 2287 1849 2355 ejus.

279 2376 575 2434 llumilitas
622 2380 831 2449 proprie
861 2380 1090 2448 pertinet
1129 2381 1195 2434 ad
1245 2390 1487 2450 tempora
1528 2379 1854 2446 Christiana,

275 2486 392 2543 qua:
423 2480 556 2529 tunc
589 2472 750 2529 latius
779 2473 1071 2529 desiderari
1102 2475 1284 2544 cmpit,
1331 2473 1543 2547 quando
1569 2488 1687 2529 eam
1722 2474 1774 2528 in
1798 2487 1861 2528 se

277 2561 534 2625 Dominus
562 2564 809 2621 Salvator
836 2565 1090 2622 ostendit.
1119 2566 1239 2636 Ipse
1279 2566 1423 2621 enim
1457 2566 1777 2621 monstravit
1805 2572 1862 2620 et

284 2651 599 2711 humilitatis
628 2656 770 2711 viam
817 2665 870 2711 et
917 2657 1188 2726 patientiae
1225 2656 1583 2726 disciplinam.
1618 2656 1860 2725 Quapro-

275 2756 389 2814 pter
419 2747 507 2802 ille
553 2748 871 2805 humilitatis
899 2764 1179 2805 servorum
1222 2764 1443 2805 suorum
1492 2764 1698 2804 memor
1743 2757 1851 2812 est,

274 2838 362 2908 qui
389 2847 444 2894 et
474 2839 594 2910 ejus
623 2850 924 2912 praeceptor
957 2856 1079 2899 esse
1117 2842 1469 2913 dignoscitur.
1516 2841 1715 2897 Memor
1758 2842 1859 2911 fuit

275 2933 536 3003 signiﬁcat
563 2944 763 2991 sanctae
794 2935 1178 2992 incarnationis
1202 2950 1479 3003 arcanum,
1515 2934 1729 3005 quando
1756 2933 1856 2990 ad-

277 3035 435 3081 ventu
467 3042 564 3082 suo
591 3026 873 3083 credentes
901 3027 1133 3082 liberare
1168 3027 1416 3098 dignatus
1445 3036 1548 3081 est.

345 3115 497 3171 Vers.
520 3115 611 3170 25.
656 3115 721 3169 Et
739 3116 949 3171 redemit
984 3134 1078 3171 nos
1106 3118 1171 3172 de
1208 3133 1367 3173 manu
1400 3118 1721 3172 inimicorum
1758 3131 1856 3170 no-

1966 541 2205 586 inutasse
2251 531 2580 599 declaratur;
2634 534 2879 599 superius
2924 544 3099 589 autem
3153 533 3333 599 habet,
3390 532 3556 604 464

1969 620 2078 677 Deo
2105 623 2339 677 deorum.
2378 621 2535 678 Unde
2558 622 2811 679 videntur
2833 640 2927 694 per
2954 625 3399 696 signiﬁcationem
3422 626 3548 681 coeli

1966 714 2145 770 omnia
2178 716 2423 784 potuisse
2452 717 2725 773 concludi.
2758 718 2825 774 Et
2862 726 2919 773 ut
2943 726 3134 775 cuncta
3174 718 3242 774 ad
3272 720 3391 789 ejLs
3421 733 3553 774 eon-

1967 805 2253 861 fessionem
2285 824 2538 865 revoeare
2567 811 2856 880 videretur,
2890 812 2941 867 in
2967 812 3072 866 ﬁne
3116 814 3309 868 iterum
3338 828 3548 869 metune

1966 906 2047 954 rat
2076 899 2437 957 conﬁtendum
2473 917 2486 955 :
2530 916 2597 957 ne
2641 902 2769 973 quid
2813 914 3008 972 printer
3064 904 3179 973 ejus
3232 905 3445 961 laudem
3498 914 3554 962 et

1966 990 2386 1047 misericordiam
2416 994 2499 1063 agi
2534 1008 2690 1063 posse
2720 996 3049 1052 crederetur.

2492 1106 2765 1163 Conclusio
2817 1109 3024 1178 psalmi.

2040 1220 2290 1277 llirabilis
2315 1222 2551 1291 psalmus
2580 1231 2635 1278 et
2668 1223 2831 1278 nimia
2860 1224 3059 1279 virtute
3106 1224 3423 1295 profundus,
3458 1226 3551 1297 qui

1965 1314 2110 1368 velut
2139 1314 2305 1369 stellis
2352 1316 2671 1371 micantibus
2702 1317 3074 1373 misericordia
3104 1319 3315 1373 Domini
3359 1320 3558 1392 ubique

1964 1408 2304 1478 cognoscitur
2330 1423 2449 1463 esse
2494 1410 2752 1465 radiatus.
2804 1410 2970 1481 Cujus
3028 1413 3171 1468 enim
3224 1413 3438 1469 virtutis
3486 1414 3558 1468 sit

1963 1509 2125 1570 atque
2173 1501 2429 1570 patentia:
2482 1500 2535 1554 in
2592 1500 3037 1571 Paralipomenon
3094 1504 3410 1572 osteudizur,
3467 1504 3557 1559 ubi

1965 1592 2076 1644 ait:
2132 1590 2262 1646 Cum
2319 1590 2607 1646 Dominum
2666 1592 2879 1647 laudare
2920 1596 3183 1665 caspissent
3250 1608 3294 1650 et
3346 1599 3558 1653 dicere:

1964 1684 2294 1755 Con/itemini
2324 1685 2546 1740 Domino
2573 1687 2814 1757 quoniam
2845 1687 3028 1756 bonus,
3059 1688 3294 1756 quoniam
3323 1690 3376 1742 in
3412 1701 3557 1744 atter-

1962 1793 2087 1831 num
2130 1778 2482 1831 misericordia
2524 1779 2664 1849 ejus;
2702 1779 3006 1848 implebutur
3049 1780 3232 1831 domus
3263 1777 3357 1833 Dei
3403 1780 3553 1844 nube,

1961 1887 2021 1922 ne
2042 1879 2245 1937 possent
2276 1870 2561 1923 sacerdotes
2588 1879 2724 1924 stare
2750 1880 2795 1924 et
2828 1871 3118 1924 ministrare
3145 1882 3352 1940 propter
3371 1871 3556 1941 caligi-

1960 1975 2094 2013 nem.
2137 1957 2484 2029 Compleverat
2538 1960 2671 2014 enim
2701 1959 2867 2031 gloria
2934 1959 3141 2015 Domini
3191 1961 3403 2014 domum
3454 1958 3555 2014 Dei

1962 2049 2047 2121 (II
2076 2050 2253 2107 Paral.
2304 2070 2358 2122 ν,
2402 2053 2490 2119 13,
2536 2051 2648 2123 ll).
2682 2052 2915 2108 Proinde
2945 2053 3073 2123 quid
3105 2061 3281 2121 potest
3331 2069 3359 2107 a
3392 2051 3549 2108 nobis

1962 2144 2139 2199 simile
2166 2144 2292 2211 dici,
2327 2159 2485 2214 quam
2517 2144 2660 2215 quod
2690 2144 2757 2200 de
2798 2159 2857 2200 se
2884 2148 3177 2200 auctoritas
3207 2146 3553 2215 cognoscitur

1970 2238 2086 2309 ipsa
2120 2239 2301 2293 testari
2330 2238 2354 2291 ’ἔ
2380 2237 2514 2293 Nam
2546 2238 2671 2293 licet
2712 2239 2766 2292 iu
2797 2238 3049 2293 omnibus
3081 2238 3319 2308 psalmis,
3353 2237 3399 2292 si
3426 2250 3557 2308 pure

1962 2339 2245 2396 conantur,
2287 2328 2519 2384 divinam
2552 2328 2705 2383 nobis
2744 2338 2954 2384 certum
2983 2328 3055 2383 sit
3100 2329 3291 2384 adesse
3322 2342 3557 2397 praesen-

1964 2420 2108 2485 tiam,
2146 2422 2247 2474 hoc
2280 2428 2457 2474 tamen
2482 2418 2786 2477 evidentius
2819 2420 3078 2489 creditur,
3106 2419 3249 2491 quod
3296 2418 3431 2490 legis
3460 2433 3557 2474 au-

1963 2512 2211 2568 ctoritate
2242 2513 2507 2568 ﬁrmatur.

2424 2626 2740 2685 PSALMUS
2798 2627 3085 2685 CXXXVI.

2518 2718 2761 2774 Psalmus
2803 2719 2995 2776 David.

2036 2833 2117 2890 Ad
2147 2833 2477 2905 praeteritum
2508 2851 2711 2891 morem
2744 2837 2908 2893 rediit
2931 2838 3069 2893 ordo
3113 2839 3414 2895 titulorum.
3460 2838 3548 2896 Si-

1964 2929 2180 3001 gniﬁcat
2214 2931 2359 2986 enim
2399 2931 2782 2987 misericordes
2812 2940 2865 2987 et
2893 2933 3267 2988 sanctissimos
3293 2942 3443 2989 actus
3489 2934 3557 2991 ad

1965 3023 2251 3079 Dominum
2275 3021 2612 3079 Salvatorem
2660 3038 2785 3080 esse
2824 3023 3158 3079 referendos.
3191 3022 3559 3078 Consideran-

1965 3117 2093 3173 dum
2119 3128 2203 3174 est
2231 3127 2408 3174 autem
2455 3118 2705 3188 quoniam
2736 3116 2965 3187 hymnus
2996 3116 3098 3171 iste
3130 3130 3237 3170 non
3269 3131 3299 3169 a
3322 3116 3557 3184 gauden-

278 3216 523 3276 strorum,
560 3208 806 3278 quoniam
850 3208 907 3263 iu
943 3208 1186 3264 saxulum
1234 3210 1581 3265 misericordia
1621 3209 1756 3280 ejus.
1798 3206 1858 3263 Si
1885 3234 1932 3296 Ο
1966 3212 2108 3268 tibus
2140 3211 2357 3281 dicitur,
2390 3211 2485 3268 sed
2526 3212 2638 3267 sola
2668 3210 2913 3267 dolorum
2963 3212 3378 3281 compunctiune
3426 3226 3548 3264 ean-

277 3298 343 3355 ad
371 3298 647 3355 historiam
678 3299 948 3368 attendas,
980 3300 1186 3357 nullum
1221 3302 1453 3371 pretium
1478 3300 1744 3371 {Egyptiis
1767 3300 1862 3357 de-

278 3391 377 3460 dit,
431 3392 646 3462 quando
700 3392 955 3448 Hebraaos
1008 3392 1077 3449 de
1120 3394 1364 3449 manibus
1403 3408 1591 3449 eorum
1631 3392 1862 3448 liberare

289 3484 536 3554 dignatus
562 3493 664 3541 est.
699 3484 805 3541 Sed
835 3485 955 3553 quia
984 3484 1036 3540 in
1068 3493 1330 3555 potestate
1367 3485 1566 3543 diaboli
1590 3485 1673 3541 vel
1699 3484 1862 3539 mini-

276 3587 506 3632 strorum
531 3577 645 3647 ejus
677 3576 993 3632 tenebamur
1016 3577 1253 3645 obnoxii,
1294 3586 1421 3631 tunc
1449 3592 1508 3632 se
1533 3574 1866 3635 immolando

278 3684 531 3739 magnum
564 3669 789 3738 pretium
818 3669 988 3734 dedit,
1027 3677 1083 3723 ut
1112 3683 1212 3723 nos
1237 3669 1303 3738 ab
1323 3668 1402 3722 eis
1432 3666 1684 3723 redderet
1708 3666 1866 3721 abso-

279 3762 437 3818 lutos.
474 3762 871 3817 Redemitenim
904 3775 1003 3815 nos
1024 3759 1249 3815 diversis
1279 3760 1487 3829 injuriis
1515 3768 1569 3814 et
1599 3758 1864 3827 passioni-

276 3855 377 3911 bus
430 3856 562 3922 suis,
610 3856 841 3911 claustra
883 3868 1107 3923 passus,
1157 3852 1328 3925 alapis
1379 3866 1586 3918 caesus,
1644 3850 1864 3921 ﬂagellis

277 3947 592 4005 verberatus
638 3955 741 4002 est.
789 3945 1036 4001 Redemit
1079 3959 1175 3999 nos
1222 3945 1404 4012 utique
1441 3942 1700 4011 sanguine
1732 3956 1858 4011 pre-

279 4041 440 4108 tioso,
471 4050 525 4096 et
551 4039 618 4094 ad
649 4048 975 4108 postremum
1006 4036 1234 4091 redemit
1264 4050 1361 4090 nos
1382 4034 1641 4090 miraculo
1671 4047 1853 4088 resur-

280 4132 533 4190 rectionis
565 4139 783 4185 ostenso
804 4169 817 4194 ,
852 4128 992 4186 sicut
1014 4128 1143 4194 dicit
1185 4124 1471 4194 Apostolus
1498 4131 1690 4178 cuncta
1712 4137 1861 4178 com-

281 4223 557 4291 plectens:
587 4220 780 4292 Magno
808 4221 971 4292 pretio
999 4217 1243 4288 redempti
1272 4218 1391 4272 estis
1414 4215 1465 4286 (ι
1500 4215 1619 4270 Cor.
1645 4231 1718 4278 Vl,
1740 4215 1857 4287 illi).

280 4313 393 4371 lloc
425 4316 567 4368 enim
598 4314 693 4368 luit
719 4311 946 4381 pretium
977 4310 1117 4380 quod
1146 4309 1377 4380 pretium
1404 4323 1509 4362 non
1543 4307 1790 4363 haberet.

355 4405 508 4460 γεω.
554 4403 644 4459 illi.
690 4404 791 4468 Qui
821 4403 911 4456 dat
951 4418 1116 4457 escam
1157 4402 1292 4456 omni
1324 4400 1490 4466 carni,
1522 4400 1763 4470 quoniam
1815 4398 1868 4453 in

281 4501 529 4554 secutum
554 4497 897 4551 misericordia
923 4498 1052 4568 ejus.
1081 4494 1233 4549 Umni
1276 4494 1442 4563 carni,
1500 4508 1609 4549 non
1666 4500 1869 4548 tantum

281 4597 349 4649 de
378 4592 686 4646 hominibus
721 4590 888 4645 voluit
917 4588 1144 4658 intelligi
1170 4629 1184 4651 ,
1218 4588 1314 4644 sed
1344 4598 1397 4643 et
1418 4586 1675 4657 quidquid
1700 4595 1866 4651 natat,

282 4685 543 4757 quidquid
578 4684 742 4751 volat,
790 4679 1045 4752 quidquid
1090 4681 1248 4750 repit,
1281 4678 1535 4751 quidquid
1586 4678 1864 4749 graditur:

280 4778 535 4849 quoniam
569 4776 813 4830 universa
839 4772 957 4841 ejus
981 4773 1225 4843 largitate
1247 4773 1529 4827 satiantur.
1561 4771 1691 4825 Nam
1721 4771 1870 4826 sicut

282 4882 495 4926 creator
536 4877 619 4923 est
645 4868 907 4931 omnium,
942 4867 1011 4921 ita
1050 4874 1106 4922 et
1144 4874 1325 4936 pastor
1363 4865 1712 4921 animantium
1745 4880 1870 4933 pro-

284 4960 440 5014 batur
470 4972 591 5016 esse
619 4968 955 5013 cunctorum.
989 4955 1171 5010 Pascit
1212 4959 1372 5011 etiam
1402 4958 1583 5012 omnia
1624 4954 1870 5025 spiritua-

288 5053 357 5106 lia
391 5053 712 5120 incorporeo
737 5049 858 5104 cibo
880 5047 1262 5103 misericordiae
1289 5063 1421 5103 sum.
1455 5047 1586 5101 Nam
1616 5062 1737 5103 eum
1767 5062 1871 5116 ge-

285 5143 536 5201 neraliter
599 5140 896 5208 indignatur
950 5141 1016 5194 ab
1078 5140 1350 5205 omnibus,
1406 5138 1575 5208 ipsius
1649 5153 1874 5194 munere

284 5237 508 5307 geritur,
547 5242 606 5290 ut
646 5235 895 5289 universa
944 5240 1072 5289 cont
1095 5247 1222 5287 nere
1273 5241 1431 5301 atque
1461 5235 1695 5289 existere
1725 5248 1873 5288 com-

287 5330 605 5398 probantur.
650 5330 774 5385 Sive
798 5329 933 5383 omni
953 5326 1095 5381 carni
1120 5324 1208 5381 dat
1239 5341 1426 5390 escam,
1462 5325 1713 5382 ﬁdelibus
1760 5334 1875 5381 tan-

287 5432 401 5477 tum
461 5421 683 5476 forsitan
734 5420 994 5476 debemus
1032 5416 1308 5489 accipere,
1354 5432 1495 5488 quos
1543 5433 1772 5490 corpore
1819 5429 1877 5476 et

285 5517 547 5589 sanguine
573 5530 670 5570 suo
692 5513 939 5584 saginare
962 5515 1229 5585 dignatur.

361 5610 515 5665 Vere.
554 5609 643 5663 27.
684 5607 1011 5677 Co:iﬁtemini
1040 5608 1147 5663 Deo
1177 5607 1291 5662 caeli
1318 5648 1333 5674 ,
1360 5608 1606 5678 quoniam
1631 5608 1682 5663 in
1713 5623 1876 5664 δίει-κ-

286 5708 394 5760 lum
428 5701 777 5757 misericordia
806 5705 940 5772 eius.

366 5798 521 5851 \‘eis.
557 5794 649 5848 28.
691 5791 1016 5860 Couﬁtemini
1061 5795 1276 5849 Domino
1333 5795 1683 5859 dominorum,
1742 5812 1872 5864 quo-

287 5893 429 5945 niam
478 5889 531 5942 in
576 5883 821 5941 saeuiunt
850 5887 1199 5943 misericordia
1227 5892 1355 5957 ejus.
1390 5888 1521 5944 Cum
1563 5891 1658 5943 hos
1691 5906 1777 5944 tot
1818 5907 1874 5944 :zs

1968 3314 2134 3361 tatur.
2184 3306 2313 3362 Haec
2336 3313 2513 3361 autem
2546 3305 2792 3368 historia.
2840 3303 3073 3360 Ieremia
3118 3304 3378 3374 prapheta
3411 3306 3556 3359 rele-

1968 3408 2144 3467 rente,
2173 3399 2438 3469 completa
2461 3408 2565 3465 est,
2585 3397 2800 3470 quando
2827 3397 3109 3469 captivitas
3132 3398 3427 3453 Jerusalem
3452 3397 3557 3452 Na-

1968 3492 2389 3549 buchodonosor
2439 3507 2568 3563 rege
2618 3474 2868 3547 veniente
2919 3489 3158 3561 perfecta
3212 3498 3318 3545 est.
3371 3490 3561 3543 Exstat

1968 3585 2111 3642 enim
2136 3586 2202 3641 de
2227 3585 2325 3641 hac
2354 3600 2414 3641 re
2444 3586 2657 3655 pietatis
2688 3583 2847 3653 hujus
2868 3580 3376 3651 compunctissimus
3395 3579 3553 3644 liber,

1967 3676 2057 3748 qui
2087 3676 2417 3747 quadrifario
2446 3683 2775 3746 praenotatur
2796 3674 3101 3742 alphabeto.
3134 3671 3240 3727 Sed
3266 3685 3364 3725 nos
3393 3685 3561 3738 oporo

1970 3778 2045 3824 tet
2074 3768 2424 3839 spiritualiter
2478 3770 2575 3824 ista
2620 3768 2915 3834 suscipere,
2945 3765 3066 3834 quia
3120 3765 3173 3817 in
3217 3763 3381 3845 ﬁgura
3415 3762 3557 3830 illis,

1968 3859 2105 3914 sicut
2131 3859 2261 3914 dicit
2287 3858 2576 3926 Apostolus
2628 3853 2684 3928 (Ι
2709 3854 2829 3911 Cor.
2860 3871 2914 3923 ι,
2948 3853 3060 3921 ll),
3094 3853 3208 3908 haec
3233 3851 3413 3908 omnia
3436 3865 3561 3907 eer-

1971 3960 2081 4006 tum
2111 3960 2192 4007 est
2228 3950 2537 4021 contigisse.

2529 4061 2728 4117 Divisio
2786 4059 2993 4133 psalmi.

2044 4174 2277 4245 Populus
2308 4172 2676 4238 Hebraeorum,
2704 4171 2794 4241 qui
2842 4170 3219 4227 obstinationis
3266 4184 3377 4226 sua:
3418 4172 3553 4228 vitio

1974 4267 2024 4321 in
2057 4265 2367 4334 captivitate
2400 4274 2518 4320 erat
2572 4262 2671 4318 sub
2723 4260 3221 4317 Nabuchodonosor
3264 4278 3387 4333 rege
3438 4273 3564 4334 post

1974 4357 2169 4413 saecula
2197 4358 2350 4427 longa
2379 4370 2662 4424 passurus,
2698 4355 3055 4410 introducitur
3086 4354 3150 4409 ad
3196 4354 3562 4426 loquendum,

1976 4460 2035 4506 ut
2063 4450 2198 4505 mala
2251 4464 2345 4504 sua
2376 4448 2554 4504 futura
2598 4447 2678 4504 sic
2705 4448 2920 4516 deﬂeat,
2953 4448 3104 4518 quasi
3129 4447 3239 4518 jam
3282 4448 3564 4503 videantur

1978 4558 2097 4598 esse
2154 4540 2444 4613 praeterita.
2502 4540 2680 4596 Prima
2748 4540 2989 4596 sectione
3044 4538 3381 4594 calamitates
3437 4555 3564 4594 suas

1896 4630 1951 4689 ἶ)
1979 4644 2282 4702 enumerat,
2338 4635 2673 4704 subjungens
2724 4632 2865 4687 inter
2895 4631 3161 4703 quaslibet
3191 4630 3372 4687 saeculi
3407 4631 3567 4704 hujus

1975 4728 2273 4797 angustias,
2301 4740 2575 4795 nunquam
2600 4739 2658 4780 se
2680 4723 2977 4779 Jerusalem
3011 4723 3278 4779 ullatenus
3300 4723 3492 4779 oblivis
3509 4728 3576 4784 ei,

1976 4819 2220 4887 quamvis
2254 4815 2599 4873 evertendam
2650 4829 2771 4870 esse
2822 4822 3116 4870 constaret.
3167 4813 3418 4869 Secunda
3492 4832 3575 4871 se-

1976 4911 2154 4965 ctione
2182 4909 2248 4964 ad
2281 4909 2567 4964 Dominum
2594 4906 2758 4964 verba
2800 4907 3086 4971 convertit,
3132 4914 3192 4961 ut
3242 4922 3451 4963 memor
3511 4912 3575 4961 si:

1978 5001 2381 5056 iusultationum
2431 5008 2616 5057 contra
2665 4999 2957 5055 Ecclesiam
3008 4998 3240 5070 pessima
3288 4999 3567 5057 voluntate

1979 5093 2356 5162 grassantium,
2385 5092 2568 5147 beatos
2592 5106 2841 5148 asserens
2871 5090 2959 5162 qui
3001 5089 3070 5145 de
3099 5089 3265 5147 corde
3305 5104 3403 5148 suo
3425 5092 3562 5150 inci-

1980 5184 2186 5254 pientes
2212 5184 2383 5240 malas
2406 5182 2759 5254 cogitationes
2782 5181 3061 5251 abjieiunt.

2519 5295 2788 5366 Expositio
2826 5294 3031 5367 psalmi.

2058 5416 2211 5473 Vers.
2255 5414 2306 5471 ι.
2348 5414 2517 5487 Super
2551 5415 2767 5485 ﬂumina
2797 5412 3076 5485 Babylonis
3118 5415 3227 5471 illic
3250 5417 3479 5473 sedimus
3521 5424 3568 5472 et

1980 5514 2233 5583 ﬂeuimus,
2260 5511 2386 5565 dum
2421 5510 2806 5566 recordaremur
2835 5509 2930 5578 tui,
2973 5509 3124 5566 Sion.
3174 5510 3347 5567 Nimis
3396 5512 3570 5569 dulcis

1979 5615 2061 5661 est
2102 5602 2405 5661 recordatio
2445 5602 2651 5672 patriae,
2683 5616 2802 5672 quas
2831 5600 2884 5655 iu
2917 5600 3099 5656 hostili
3131 5610 3274 5658 terra
3302 5601 3567 5672 probatur

1980 5702 2214 5756 existere
2238 5716 2254 5765 ;
2283 5714 2403 5754 nam
2431 5704 2684 5767 quantum
2714 5696 2830 5753 haec
2855 5711 3039 5751 amara
3063 5698 3314 5762 sentitur,
3365 5707 3567 5750 tantum

1983 5796 2040 5848 lit
2079 5795 2162 5848 illa
2194 5791 2426 5847 suavior.
2462 5791 2538 5844 De
2588 5788 2709 5843 loco
2737 5787 2880 5844 enim
2930 5788 3398 5856 peregrinationis,
3448 5803 3568 5853 pro-

1984 5890 2077 5955 pri:
2114 5883 2366 5941 domicilii
2395 5881 2587 5940 crescit
2617 5879 2858 5937 allectus.
2894 5877 3001 5935 Sed
3030 5877 3278 5948 quamvis
3304 5878 3563 5949 propheta
