4078 6342
1399 344 1408 354 ι
1443 310 1472 342 .J

477 417 582 477 975

1668 401 1738 461 Μ.
1779 398 2057 460 AUREIJI
2092 395 2495 458 CASSIODORI

2789 297 2917 336 ,ιι-τί

3631 383 3740 440 976

472 532 746 591 lsraelitiei
805 529 983 602 populi
1045 525 1403 597 captivitatem
1460 535 1576 592 quae
1641 521 1741 574 sub
1801 517 2403 588 AssyriisAarrogans
2451 507 2620 566 victor
2666 509 2782 565 vult
2830 509 2929 564 sibi
2981 507 3130 562 lusus
3169 511 3221 558 et
3251 497 3476 556 delicias
3523 497 3592 556 de
3643 500 3744 556 Dei

473 627 694 698 contigit
723 639 989 696 exponere
1017 620 1282 685 videatur,
1333 614 1583 670 convenit
1615 623 1791 666 tamen
1821 619 1880 664 ut
1931 623 2050 663 eam

473 717 818 789 spiritualiter
846 714 1123 769 advertere
1160 709 1476 765 debeamus.
1510 705 1654 759 Duas
1695 701 1840 758 enim
1871 699 2057 754 civita-

475 820 560 868 tes
589 811 645 865 in
674 809 776 864 hoc
797 805 996 862 mundo
1036 818 1155 860 esse
1183 800 1372 856 crebra
1399 797 1632 854 lectione
1659 792 2053 863 comperimus:

476 917 585 959 una
607 910 690 958 est
720 898 954 965 Domini,
984 912 1103 968 qua:
1153 893 1348 950 dicitur
1379 888 1700 951 Jerusalem,
1733 884 1784 939 id
1813 892 1894 938 est
1923 879 2059 935 visio

478 994 648 1065 pacis.
676 991 785 1048 Ista
812 991 900 1046 hic
941 1001 1245 1060 pressuram
1295 983 1518 1054 patitur,
1573 987 1629 1036 et
1676 977 1858 1033 multis
1907 973 2062 1028 malis

478 1083 806 1142 irruentibus
853 1079 1165 1136 sauciatur:
1218 1074 1459 1142 humilis,
1513 1070 1738 1135 afﬂicta,
1789 1079 1938 1137 spem
1971 1067 2064 1116 ha-

481 1177 616 1233 bens
652 1174 706 1230 in
731 1173 822 1229 illa
866 1170 1166 1226 aeternitate
1195 1183 1316 1238 qua:
1348 1178 1623 1232 nunquam
1650 1160 1800 1216 novit
1830 1151 2062 1212 defcctui

482 1266 781 1337 subiacere.
829 1263 1062 1318 Econtra
1101 1257 1302 1314 diaboli
1349 1256 1559 1319 civitas,
1615 1265 1733 1322 quae
1775 1245 2067 1317 Babylonia

483 1361 698 1426 dicitur,
737 1356 889 1428 cujus
935 1351 1304 1424 interpretatio
1357 1347 1621 1418 significat
1665 1341 2060 1402 confusionem,

485 1450 572 1506 hic
600 1449 810 1516 ﬂorida,
857 1444 1110 1516 superba,
1137 1440 1412 1497 latissima
1464 1449 1567 1502 esu,
1599 1450 1716 1505 quas
1771 1431 1922 1487 istius
1967 1441 2069 1482 scn—

485 1542 590 1616 culi
614 1541 754 1597 vitiis
794 1549 1044 1608 tanquam
1093 1532 1299 1603 magnis
1340 1528 1646 1585 ﬂuminibus
1673 1524 1943 1594 irrigatur.
1976 1519 2072 1574 Su-

488 1613 584 1703 per
613 1633 712 1689 ista
743 1643 871 1700 ergo
893 1627 1112 1682 ﬂumina
1136 1622 1324 1678 sedent
1350 1620 1555 1686 fideles,
1585 1617 1677 1688 qui
1705 1613 2070 1682 captivitatem

487 1702 542 1782 in
591 1725 695 1780 hoc
719 1721 917 1778 mundo
971 1717 1266 1789 patiuntur,
1321 1723 1377 1769 et
1427 1712 1758 1781 suspirantcs
1801 1702 2068 1760 desiderio

491 1818 673 1888 patriae
725 1831 834 1872 sua:
876 1828 1085 1868 amaras
1137 1811 1400 1879 lacrymas
1446 1804 1698 1870 fundunt,
1726 1800 1976 1871 quoniam
2005 1795 2073 1850 ad

2157 607 2378 662 canticis
2407 603 2666 660 exhiberi.
2713 602 2916 669 Quibus
2941 594 3374 668 respondendum
3402 599 3484 648 est
3510 631 3526 659 ,
3571 589 3738 662 465

2162 697 2429 764 Quomodo
2453 695 2769 750 cantabimus
2794 693 3050 748 canticum
3079 687 3289 744 Domini
3309 685 3364 740 in
3385 692 3520 739 terra
3540 683 3748 738 aliena!

2161 789 2267 845 Sed
2300 799 2356 845 ut
2383 790 2547 860 magis
2579 788 2723 843 illam
2769 794 2977 856 partem
3007 797 3164 854 quam
3196 779 3459 850 crepimus
3485 791 3750 849 exsequa-

2161 897 2301 950 mur,
2333 881 2816 951 concupiscentiam
2863 877 3048 933 mundi
3096 875 3360 931 obnoxios
3409 887 3508 928 nos
3557 880 3750 928 tenere

2165 983 2394 1031 testatur
2420 973 2730 1042 Apostolus,
2759 972 2974 1027 dicens:
3003 968 3166 1024 Video
3188 968 3345 1022 aliam
3366 967 3524 1032 legem
3537 966 3591 1019 in
3605 981 3752 1019 ment-

2166 1068 2268 1123 bris
2295 1068 2420 1122 meis
2440 1076 2804 1138 repugnantem
2823 1064 2923 1134 legi
2945 1045 3126 1117 meiitis
3147 1077 3268 1116 mere
3283 1103 3295 1125 ,
3330 1069 3378 1116 et
3401 1060 3654 1130 captivum
3674 1073 3755 1112 me

2167 1160 2428 1214 ducentem
2460 1159 2514 1212 in
2564 1159 2673 1229 lege
2700 1156 2918 1228 peccati,
2967 1168 3081 1224 qua:
3129 1163 3202 1208 est
3249 1153 3305 1207 in
3335 1151 3571 1206 membris
3616 1151 3746 1205 meis

2170 1249 2344 1321 (Rom.
2369 1264 2476 1314 vn,
2509 1247 2626 1319 23).
2659 1249 2778 1302 Ista:
2828 1246 2989 1317 igitur
3017 1242 3470 1313 concupiscentia
3504 1257 3623 1312 quae
3653 1256 3756 1297 nos

2165 1341 2289 1411 jure
2312 1339 2640 1410 captivitatis
2658 1340 2973 1409 illaqueant,
2995 1337 3304 1405 frequenter
3322 1333 3475 1390 nobis
3496 1333 3746 1397 suadent,

2170 1441 2229 1489 ut
2258 1433 2566 1504 psalmodize
2597 1433 2759 1488 verba
2787 1432 2840 1487 in
2871 1431 3002 1486 locis
3030 1428 3267 1501 profanis
3289 1439 3444 1498 atque
3467 1437 3750 1497 spectacuo

2172 1525 2238 1582 lis
2287 1525 2699 1597 gesticulatione
2749 1521 3135 1579 nefandissima
3201 1533 3394 1576 canere
3439 1518 3752 1573 debeamus.

2174 1620 2278 1676 Sed
2309 1620 2386 1676 eis
2413 1635 2518 1674 non
2569 1630 2690 1674 esse
2735 1614 3173 1673 consentiendum
3227 1626 3463 1682 praesens
3511 1609 3760 1664 doctrina

2175 1712 2429 1776 declarat,
2455 1711 2670 1781 quando
2697 1710 2949 1764 admonet
2976 1709 3030 1762 in
3052 1717 3190 1762 terra
3217 1705 3414 1770 aliena,
3438 1704 3490 1758 id
3513 1713 3596 1758 est
3621 1703 3764 1756 inter

2176 1811 2326 1858 actus
2355 1802 2579 1857 vitiosos
2622 1800 2714 1871 qui
2756 1809 2882 1854 sunt
2909 1815 2938 1853 a
2971 1798 3080 1854 Deo
3125 1797 3306 1864 alieni,
3355 1798 3612 1866 hymnum
3661 1791 3769 1846 Do-

494 1915 638 1968 illam
686 1911 1002 1982 promissam
1047 1920 1230 1978 pacem
1284 1903 1370 1957 hic
1415 1898 1697 1970 pervenire
1729 1910 1834 1949 non
1869 1903 2074 1961 praeva-

2189 1895 2308 1950 mini
2339 1909 2443 1950 non
2473 1909 2593 1950 esse
2631 1892 2974 1951 cantandum.
3008 1890 3178 1946 Verba
3205 1889 3347 1945 enim
3389 1887 3600 1942 Domini
3627 1900 3760 1941 san-

491 2003 620 2062 lcnt.
650 2001 1131 2072 Contemplanduut
1161 2007 1247 2055 est
1288 2004 1464 2050 autem
1490 1990 1631 2062 quod
1674 2004 1782 2044 non
1812 1983 1960 2052 dicit,
2020 1983 2073 2036 in

494 2097 838 2160 ﬂuminibus,
883 2093 978 2149 sed
1027 2091 1194 2161 Super
1221 2087 1475 2160 ﬂumina;
1511 2096 1633 2137 nam
1682 2078 1771 2149 qui
1818 2075 1991 2130 adhuc
2022 2073 2076 2126 in

495 2191 803 2256 ﬂuminibus
851 2187 970 2242 istis
1013 2195 1168 2249 sunt,
1221 2189 1560 2251 peccatorum
1599 2169 1942 2228 inundatione
1989 2181 2079 2220 ra-

498 2284 737 2352 piuntur,
781 2279 870 2349 qui
903 2291 1033 2332 vero
1064 2282 1226 2344 super
1255 2273 1400 2342 ripas
1427 2267 1572 2323 alvei
1614 2265 1826 2328 sedent,
1855 2260 1965 2331 jam
2011 2255 2081 2311 ab

493 2373 601 2428 illis
651 2371 900 2426 ﬂuctibus
942 2367 1127 2422 divino
1182 2372 1305 2418 sunt
1353 2374 1576 2415 munere
1625 2354 1860 2412 liberati.
1908 2352 2079 2406 Situm

493 2478 706 2537 quoque
749 2461 921 2530 ipsum
972 2457 1181 2527 respice
1209 2461 1592 2524 temperatum;
1629 2462 1729 2503 nec
1759 2452 1971 2501 erectos
1997 2440 2082 2496 di-

495 2559 591 2624 cit,
621 2565 682 2610 ut
702 2552 1062 2624 arrogantiam
1090 2547 1298 2618 fugeret
1331 2561 1347 2611 ;
1380 2558 1478 2598 nec
1501 2541 1767 2612 iacentes,
1797 2545 1852 2590 ut
1873 2532 2082 2590 ruinam

502 2653 722 2718 vitaret,
751 2648 846 2704 sed
875 2647 1124 2704 sedentes
1153 2645 1206 2697 in
1233 2637 1534 2696 humilitate
1568 2636 1678 2706 pias
1706 2633 1974 2702 lacrymas
2003 2641 2086 2682 su-

500 2759 594 2816 pra
620 2750 957 2815 peccatorum
991 2737 1148 2804 impia
1173 2733 1374 2788 ﬂuenta
1402 2727 1791 2784 transmittere.

570 2811 726 2890 vers.
777 2832 834 2885 2.
877 2829 944 2885 In
982 2825 1224 2883 salicibus
1280 2824 1335 2878 in
1375 2819 1542 2875 medio
1580 2819 1693 2888 ejus
1731 2811 2088 2884 suspendimus

502 2929 699 2998 organa
751 2932 946 2978 nostra.
1007 2919 1105 2976 llic
1151 2913 1357 2972 doloris
1405 2915 1758 2981 esaggeratur
1799 2903 2084 2968 acerbitas,

504 2997 718 3087 quando
741 3011 1160 3069 delectationem
1189 3019 1363 3069 suam,
1392 3016 1494 3073 qua
1535 3013 1596 3055 se
1625 2997 1850 3068 populus
1881 2997 2090 3064 poterat

503 3109 796 3172 consolari,
823 3104 967 3160 velut
1001 3117 1107 3158 non
1136 3095 1439 3155 necessaria
1468 3090 1897 3161 suspendebatur
1921 3085 2088 3142 arbo-

503 3199 678 3254 ribus.
717 3195 856 3264 Quid
903 3193 1046 3249 enim
1093 3189 1206 3245 illic
1254 3194 1474 3258 agerent
1503 3195 1702 3253 organa
1753 3179 1950 3243 dulcia,
1999 3175 2088 3231 ubi

2178 1999 2284 2058 eta,
2312 1988 2510 2044 debent
2541 2001 2660 2042 esse
2685 1994 3024 2050 sanctorum;
3054 1984 3310 2052 scriptum
3335 1988 3417 2036 est
3443 1979 3588 2034 enim
3615 1995 3628 2032 :
3681 1977 3768 2032 Ne

2180 2081 2418 2137 miseritis
2440 2096 2636 2151 mergat
2646 2081 2746 2133 itas
2766 2087 2956 2133 vestras
2984 2085 3102 2130 ante
3118 2089 3297 2146 porcos
3321 2071 3538 2143 (Matth.
3562 2085 3650 2138 vu,
3679 2068 3759 2138 (ἶ).

2181 2175 2274 2232 llis
2303 2189 2431 2245 ergo
2455 2181 2640 2229 monet
2672 2172 2982 2226 nullatenus
3005 2183 3124 2224 esse
3152 2163 3617 2222 consentiendum.

2257 2263 2407 2320 Vers.
2441 2265 2492 2319 6.
2535 2263 2595 2318 Si
2627 2262 2809 2317 oblitus
2837 2264 2989 2333 fuero
3016 2260 3111 2324 tui,
3141 2257 3460 2321 Jerusalem,
3501 2254 3767 2309 oblivisca-

2184 2367 2268 2412 tur
2305 2372 2385 2411 me
2436 2357 2646 2411 dextera
2675 2370 2809 2409 mea.
2873 2353 3158 2408 Pollicctur
3185 2365 3244 2406 se
3293 2348 3558 2420 propheta
3585 2347 3768 2402 Eccle-

2185 2449 2320 2504 siam
2365 2449 2456 2504 Dei
2516 2463 2789 2518 nunquam
2837 2447 3050 2517 penitus
3086 2443 3350 2511 oblivisci,
3402 2441 3808 2498 conditionem.

2185 2539 2286 2594 sibi
2314 2538 2684 2609 gravissimam
2716 2551 2944 2608 ponens,
2974 2536 3096 2606 quia
3128 2547 3352 2590 necesse
3397 2541 3485 2588 est
3530 2533 3600 2586 ita
3629 2531 3772 2596 fieri,

2187 2639 2234 2694 si
2263 2639 2561 2695 Jerusalem
2611 2636 2896 2706 contigerit
2924 2649 3032 2688 non
3061 2632 3250 2687 amari.
3308 2630 3541 2685 Dextera
3571 2628 3776 2698 quippe

2188 2733 2450 2788 bonorum
2480 2740 2565 2787 est
2592 2728 2838 2785 Christus
2863 2727 3142 2794 Dominus,
3175 2724 3314 2779 sicut
3355 2723 3407 2777 in
3435 2720 3779 2792 quintodeci-

2189 2840 2278 2882 mo
2321 2824 2525 2895 psalmo
2567 2823 2766 2878 dictum
2817 2828 2902 2876 est
2943 2835 2959 2874 :
3007 2817 3347 2872 Providebam
3397 2813 3674 2868 Dominum
3716 2811 3778 2864 in

2189 2925 2462 2987 conspectu
2486 2929 2599 2971 meo
2627 2928 2838 2984 semper,
2872 2910 3115 2982 quoniam
3139 2926 3171 2962 a
3197 2907 3392 2962 dextris
3416 2915 3488 2960 est
3511 2904 3654 2969 mihi,
3704 2920 3776 2958 ne

2197 3021 2518 3062 commoveor
2563 3001 2736 3074 (Psal.
2769 3017 2863 3066 xv,
2907 2998 2986 3071 8).
3043 2997 3303 3066 Aslringit
3333 3010 3391 3050 se
3436 2995 3610 3064 itaque
3639 3007 3774 3062 pro-

2201 3100 2364 3170 pheta
2392 3095 2541 3153 duris
2563 3095 2774 3166 quidem
2807 3090 3054 3156 vinculis,
3107 3089 3200 3144 sed
3229 3101 3557 3158 nequaquam
3587 3083 3776 3152 novis,

2194 3201 2253 3248 ut
2283 3191 2400 3262 ipse
2427 3205 2454 3243 a
2489 3186 2695 3244 Domini
2726 3183 3019 3241 Salvatoris
3050 3178 3309 3236 memoria
3339 3177 3576 3243 decidat,
3605 3176 3652 3229 si
3683 3173 3782 3229 Je-

507 3303 750 3360 tetnpora
799 3289 921 3342 vita:
957 3283 1154 3339 amaris
1198 3286 1356 3334 erant
1397 3271 1873 3331 lamentationibus
1925 3283 2086 3360 occu-
2116 3285 2163 3348 ρ
2193 3282 2429 3338 male,“
2474 3279 2542 3334 ab
2572 3277 2689 3348 eius
2735 3283 2914 3330 meme
2943 3270 3272 3328 discesserit.
3329 3267 3448 3337 Ipsa
3471 3274 3554 3322 εει
3603 3273 3782 3319 ,ωηατ

504 3359 661 3451 pata?
683 3377 884 3433 Verum
921 3374 1036 3428 haec
1065 3369 1287 3426 historia
1315 3369 1382 3422 ad
1421 3364 1757 3436 spiritualem
1790 3359 2087 3430 intelligen-

505 3473 635 3527 tiam
666 3467 1039 3524 transferatur.
1085 3463 1280 3516 Salices
1327 3467 1452 3515 sunt
1482 3458 1708 3512 arbores
1757 3468 1920 3527 supra
1947 3453 2090 3522 ripas

504 3563 743 3622 ﬂuminis
773 3559 1119 3634 pinguissima
1168 3554 1436 3611 viriditate
1470 3551 1784 3623 gaudentes,
1835 3561 1954 3617 qua:
1985 3544 2092 3600 fre-

504 3667 732 3734 quenter
771 3653 965 3713 excisis
991 3652 1147 3724 palis,
1189 3658 1349 3718 atque
1396 3645 1630 3702 humidae
1660 3653 1816 3700 terrae
1847 3637 2118 3702 recondi-.

507 3755 596 3820 tis,
643 3750 902 3808 altissima
932 3745 1113 3802 radice
1143 3751 1488 3814 merguntur;
1542 3746 1596 3795 et
1642 3734 1854 3792 ﬂuentis
1908 3729 2093 3788 necari

508 3851 798 3917 nequeunt,
829 3837 1072 3913 quamvis
1099 3835 1316 3906 copiosa
1350 3830 1661 3902 irrigatione
1692 3827 1970 3882 satientur.
2000 3822 2092 3878 His

507 3913 882 4006 comparantur
905 3929 1076 3984 sancti
1124 3941 1188 3982 ac
1228 3923 1412 3979 fideles
1455 3920 1724 3983 homines,
1757 3917 1894 3972 sicut
1922 3913 2088 3970 Isaias

508 4029 678 4084 dicit:
726 4023 1001 4079 Exorietur
1031 4029 1277 4089 tanquam
1322 4019 1495 4086 fenum
1545 4013 1595 4064 in
1634 4008 1801 4063 medio
1831 4019 1998 4074 aqum,
2045 4009 2094 4057 et

510 4133 752 4192 tanquam
780 4115 914 4172 salio;
933 4127 1084 4184 super
1109 4111 1415 4180 deﬂuentem
1453 4119 1640 4174 aquam
1662 4099 1818 4170 (Isai.
1850 4112 1992 4164 λων,
2015 4097 2093 4166 4).

512 4190 731 4270 Talibus
780 4221 907 4278 ergo
967 4204 1097 4258 viris
1155 4214 1355 4270 organa
1418 4207 1601 4251 n05tra
1677 4190 2093 4261 suspendimus,

510 4305 724 4376 quando
750 4297 1140 4356 communicata
1163 4293 1331 4364 gratia
1353 4289 1422 4346 de
1451 4289 1854 4356 Scripturarum
1891 4283 2098 4338 divina-

513 4413 630 4455 rum
667 4393 898 4452 lectione
929 4385 1274 4445 conferimus.
1308 4383 1424 4452 Ipsa
1465 4388 1588 4436 sunt
1619 4380 1762 4434 enim
1794 4385 1976 4432 nostra
2009 4391 2098 4430 or-

519 4507 679 4563 gana,
707 4475 852 4558 quae
895 4492 948 4540 et
988 4477 1298 4552 psalmodia:
1343 4475 1568 4547 gratiam
1621 4479 1896 4541 prmstaut,
1938 4478 1992 4525 et
2020 4467 2098 4522 al-

519 4559 670 4638 terna
695 4593 793 4635 nos
823 4573 1112 4632 collatione
1135 4568 1429 4625 lzetilicant.
1463 4562 1527 4617 In
1555 4563 1722 4617 medio
1759 4563 1890 4632 ejus,
1925 4559 2098 4630 Baby-

2193 3372 2454 3439 fidelium,
2476 3369 2648 3439 patria
2675 3366 2934 3429 felicium,
2977 3362 3125 3433 regio
3149 3361 3448 3424 beatorum,
3493 3371 3654 3428 quam
3686 3354 3780 3426 qui

2194 3464 2281 3520 hic
2309 3460 2663 3528 obliviscitur,
2709 3457 2780 3515 ibi
2808 3458 2862 3514 in
2899 3469 3070 3527 regno
3095 3450 3314 3509 Domini
3356 3449 3582 3506 minime
3611 3447 3784 3503 collo-

2193 3567 2363 3616 catur.

2265 3652 2420 3706 νει-ε.
2450 3649 2506 3702 7.
2547 3645 2822 3701 Ait/uerear
2875 3642 3054 3714 lingua
3103 3653 3215 3694 mea
3267 3633 3502 3708 faucibus
3533 3633 3679 3700 meis,
3732 3629 3786 3685 si

2194 3758 2298 3798 non
2324 3741 2596 3796 meminero
2625 3737 2720 3791 tui.

2269 3839 2331 3895 Si
2378 3852 2479 3891 non
2521 3846 2845 3907 prwposnero
2895 3826 3048 3902 [mss.
3077 3827 3165 3892 A3,
3198 3824 3284 3891 Β.,
3313 3822 3403 3889 F.,
3426 3812 3782 3892 proposuero]

2195 3930 2480 3989 Jerusalem
2509 3930 2559 3983 in
2588 3926 2839 3998 principio
2881 3921 3072 3978 laetitiae
3109 3933 3254 3973 mete.
3305 3911 3618 3984 Proponitur
3647 3921 3775 3977 ρω-
3815 3925 3822 3930 ·

2199 4028 2334 4084 nalis
2360 4021 2592 4081 secunda
2617 4019 2877 4083 conditio,
2910 4026 2966 4070 ut
2993 4015 3045 4069 in
3078 4011 3287 4068 Domini
3314 4005 3550 4064 laudibus
3572 4003 3784 4058 obmu-

2199 4127 2388 4185 tescat,
2419 4117 2465 4172 si
2484 4113 2696 4188 .oblitus
2741 4109 2903 4166 fuerit
2952 4104 3274 4168 Jerusalem,
3321 4097 3463 4170 quod
3523 4107 3796 4164 magnum

2200 4213 2394 4269 habent
2421 4207 2701 4281 praemium
2727 4199 3040 4260 Christiani.
3063 4195 3199 4265 Quid
3222 4193 3362 4250 enim
3388 4187 3646 4261 probatur
3662 4197 3802 4240 esse

2199 4277 2438 4362 deterius
2466 4314 2624 4371 quam
2653 4296 2781 4354 illud
2815 4310 2922 4349 non
2952 4305 3112 4364 posse
3139 4288 3306 4358 loqui,
3334 4282 3479 4340 unde
3507 4277 3807 4336 consuevit

2201 4393 2464 4451 medicina
2484 4366 2768 4461 praestari?
2805 4381 3103 4440 Psalmodia
3156 4387 3239 4434 est
3289 4374 3433 4430 enim
3483 4366 3808 4426 consolatio

2201 4485 2460 4549 ﬂentium,
2495 4455 2622 4536 cura
2651 4475 2967 4537 dolentium,
3016 4468 3220 4525 sanitas
3260 4472 3616 4534 aegrotorum.
3674 4455 3808 4512 Hoc

2201 4579 2394 4634 anima:
2434 4573 2756 4634 remedium,
2790 4569 2891 4623 hoc
2935 4564 3267 4620 miseriarum
3299 4556 3542 4612 omnium
3588 4566 3814 4622 cogno-

515 4674 674 4730 lunite
698 4669 934 4727 civitatis
966 4664 1116 4730 dicit,
1165 4676 1271 4717 non
1318 4659 1572 4722 ﬂuminis,
1607 4655 1731 4726 quia
1764 4668 1984 4709 necesse
2012 4659 2095 4708 est
2120 4672 2172 4742 υ
2199 4670 2367 4727 scim.-
2390 4681 2510 4723 εδεε
2537 4661 2847 4733 suffugium.
2880 4657 3012 4712 Nam
3033 4653 3124 4725 qui
3150 4652 3240 4707 tali
3264 4661 3490 4706 munere
3519 4647 3812 4716 privatur,

515 4767 570 4821 in
602 4761 780 4819 medio
819 4756 1004 4814 mundi
1033 4755 1104 4810 sit
1127 4749 1494 4808 sanctissimus
1521 4746 1874 4810 Christianus,
1907 4757 2094 4814 quam-

516 4860 595 4914 vis
618 4857 684 4912 ad
712 4867 939 4924 superna
971 4848 1150 4904 animo
1173 4845 1415 4900 videatur
1437 4855 1557 4896 esse
1587 4838 1896 4894 translatus.

592 4949 746 5004 Vers.
789 4945 842 4998 5.
888 4943 1021 5010 Quia
1054 4939 1164 4994 illic
1207 4938 1640 5005 interrogaverunt
1671 4947 1785 4999 nos,
1824 4929 1912 5001 qui
1937 4926 2099 5000 capti-

518 5058 606 5098 vos
634 5042 885 5094 duxerunt
916 5052 1028 5102 nos,
1069 5031 1216 5086 verba
1246 5027 1559 5082 cantionum.

591 5135 748 5191 Vers.
790 5133 843 5187 4.
885 5131 952 5187 Et
999 5129 1087 5202 qui
1125 5126 1447 5181 abduxerunt
1487 5137 1578 5176 nos
1612 5134 1631 5176 :
1676 5113 1944 5193 Hymnum
1973 5131 2098 5170 can-

522 5238 621 5286 tato
645 5227 786 5284 nobis
817 5227 878 5281 de
899 5223 1108 5279 canticis
1127 5220 1279 5277 Sion.

608 5323 754 5378 t’ers.
797 5321 849 5376 5.
917 5315 1180 5383 Quomodo
1223 5311 1542 5366 cantabimus
1596 5308 1846 5364 canticum
1895 5303 2103 5360 Domini

520 5419 575 5473 in
599 5425 734 5470 terra
757 5409 963 5466 aliena?
990 5407 1207 5462 Addunt
1234 5404 1376 5459 aliud
1407 5403 1616 5474 pondus
1647 5401 1922 5456 doloribus
1963 5397 2096 5462 suis,

525 5517 582 5562 ut
610 5517 779 5574 usque
817 5501 886 5556 ad
929 5499 1032 5554 hoc
1071 5497 1359 5551 ludibrium
1391 5509 1450 5550 se
1481 5493 1787 5563 pervenisse
1827 5489 2100 5554 deﬂeant;

522 5604 789 5670 quatenus
813 5592 909 5648 Dei
952 5590 1189 5646 carmina
1236 5587 1531 5644 reverenda
1582 5587 1856 5642 hominum
1901 5582 2102 5652 passim

525 5694 794 5761 voluptate
822 5687 966 5760 [mss.
995 5687 1083 5752 A.,
1116 5682 1206 5750 Β.,
1249 5682 1344 5750 F.,
1387 5679 1710 5752 voluptates]
1759 5678 2102 5750 profundant,

524 5789 724 5857 fiatque
770 5784 877 5839 illis
920 5780 1216 5837 necessitas
1259 5778 1478 5846 paganis
1525 5778 1728 5842 dicere,
1782 5775 1923 5846 quod
1991 5773 2104 5829 sola

528 5877 682 5954 plebs
725 5874 939 5934 Domini
967 5869 1246 5930 consuevit
1297 5864 1504 5924 audire.
1559 5868 1830 5939 Superbus
1862 5867 2006 5924 enim
2056 5873 2112 5924 et

2207 4761 2274 4818 ab
2296 4760 2442 4816 omni
2469 4755 2729 4813 benelicio
2749 4747 3133 4808 consolationis
3153 4743 3474 4800 excluditur.
3511 4736 3814 4806 Sequitur,

2207 4855 2252 4909 si
2310 4869 2410 4908 non
2459 4860 2782 4921 praeposuere
2834 4840 3122 4897 Jerusalem
3172 4839 3225 4891 in
3280 4832 3536 4907 principio
3603 4829 3820 4884 (critic

2209 4962 2353 5002 ntere.
2405 4944 2542 5000 Sunt
2567 4939 2780 5012 quidem
2827 4933 3082 5007 principia
3124 4929 3412 4986 mundana:
3456 4923 3694 4988 laetitiae,
3753 4931 3821 4977 ut

2211 5051 2372 5092 avaro
2422 5011 2611 5089 aurum
2668 5027 2928 5090 invenire.
2983 5021 3257 5078 luxurioso
3301 5014 3587 5088 pulchram
3641 5011 3824 5068 femi-

2209 5145 2356 5196 nam,
2389 5125 2623 5196 superbo
2649 5119 2980 5194 iactantiam.
3015 5114 3122 5172 Sed
3165 5111 3304 5167 absit
3334 5117 3393 5164 ut
3429 5107 3546 5162 haec
3599 5106 3826 5176 princio

2206 5221 2294 5292 pia
2315 5195 2512 5276 laetitiae
2538 5211 2834 5288 prophetali
2861 5205 3185 5264 conveniant
3207 5198 3516 5265 sanctitati;
3542 5195 3824 5267 quinimo

2205 5289 2445 5368 dicamus
2473 5323 2592 5378 qua:
2624 5307 2844 5361 honesta
2868 5307 3014 5364 sunt,
3049 5295 3144 5352 sed
3175 5303 3354 5350 tamen
3385 5289 3646 5346 Ecclesiae
3682 5303 3832 5344 san-

2204 5411 2308 5462 cta:
2350 5418 2456 5458 non
2494 5399 2724 5456 debeant
2753 5394 3020 5450 ullatenus
3059 5385 3335 5444 anteferri.
3367 5382 3638 5440 Gravibus
3675 5383 3832 5439 viris

2209 5505 2264 5553 et
2285 5507 2492 5551 summa
2516 5505 2576 5546 se
2604 5489 2883 5544 honestate
2904 5478 3277 5544 tractantibus,
3305 5473 3634 5546 principium
3665 5472 3834 5528 lati-

2209 5589 2298 5646 tia:
2323 5596 2409 5644 est
2444 5585 2586 5640 ﬂlius
2617 5590 2794 5646 natus,
2820 5577 2958 5633 sicut
2985 5572 3263 5630 Zacharize
3291 5569 3357 5626 de
3381 5567 3591 5624 Joanne
3619 5569 3832 5623 conti-

2209 5685 2305 5754 git,
2337 5681 2428 5752 qui
2454 5679 2503 5736 ei
2533 5675 2775 5747 angelica
2801 5686 2934 5728 voce
2965 5669 3264 5742 promissus
3293 5672 3376 5720 est
3400 5661 3554 5735 (Luc.
3595 5675 3654 5726 ι,
3701 5664 3836 5730 15).

2215 5775 2307 5828 Est
2333 5773 2494 5828 etiam
2533 5769 2602 5823 de
2647 5766 2780 5833 filio,
2806 5762 2895 5834 qui
2919 5769 3039 5832 post
3070 5769 3314 5829 tempora
3357 5754 3513 5824 longa
3545 5765 3844 5809 reversus

2213 5875 2317 5934 est,
2345 5861 2487 5937 quod
2519 5858 2660 5917 idem
2684 5857 2741 5914 iu
2780 5852 3073 5927 Evangelio
3097 5865 3193 5924 per
3236 5847 3542 5922 parabolam
3590 5841 3842 5904 dictum
