4078 6342
322 406 423 464 977

1206 397 1565 458 EXPOSITIO
1602 397 1666 455 IN
1707 393 2163 456 PSALTERIUM.
2206 394 2401 456 PSAL.
2442 396 2724 457 CXXXVI.

3483 400 3588 460 978

321 520 537 594 legitur,
564 516 780 591 quando
811 515 1118 573 laetissimus
1152 524 1304 587 pater
1332 513 1558 571 vitulum
1604 515 1903 586 saginatum
1932 517 1983 576 Α
2011 529 2175 585 quam
2204 523 2264 569 ut
2296 527 2382 571 res
2414 513 2617 585 fragilis
2640 514 2805 572 tantis
2832 513 3051 573 ausibus
3073 513 3382 585 insolescat,
3413 525 3466 576 et
3495 532 3592 589 per

321 617 376 673 in
403 617 522 686 ejus
549 612 921 670 convivatione
946 610 1194 667 mactavit
1219 609 1371 679 (Luc.
1417 625 1506 674 xv,
1541 610 1630 675 18,
1661 608 1778 680 25).
1808 606 1904 663 Vel

323 706 816 782 postinﬁrmitatem
831 706 1032 759 sanitas
1052 703 1291 771 corporis
1314 701 1578 768 restituta,
1596 710 1652 754 ut
1666 696 1905 756 Ezechiae

320 802 431 873 regi
482 798 708 869 contigit
740 840 755 865 ,
805 797 891 852 cui
956 804 1074 866 post
1103 793 1474 863 aegritudinem
1524 792 1904 847 validissimam

319 892 627 964 quindecim
650 905 916 949 annorum
946 902 1159 958 quoque
1181 886 1355 955 spatia
1382 887 1608 956 legimus
1637 884 1741 956 (IV
1774 885 1902 956 Reg.

321 1003 413 1052 xx,
458 985 515 1054 6)
564 982 840 1038 attributa.
887 980 1188 1035 Verborum
1234 994 1444 1047 quoque
1490 981 1724 1048 ipsorum
1766 976 1906 1033 dicta

323 1076 593 1146 pensanda
624 1082 770 1129 sunt.
801 1073 934 1128 Nam
982 1071 1298 1144 principium
1348 1070 1546 1125 ἓωῑίιὶω
1576 1084 1791 1140 semper
1821 1083 1910 1123 va-

320 1170 509 1235 lidum,
542 1181 756 1235 semper
777 1163 1161 1234 amplissimum
1189 1169 1291 1229 est,
1325 1161 1539 1231 quando
1563 1162 1616 1215 in
1651 1160 1783 1231 ipsis
1809 1158 1910 1214 ini-

320 1264 409 1316 tiis
440 1260 684 1315 voluntas
698 1258 1008 1314 accenditur
1022 1257 1359 1326 gaudiorum,
1388 1255 1513 1310 dum
1536 1254 1716 1310 calore
1737 1255 1907 1309 animi

321 1357 378 1412 itt
411 1356 656 1411 laetitiam
688 1354 949 1425 rapimur,
1003 1369 1161 1422 quam
1195 1354 1283 1408 vix
1322 1354 1605 1423 provenire
1649 1351 1907 1408 credeba-

322 1463 466 1505 mus.
510 1447 700 1502 Omnia
730 1445 994 1516 siquidem
1038 1444 1214 1499 subita
1240 1443 1481 1499 violenta
1509 1450 1653 1510 sunt,
1683 1450 1735 1497 et
1767 1441 1909 1513 quod

322 1541 635 1597 diuturnum
682 1541 734 1595 in
762 1539 864 1594 hoc
890 1539 1091 1594 saeculo
1124 1538 1301 1604 fuerit,
1334 1537 1637 1608 intepescit.
1667 1536 1911 1605 Quaproo

320 1645 440 1706 pter
470 1634 536 1689 ad
566 1633 995 1704 exaggerandum
1037 1631 1160 1688 ﬁdei
1190 1633 1447 1697 calorem,
1491 1630 1756 1701 principio
1777 1631 1913 1686 laeti-

320 1729 409 1783 tia:
438 1729 580 1783 illam
633 1727 764 1782 dicit
812 1725 1075 1796 praeponi,
1130 1740 1289 1796 quam
1338 1725 1496 1780 decet
1541 1738 1700 1793 supra
1732 1723 1911 1778 omnia

319 1824 438 1892 plus
480 1820 670 1877 amari.
734 1819 830 1874 llic
875 1826 1053 1873 tamen
1102 1832 1291 1873 versus
1337 1825 1391 1872 et
1441 1818 1689 1886 superior
1738 1822 1913 1886 potest

2007 611 2468 680 concupiscentias
2501 610 2712 666 illicitas
2744 612 2950 668 sauciet
2968 612 3175 670 animas
3198 615 3422 671 vulnere
3461 630 3591 687 pec-

2007 709 2286 766 catorum?
2316 710 2453 764 sicut
2479 707 2611 764 dicit
2636 707 2953 778 Apostolus:
2985 709 3119 766 Caro
3157 712 3470 782 concupiscit
3506 711 3598 765 ad-

2006 817 2179 856 versus
2208 801 2443 868 spiritum
2469 799 2615 871 (Gal.
2640 815 2695 866 v,
2729 800 2845 871 i7).
2877 801 2983 857 Sed
3007 810 3287 872 postquam
3319 803 3388 859 de
3420 802 3595 872 Baby-

2008 892 2167 948 lonia:
2215 892 2320 946 ﬁlia
2373 891 2546 957 dixit,
2588 891 2943 962 iustissimam
2995 895 3490 963 compensationem
3540 894 3593 950 ei

2009 984 2201 1040 asserit
2232 1000 2351 1040 esse
2379 983 2743 1051 reddendam;
2774 994 2831 1041 ut
2858 984 3001 1040 sicut
3047 1000 3142 1040 nos
3167 986 3378 1041 luxuria
3406 988 3595 1043 conci-

2012 1076 2177 1133 tatad
2206 1078 2362 1144 vitia,
2392 1078 2464 1133 ita
2494 1093 2802 1148 repressam
2834 1079 3056 1150 jejuniis
3094 1088 3252 1149 atque
3294 1081 3598 1137 tribulatio-

2010 1169 2167 1225 nibus
2191 1170 2459 1227 subditam
2505 1170 2772 1227 faciamus
2804 1186 2928 1227 esse
2952 1170 3264 1228 virtutibus.
3298 1173 3598 1228 Reddimus

2010 1263 2153 1320 enim
2177 1263 2252 1318 illi
2275 1264 2486 1334 dignam
2517 1264 2950 1333 retributionem,
2978 1272 3035 1319 ut
3055 1273 3238 1321 coacta
3271 1265 3431 1321 faciat
3454 1267 3598 1336 quod

2012 1356 2070 1409 in
2119 1353 2327 1409 deliciis
2357 1355 2583 1425 implere
2608 1355 2933 1412 dissimulat.
2977 1355 3137 1411 Tales
3167 1356 3311 1411 enim
3365 1357 3596 1412 retribu-

2014 1450 2191 1505 tiones
2216 1450 2363 1505 carni
2395 1450 2623 1505 reddere
2651 1450 2939 1505 beatorum
2967 1459 3070 1519 est,
3099 1459 3159 1507 ut
3187 1466 3308 1521 qua:
3337 1452 3501 1507 traxit
3526 1451 3596 1507 ad

2012 1541 2251 1611 culpam,
2280 1540 2445 1613 566
2490 1540 2761 1612 adjutorio
2791 1542 3002 1598 Domini
3032 1543 3358 1613 perducatur
3386 1542 3453 1598 ad
3480 1542 3602 1615 glo—

2014 1647 2173 1689 nam.

2086 1746 2241 1802 Vers.
2279 1746 2364 1802 Η.
2406 1745 2599 1803 Beatus
2617 1748 2705 1819 qui
2733 1749 2917 1805 tenebit
2937 1756 2986 1805 et
3010 1749 3189 1805 allidet
3214 1751 3457 1819 paruulos
3479 1751 3594 1807 tuos

2013 1840 2083 1893 ad
2106 1849 2319 1911 petram.
2343 1840 2534 1897 Adhuc
2557 1842 2625 1897 ad
2656 1842 2826 1911 ipsam
2854 1843 3090 1913 l0qnitur
3109 1857 3351 1913 carnem,
3377 1843 3590 1899 beatum

322 1916 482 1970 “iam
527 1914 635 1969 illis
664 1912 990 1978 comcnire’
1023 1925 1158 1981 quos
1205 1924 1365 1980 supra
1400 1908 1631 1965 diXimus
1668 1922 1790 1965 ⁸³⁸⁸
1823 1921 1911 1963 (⁵³⁸
1942 1911 1987 1973 Β
2014 1908 2137 1991 esse
2185 1950 2618 1992 commemorans
2659 1908 2749 2009 qui
2779 1908 3089 2009 ﬁlios-ejus,
3126 1938 3178 1993 id
3213 1947 3296 1994 est
3325 1908 3455 1994 vitia
3502 1954 3601 1995 uo-

317 2017 547 2151 puVZi's.
588 2096 640 2150 8.
683 2093 960 2165 Memento,
987 2093 1227 2163 Domine,
1254 2094 1482 2165 ﬁliorum
1514 2092 1701 2162 Edam,
1742 2094 1795 2151 in
1825 2094 1909 2152 die

313 2186 631 2243 Jerusalem.

392 2282 549 2339 Vers.
617 2282 670 2338 9.
754 2281 854 2350 Qui
919 2281 1149 2336 dicunt:
1220 2279 1541 2348 Exinanile,
1598 2280 1901 2352 exinanita,

318 2393 584 2448 quousque
621 2376 688 2430 ad
715 2376 1106 2447 fundamentum
1135 2376 1187 2429 in
1220 2392 1298 2431 ea.
1330 2374 1491 2430 Venit
1512 2374 1589 2428 .ad
1616 2375 1903 2431 secundam

256 2498 275 2513 -
315 2470 615 2524 sectionem
661 2469 889 2539 populus
937 2468 1331 2524 Hebraeorum:
1381 2466 1468 2521 ubi
1510 2480 1808 2524 conversus
1836 2467 1902 2523 ad

316 2559 601 2616 Dominum
641 2561 962 2630 deprecatur
1002 2576 1070 2616 ne
1108 2561 1305 2616 inultos
1334 2557 1616 2614 discedere
1646 2560 1899 2630 patiatur,

314 2655 404 2726 qui
440 2656 727 2711 Ecclesiam
754 2655 847 2710 Dei
871 2656 1167 2711 smvissima
1190 2654 1557 2725 increpatione
1584 2654 1898 2709 dilacerant.

318 2747 508 2819 Edam,
556 2749 644 2804 alii
690 2746 1065 2818 sanguineum,
1098 2748 1188 2803 alii
1232 2755 1509 2803 terrenum
1540 2745 1903 2816 interpretan-

315 2838 442 2895 dum
466 2854 583 2895 esse
612 2848 966 2910 putaverunt;
990 2839 1130 2911 quod
1165 2847 1341 2895 tamen
1378 2846 1661 2908 utrumque
1689 2838 1757 2893 ad
1784 2852 1900 2892 car-

216 2950 219 2955 '
315 2933 459 2990 nalia
486 2934 610 2989 vitia
662 2932 848 2989 referri
879 2948 1037 3005 posse
1085 2949 1194 2989 non
1242 2933 1460 2989 dubium
1506 2940 1610 2988 est.
1638 2932 1729 2987 Isti
1774 2939 1902 2987 sunt

320 3041 451 3096 ergo
493 3027 590 3094 ﬁlii
619 3025 787 3080 Edam
812 3027 901 3096 qui
929 3026 1291 3083 Christianum
1330 3027 1583 3097 populum
1625 3034 1751 3082 sunt
1777 3040 1900 3095 gra-

316 3118 537 3174 vissime
579 3118 875 3189 persecuti,
910 3134 1009 3175 nec
1052 3119 1231 3189 aliqua
1262 3117 1625 3174 satisfactione
1652 3119 1896 3173 conversi

316 3219 464 3265 sunt.
491 3209 597 3265 llos
624 3211 679 3264 in
711 3210 800 3265 illa
823 3210 1250 3281 sequestratione
1288 3210 1551 3266 bonorum
1579 3208 1897 3279 deprecatur

2013 2028 2186 2085 centia
2212 2037 2380 2095 tenet,
2409 2030 2535 2100 quia
2569 2030 2656 2085 illa
2680 2029 2792 2100 jam
2818 2039 3001 2086 tenere
3028 2038 3314 2101 provectus
3336 2038 3438 2086 est.
3464 2029 3599 2086 Nam

2011 2122 2226 2194 quando
2247 2122 2449 2194 aliquid
2476 2133 2743 2191 tenemus,
2776 2124 2879 2180 hoc
2904 2124 2959 2179 in
2988 2131 3255 2194 potestate
3288 2131 3471 2179 nostra
3499 2135 3591 2179 re-

2011 2215 2242 2285 digimus
2263 2256 2278 2277 .
2304 2225 2357 2271 et
2388 2215 2585 2272 desiuit
2614 2216 2728 2271 ﬁeri
2759 2215 2986 2272 liberum
3005 2257 3018 2279 ,
3052 2215 3194 2286 quod
3223 2215 3378 2270 nobis
3414 2230 3597 2285 carpe-

2008 2308 2079 2363 rit
2099 2322 2219 2363 esse
2244 2308 2535 2377 captivum.
2567 2308 2807 2373 Addidit,
2864 2316 2911 2362 et
2938 2307 3117 2361 allidet
3165 2306 3233 2360 ad
3284 2317 3507 2378 petram,
3537 2314 3599 2361 ut

2008 2415 2113 2455 non
2144 2410 2382 2456 moretur
2414 2411 2624 2469 tenens,
2678 2416 2746 2456 ne
2787 2401 3033 2470 voluptas
3084 2400 3278 2455 blanda
3312 2398 3595 2468 subripiat.

2006 2490 2220 2558 Allidet,
2250 2493 2347 2558 ait,
2378 2492 2445 2546 ad
2476 2502 2692 2562 petrant,
2735 2492 2789 2548 in
2820 2492 3104 2548 Dominum
3130 2492 3310 2562 utique
3351 2492 3594 2549 Salvato-

2005 2598 2142 2649 retn,
2172 2583 2240 2639 de
2273 2598 2379 2653 quo
2402 2585 2662 2653 scriptum
2700 2593 2783 2641 est
2812 2602 2825 2640 :
2871 2584 3030 2640 Petra
3074 2594 3242 2639 autem
3289 2591 3401 2638 erat
3433 2584 3593 2638 Chri-

2008 2687 2118 2733 stus
2150 2676 2203 2748 (I
2231 2676 2351 2735 Cor.
2384 2696 2441 2745 χ,
2472 2679 2581 2750 4);“
2605 2688 2664 2735 ut
2706 2680 2888 2741 statim
2929 2679 3203 2736 confracta
3255 2679 3589 2749 dispeream,

2005 2784 2123 2841 quae
2153 2784 2251 2825 nos
2283 2771 2573 2827 teterrimis
2602 2773 2835 2828 motibus
2864 2772 3207 2843 instigabant.
3241 2772 3388 2829 Bene
3408 2779 3590 2829 autem

2004 2862 2395 2917 discutiendum
2430 2873 2512 2918 est
2560 2863 2701 2934 quod
2732 2863 2887 2931 dixit,
2917 2864 3159 2933 parvulos
3210 2873 3355 2931 tuos;
3404 2865 3587 2920 carnis
3646 2888 3657 2897 ~

2003 2953 2211 3009 scilicet
2257 2968 2490 3019 errores,
2540 2954 2630 3025 qui
2678 2955 2873 3010 misera
2923 2962 3093 3011 matre
3146 2964 3460 3011 nascuntur.
3517 2956 3589 3011 Hi

2002 3045 2128 3101 dum
2161 3046 2366 3115 parvuli
2397 3046 2614 3112 fuerint,
2647 3046 2857 3102 facilius
2903 3057 3174 3116 tenentur,
3208 3058 3368 3121 atque
3407 3048 3460 3103 in
3491 3064 3588 3118 pe-

2005 3145 2142 3194 tram
2198 3139 2339 3193 illam
2372 3139 2648 3195 caelestem
2679 3139 2969 3196 efﬁcaciter
3009 3140 3314 3208 eliduntur;
3369 3157 3490 3197 nam
3540 3140 3589 3198 si

1997 3231 2107 3303 jam
2139 3233 2401 3303 cmperint
2441 3232 2607 3287 adulti
2647 3248 2789 3298 esse,
2823 3241 2880 3290 et
2909 3233 3281 3290 robustissima
3316 3243 3473 3289 :etate
3496 3231 3589 3304 ju-

312 3301 368 3358 i“
398 3302 712 3397 memfiam
743 3302 1025 3397 τέάίτθξίυμί
1054 3303 1357 3397 eosdem”
1388 3302 1558 3373 Ροεείῑ
1583 3316 1738 3372 Pam“
1781 3316 1900 3357 sus‘
1926 3320 1970 3383 Ο
2000 3301 2318 3393 venesccre,
2348 3324 2559 3394 gravior
2585 3339 2759 3397 pugna
2788 3341 2911 3381 cum
2949 3327 3028 3382 eis
3059 3326 3318 3391 nascitur,
3366 3341 3466 3383 nec
3498 3301 3592 3381 lfa-

314 3396 513 3465 cipere.
549 3394 663 3449 Hoc
720 3395 862 3449 enim
903 3393 1101 3449 dicitur
1144 3393 1309 3460 (sicut
1356 3408 1501 3464 saepe
1545 3401 1898 3449 memoratum

312 3485 420 3558 est)
448 3484 740 3557 prophetiae
764 3485 978 3552 affectu,
1016 3499 1119 3541 non
1164 3484 1515 3541 maledicendi
1543 3494 1684 3541 voto.
1713 3483 1769 3540 In
1796 3483 1901 3540 illis

316 3580 459 3635 enim
506 3579 675 3649 pietas
719 3590 900 3633 nostra
943 3593 1047 3634 non
1086 3578 1367 3649 quaeritur,
1401 3579 1489 3648 qui
1517 3579 1725 3634 Domini
1756 3577 1903 3634 testi-

315 3670 551 3728 matione
580 3670 867 3726 damnandi
897 3679 1040 3727 sunt.
1063 3669 1307 3736 Addidit,
1334 3669 1436 3738 Qui
1457 3671 1631 3725 dicunt
1657 3686 1677 3725 :
1701 3669 1901 3725 Exina-

315 3766 439 3834 nite,
473 3765 752 3832 exinanita,
798 3782 1055 3836 quousque
1100 3765 1167 3818 ad
1197 3765 1585 3833 fundamentum
1628 3765 1679 3819 in
1708 3782 1789 3821 ea.
1841 3764 1899 3819 ln

316 3855 401 3914 his
423 3848 762 3912 sermonibus
792 3857 1094 3913 addendum
1126 3868 1230 3924 est,
1259 3858 1637 3928 perveniamus
1658 3904 1673 3930 ,
1707 3867 1767 3914 ut
1798 3870 1898 3915 no-

324 3949 407 4005 bis
456 3952 661 4023 integra
714 3951 883 4021 possit
922 3961 1169 4008 constare
1218 3951 1502 4007 sententia.
1553 3953 1682 4019 Quae
1732 3952 1899 4023 ﬁgura

322 4045 460 4118 apud
487 4048 768 4118 magistros
792 4046 1125 4102 saecularium
1144 4046 1647 4104 litterarumdicitur
1673 4048 1894 4118 ellipsis,

318 4141 371 4197 id
402 4151 486 4197 est
532 4142 795 4210 delectus,
826 4141 1039 4213 quando
1066 4143 1229 4197 verba
1260 4157 1326 4198 ex
1379 4142 1635 4199 industria
1672 4156 1900 4214 suspen-

316 4236 513 4305 ditnus,
565 4246 623 4292 ut
672 4236 1036 4307 praetermissa
1090 4236 1498 4293 desiderabilius
1526 4236 1897 4306 exquiruntur.

315 4327 492 4384 Verba
550 4337 677 4383 sunt
723 4343 853 4400 ergo
911 4328 1012 4383 ista
1073 4328 1301 4384 hliorum
1354 4328 1524 4384 Edom
1572 4344 1900 4401 persequen-

317 4425 448 4479 tium
501 4424 758 4494 populum
811 4422 1212 4491 Christianum,
1263 4439 1293 4479 a
1324 4424 1674 4480 similitudine
1730 4434 1899 4482 tracta

314 4516 601 4584 cisternis,
630 4515 772 4571 unde
794 4516 839 4571 si
870 4530 1003 4586 aqua
1033 4516 1220 4572 sedule
1248 4517 1471 4586 tollitur,
1503 4533 1671 4588 usque
1694 4519 1760 4573 ad
1787 4518 1900 4574 fun-

314 4608 625 4664 damentum
652 4610 769 4678 ejus
791 4609 911 4664 sine
940 4607 1106 4663 dubio
1135 4609 1467 4679 pervenitur.
1499 4609 1602 4666 Sed
1634 4612 1760 4683 quid
1787 4611 1894 4667 illis

2003 3414 2107 3471 cile
2136 3430 2165 3468 a
2197 3422 2379 3470 nostra
2410 3414 2721 3471 infirmitate
2746 3427 3093 3486 superantur.
3126 3418 3296 3485 Quam
3343 3432 3457 3473 rem
3486 3431 3588 3474 nos

2002 3515 2057 3563 et
2077 3508 2406 3563 centesimus
2435 3507 2674 3577 psalmus
2705 3508 2982 3565 monuisse
3022 3508 3347 3575 declaratur,
3383 3509 3469 3564 ubi
3501 3508 3589 3565 di-

2002 3607 2147 3655 ctum
2175 3610 2255 3657 est
2286 3617 2300 3654 :
2328 3598 2394 3654 In
2418 3601 2680 3655 matutinis
2704 3600 3068 3670 interﬁciebam
3093 3616 3264 3655 omnes
3294 3610 3590 3674 peccatores

2002 3699 2152 3747 terra!
2175 3691 2347 3763 (Psal.
2372 3707 2433 3760 ο,
2458 3690 2539 3763 8).
2571 3690 2677 3747 Sed
2709 3692 2954 3763 quamvis
2982 3692 3225 3761 psalmus
3251 3692 3352 3747 iste
3374 3693 3586 3749 animos

2001 3795 2218 3842 nostros
2249 3785 2333 3855 pia
2369 3785 2751 3841 lamentatione
2795 3786 3163 3855 permulserit,
3216 3795 3269 3840 et
3314 3786 3367 3840 in
3416 3787 3590 3855 prima

1999 3887 2152 3950 parte
2193 3878 2556 3947 captivitatem
2584 3892 2798 3947 quoque
2842 3885 3081 3932 nostram
3121 3878 3350 3947 mystica
3370 3878 3585 3947 exposi-

2004 3970 2152 4026 tione
2182 3968 2507 4035 narraverit,
2539 3970 2593 4023 in
2626 3970 2880 4038 praesenti
2912 3978 3087 4024 tamen
3114 3982 3271 4024 versu
3303 3969 3585 4025 saevissimi

1999 4072 2160 4134 atque
2189 4061 2535 4119 occultissimi
2566 4060 2680 4116 vitii
2701 4071 2907 4117 secreta
2933 4061 3189 4131 vulgavit,
3228 4071 3282 4114 ut
3307 4070 3360 4117 et
3381 4070 3589 4131 pestem

2000 4156 2273 4231 proderet,
2296 4164 2360 4215 .et
2385 4154 2620 4210 remedia
2668 4168 2776 4208 non
2806 4162 3029 4209 taceret.
3081 4154 3310 4210 Mittitur
3353 4155 3495 4211 enim
3527 4155 3588 4212 in

2000 4256 2231 4304 mentem
2257 4258 2515 4316 nosuam,
2549 4245 2766 4302 diabolo
2798 4246 3107 4317 instigante,
3136 4247 3278 4319 quod
3297 4248 3585 4318 nolumus;

1999 4340 2291 4410 recipimus
2320 4338 2460 4411 quod
2511 4350 2695 4395 nostra
2738 4340 3097 4396 aestimatione
3147 4340 3483 4407 damnamus,
3532 4348 3591 4397 et

2000 4433 2282 4507 tyrannide
2326 4433 2553 4504 quadam
2586 4433 2792 4504 peccati
2828 4450 2856 4487 a
2907 4424 3091 4490 nostra
3131 4434 3405 4491 reddimur
3428 4448 3587 4490 exse-

1999 4528 2238 4585 cratione
2265 4528 2381 4583 sine
2408 4525 2741 4583 dubitatione
2771 4526 2989 4597 captivi.
3021 4525 3127 4583 Sed
3158 4526 3276 4581 istae
3299 4525 3583 4595 cogitatio-

1986 4635 2116 4689 nes,
2135 4620 2260 4676 dum
2288 4628 2414 4676 sunt
2440 4619 2701 4689 parvulae,
2722 4618 3088 4687 percutiantur
3113 4618 3167 4673 in
3188 4625 3420 4686 petram,
3439 4631 3585 4672 com-

312 4699 566 4774 proderat
593 4698 776 4756 saeculi
823 4700 980 4756 istius
1008 4702 1181 4757 lucem
1210 4701 1450 4759 adimere
1480 4703 1697 4773 talibus,
1728 4711 2309 4776 quan-Dmimaptur
2362 4714 2525 4785 (sicut
2574 4712 2775 4767 dictum
2830 4716 2933 4783 est)
2990 4712 3043 4767 in
3091 4709 3323 4781 lapidem
3367 4709 3590 4782 ungulae

310 4793 382 4849 do
414 4793 584 4863 magis
614 4793 667 4848 in
703 4795 820 4864 ipso
851 4794 1200 4851 fundamento
1229 4806 1484 4853 aeternam
1527 4799 1690 4853 vitam
1723 4801 1897 4869 possi-

308 4890 443 4947 dere
494 4888 815 4945 videbantur
872 4889 1079 4946 occisi?
1144 4890 1570 4950 Fundamentum
1627 4893 1895 4963 siquidem

308 4982 552 5038 ﬁdelium
575 4980 820 5039 Christus
848 4991 932 5039 est
982 4983 1263 5052 Dominus,
1312 4985 1403 5055 qui
1445 5000 1553 5041 non
1595 4994 1771 5055 patest
1809 4985 1898 5057 ju-

309 5076 411 5132 stis
441 5074 604 5147 eripi,
637 5075 886 5149 quamvis
915 5086 1107 5131 cuneta
1139 5077 1218 5133 eis
1250 5076 1409 5148 hujus
1438 5077 1623 5132 saeculi
1666 5078 1897 5148 proben-

309 5179 399 5226 tur
429 5168 654 5225 auferri.
705 5169 795 5226 Sic
821 5169 948 5224 dum
978 5179 1354 5240 persecutores
1402 5168 1720 5225 catholicam
1773 5169 1896 5225 reli-

314 5263 528 5336 gionem
556 5263 846 5320 exhaurire
870 5263 1118 5332 cupiunt,
1153 5261 1494 5319 felicissimas
1523 5272 1684 5336 atque
1715 5260 1899 5336 00pio-

310 5368 403 5411 sas
425 5369 654 5411 coronas
683 5354 1011 5426 martyribus
1045 5354 1410 5410 contulerunt.

387 5445 541 5504 Vers.
574 5448 662 5503 10.
705 5445 849 5501 Filia
881 5445 1160 5517 Babylonis
1185 5445 1369 5499 misera
1393 5459 1411 5498 :
1433 5444 1612 5499 beatus
1635 5445 1723 5513 qui
1752 5446 1900 5500 retri-

311 5540 425 5594 buet
451 5538 577 5615 [ms.
608 5537 675 5593 G.
708 5548 763 5595 et
783 5540 895 5609 ed.,
925 5537 1178 5610 retribuit]
1206 5538 1296 5592 tibi
1325 5537 1706 5592 retributionem
1736 5546 1897 5606 tuam,

308 5646 464 5702 quam
493 5629 773 5684 retribuisti
803 5629 966 5685 nobis.
1004 5627 1145 5684 Filia
1172 5627 1454 5700 Babylonis
1480 5627 1618 5683 bene
1645 5641 1769 5681 caro
1801 5643 1899 5683 no-

314 5731 425 5779 stra
457 5722 651 5778 dicitur
672 5763 687 5789 ,
720 5723 843 5794 quia
875 5723 1246 5779 confusionem
1273 5722 1429 5779 nobis
1463 5722 1718 5792 probatur
1748 5721 1891 5792 inge-

313 5830 439 5874 rere
486 5827 852 5888 peccatorum.
905 5817 1039 5873 lluic
1084 5817 1323 5874 additum
1350 5825 1433 5873 est
1461 5817 1737 5889 proprium
1778 5816 1897 5888 epi—

212 5948 220 5956 ·
315 5914 534 5986 theton,
584 5926 643 5975 ut
684 5918 865 5973 misera
909 5917 1195 5978 diceretur.
1249 5917 1387 5989 Quid
1438 5918 1579 5979 enim
1630 5917 1897 5990 miserius,

2000 4822 2138 4873 rem,
2193 4805 2283 4862 ubi
2311 4820 2468 4861 omne
2499 4803 2698 4860 malum
2729 4804 2838 4861 cito
2886 4802 3223 4870 dissolvitur,
3267 4802 3314 4857 si
3365 4800 3422 4857 in
3468 4800 3591 4873 ipso

1968 4975 1983 4995 '
2001 4899 2210 4958 fortiter
2243 4897 2515 4954 allidatur.

2541 5030 2811 5089 Conclusio
2850 5029 3056 5101 psalmi.

2072 5165 2350 5238 Completa
2399 5173 2482 5222 est
2530 5165 2933 5222 lamentantium
2993 5162 3318 5237 psalmorum
3350 5166 3464 5238 ‘pia
3506 5166 3590 5224 nl-

2002 5262 2108 5318 mis
2164 5269 2221 5317 et
2274 5259 2539 5317 laudanda
2588 5260 2826 5316 devotio.
2877 5260 3049 5331 Supra
3079 5256 3224 5316 enim
3265 5260 3321 5317 in
3368 5268 3589 5331 septua-

2003 5356 2208 5428 gesimo
2262 5355 2421 5411 tertio
2477 5363 2531 5410 et
2583 5354 2635 5408 in
2687 5354 3086 5426 septuagesimo
3136 5363 3324 5411 octavo
3370 5354 3592 5425 psalmis

2003 5446 2188 5502 futura
2234 5445 2428 5515 legitur
2480 5441 2775 5501 Jerusalem
2819 5443 3095 5515 deplorata
3137 5444 3455 5516 captivitas;
3507 5444 3595 5500 hic

2006 5551 2188 5597 autem
2234 5538 2421 5595 tertius
2469 5538 2708 5608 ejusdem
2753 5537 2831 5594 rei
2876 5539 3111 5608 psalmus
3148 5547 3271 5605 est,
3314 5545 3374 5593 ut
3405 5550 3590 5592 sacra-

2009 5634 2216 5690 tissimo
2258 5647 2481 5688 numero
2521 5632 2796 5690 Trinitatis
2839 5633 3010 5704 pietas
3038 5633 3398 5690 devotissima:
3438 5645 3589 5687 cum-

2010 5728 2314 5801 pttnctionis
2374 5727 2543 5798 possit
2608 5726 2811 5784 oll'erri.
2887 5728 2981 5783 Est
3052 5728 3266 5800 quidem
3339 5737 3590 5793 magnum

2010 5820 2287 5879 cltaritatis
2360 5834 2529 5892 genus
2561 5862 2578 5889 ,
2664 5821 2807 5892 quod
2870 5821 3126 5892 proximis
3191 5819 3342 5890 jubet
3408 5814 3593 5871 Domi-

2011 5929 2112 5975 nus
2148 5914 2424 5988 exhibcre,
2481 5914 2526 5972 si
2576 5923 2755 5972 tamen
2812 5914 2863 5970 in
2913 5928 2979 5969 eo
3027 5912 3185 5969 modo
3237 5921 3593 5978 mensuraque

3605 4940 3615 4979 ἒ
