4078 6342
487 376 588 432 9ἷ9

1701 375 1773 432 u.
1812 336 2091 432 AURELII
2127 366 2525 424 CASSIODORI

3657 374 3771 430 980

471 492 763 561 plangatur
781 530 796 556 ,
825 499 884 547 ut
910 505 1007 548 nec
1037 497 1446 547 resurrectionis
1487 503 1615 561 spes
1644 489 1808 546 adimi
1834 491 2009 561 possit
2037 527 2052 553 ,
2081 487 2136 548 Δ
2161 483 2417 540 exaudiui
2447 482 2723 556 ma-(Psal.
2743 498 2920 552 cxvu,
2951 484 3074 554 ei).
3139 481 3246 541 Sed
3276 481 3560 540 considera
3596 488 3764 542 meri-

481 600 588 650 ,ncc
637 582 830 652 injuste
881 582 1072 638 fecisse
1109 582 1308 652 aliquid
1358 583 1648 638 Dominum
1701 583 2065 653 suspicemur.

487 675 619 730 Nam
649 674 747 730 etsi
779 668 1070 730 affectuose
1116 674 1302 730 dolore
1349 674 1760 738 succendimur,
1793 675 2069 730 modestire

499 777 674 821 tamen
732 764 1016 819 terminum
1070 765 1332 820 excedere
1365 781 1469 819 non
1519 765 1800 821 debemus.
1857 765 2066 821 llumile

487 858 686 929 quippe
702 872 766 911 ac
795 866 1130 913 mansuetum
1163 858 1320 913 decet
1344 871 1485 924 esse,
1509 856 1647 928 quod
1661 858 1837 914 studio
1858 857 2068 927 pietatis

489 949 729 1006 offertur.
763 949 893 1004 Nam
923 950 1075 1020 cujus
1107 949 1512 1020 temperamenti
1555 951 1664 1005 sint
1690 951 1848 1021 justas
1889 951 2064 1022 lacry-

485 1057 608 1109 nne,
643 1049 867 1098 testatur
898 1042 1153 1098 Dominus
1176 1042 1446 1110 Christus,
1476 1043 1565 1112 qui
1593 1045 1928 1100 considerata
1964 1045 2069 1098 fta-

483 1134 684 1206 gilitate
715 1133 928 1188 humani
957 1135 1191 1206 generis,
1241 1136 1486 1204 quamvis
1528 1145 1675 1192 esset
1715 1135 2068 1192 suscitaturus

483 1226 763 1292 Lazarum,
793 1225 970 1293 flevit;
1015 1236 1070 1282 ut
1113 1228 1285 1283 bonus
1313 1227 1560 1298 Magister
1588 1238 1642 1284 et
1682 1228 1934 1297 pietatem
1971 1230 2069 1284 du-

479 1326 646 1383 ceret,
676 1326 729 1384 et
769 1319 1053 1374 veritatem
1104 1327 1393 1389 assumpta:
1430 1317 1780 1375 humanitatis
1821 1320 2067 1376 ostende

482 1415 566 1463 ret
592 1405 773 1477 (Joan.
805 1424 858 1464 st
873 1451 888 1476 ,
923 1410 1036 1478 55).

945 1539 1255 1598 PSALMUS
1291 1541 1602 1598 CXXXVII.

1107 1635 1223 1706 Ipsi
1255 1635 1444 1691 David.

545 1747 802 1816 Quamvis
829 1749 1197 1818 superioribus
1228 1751 1397 1806 titulis
1440 1751 1736 1808 dixerimus
1781 1751 1952 1808 David
1991 1754 2063 1810 si-

2180 589 2290 633 tum
2322 577 2601 643 orationis,
2654 588 2709 633 ut
2741 579 2918 634 omnia
2949 577 3110 632 verba
3161 592 3257 634 sua
3303 576 3617 646 profiteatur
3668 595 3770 633 au-

2173 666 2320 732 dita;
2355 667 2440 722 illa
2485 667 2622 722 enim
2673 667 3032 723 fueruntvma
3075 666 3366 737 justorunt,
3417 679 3472 722 ut
3515 666 3772 724 Christus

2177 761 2432 816 Dominus
2461 761 2758 828 adveniret,
2792 777 2888 832 per
2909 777 3068 832 quem
3100 775 3192 816 eos
3214 769 3434 816 constat
3460 761 3770 831 augmentis

2172 851 2476 924 ingentibus
2507 853 2832 908 excrevisse.
2875 852 3064 908 Merito
3093 867 3222 922 ergo
3264 852 3429 908 verba
3477 854 3660 924 populi
3695 855 3776 926 ip-

2173 943 2284 1000 sius
2315 947 2497 1000 omnia
2540 945 2834 1015 probantur
2878 944 3080 1008 audita,
3130 959 3223 1014 per
3256 959 3412 1014 quem
3465 947 3645 1000 mundi
3678 964 3768 1002 rc-

2171 1039 2411 1110 demptio
2439 1039 2780 1110 cognoscitur
2830 1040 3135 1109 impetrata.
3182 1037 3418 1104 Addidit,
3463 1048 3510 1094 et
3549 1041 3600 1092 in
3643 1056 3770 1094 cou-

2169 1141 2345 1198 spectu
2383 1131 2679 1202 angelorum
2719 1129 2940 1201 psallam
2988 1129 3096 1185 tibi.
3134 1127 3230 1182 llic
3257 1128 3566 1198 psaltnodia:
3595 1130 3768 1184 virtus

2174 1222 2495 1286 ostenditur,
2529 1221 2688 1294 [‘67
2740 1230 2799 1276 ttt
2841 1222 2931 1290 qui
2980 1237 3113 1292 puro
3143 1220 3306 1276 corde
3353 1224 3492 1276 inter
3517 1222 3767 1280 homines

2170 1315 2369 1382 psallit,
2407 1316 2568 1370 etiam
2616 1330 2824 1369 sursum
2852 1329 2976 1370 cum
3025 1314 3229 1384 angelis
3268 1328 3464 1369 canere
3493 1315 3757 1371 videatur.

2168 1406 2377 1478 Adjecit
2408 1421 2639 1477 quoque,
2673 1407 2726 1461 in
2752 1414 3021 1477 conspectu
3059 1407 3391 1477 angelorum,
3433 1417 3484 1460 ut
3507 1423 3621 1462 eam
3654 1427 3757 1464 an-

2169 1498 2272 1568 geli
2305 1515 2411 1553 non
2458 1500 2632 1553 solum
2681 1499 2892 1563 audire,
2925 1513 3110 1553 verum
3137 1498 3302 1553 etiam
3351 1499 3634 1568 probentur
3665 1502 3754 1554 in-

2169 1589 2408 1645 tendere.
2469 1589 2599 1645 lilud
2649 1589 2793 1644 enim
2827 1588 3054 1644 dicimus
3108 1589 3323 1660 respici,
3382 1590 3522 1660 quod
3578 1598 3764 1658 potest

2165 1682 2374 1738 serenis
2404 1683 2670 1738 mentibus
2702 1681 2919 1738 intueri.
2963 1682 3088 1738 Sive
3139 1681 3266 1736 illud
3301 1692 3512 1754 tempus
3555 1681 3765 1753 signifi-

2166 1781 2272 1840 cat,
2305 1773 2518 1844 quando
2558 1772 2790 1844 populus
2819 1773 3097 1828 beatorum
3142 1781 3261 1842 post
3301 1775 3760 1828 resurrectionem

476 1841 732 1912 gnificare
783 1857 941 1896 manu
995 1843 1186 1898 fortem
1237 1854 1397 1916 atque
1451 1846 1884 1912 desiderabilem,
1917 1847 2057 1915 quod

2171 1881 2286 1921 cum
2327 1865 2640 1923 cmlestibus
2686 1866 2948 1923 creaturis
2985 1865 3172 1923 laudes
3203 1865 3427 1922 Domino
3474 1867 3575 1921 sub
3605 1881 3759 1922 com-

471 1934 706 1990 Domino
735 1934 999 1991 Salvatori
1038 1938 1253 2008 proprie
1282 1941 1573 1996 convenire
1623 1941 1906 2010 probatum
1951 1949 2058 2011 est,

475 2033 654 2082 tamen
702 2027 787 2083 hic
833 2025 1106 2084 Christum
1181 2030 1482 2087 evidentius
1529 2032 1801 2100 indicavit,
1851 2034 2066 2104 quando

477 2121 617 2177 istud
645 2133 940 2192 pronomen
971 2123 1242 2193 apposuit.
1276 2122 1390 2195 Ipsi
1410 2124 1551 2179 enim
1584 2125 1923 2181 reverentius
1944 2139 2067 2194 pro-

477 2213 827 2270 nuntiandum
857 2224 960 2280 est,
990 2216 1139 2284 quasi
1167 2215 1464 2280 Altissimo,
1492 2217 1645 2288 quasi
1673 2215 2064 2287 Omnipotcnti,

475 2307 631 2378 quasi
657 2307 865 2362 casiésti
897 2307 1050 2376 (legi.
1105 2307 1170 2362 Et
1221 2316 1348 2364 tunc
1394 2306 1566 2363 David
1623 2309 1722 2364 iste
1761 2308 2067 2380 iungendus

377 2475 388 2481 _
475 2407 578 2465 est,
609 2397 751 2466 quod
780 2398 1096 2454 vocabulum
1153 2414 1258 2453 non
1303 2414 1369 2455 ex
1422 2400 1622 2456 deitste
1665 2400 1917 2465 sumitur,
1973 2401 2065 2456 sed

477 2505 573 2562 per
600 2501 891 2562 assumpta;
940 2494 1118 2547 carnis
1172 2491 1435 2562 originem
1475 2491 1663 2547 venire
1713 2499 2064 2546 monstratur.

476 2584 596 2653 Ipse
626 2592 804 2640 tamen
837 2583 1070 2640 Verbum
1114 2584 1475 2651 incarnatum,
1506 2599 1646 2640 unus
1673 2592 1757 2638 est
1808 2583 2066 2638 Dominus

475 2675 747 2744 Christus,
796 2677 863 2731 ad
904 2691 1065 2747 quem
1107 2677 1298 2748 psalmi
1343 2679 1497 2735 istius
1541 2679 1771 2734 refertur
1814 2678 2065 2735 universa

475 2765 766 2824 confessio.

1063 2879 1255 2936 Divisio
1287 2881 1492 2952 psalmi.

550 2991 656 3049 Per
699 2999 872 3048 totum
915 2987 1130 3063 quidem
1174 2994 1437 3069 psalmum
1494 2993 1723 3065 populus
1772 2991 2066 3051 catholicus

475 3078 731 3154 loquitur,
766 3084 854 3156 qui
881 3093 963 3141 est
987 3084 1241 3141 collectus
1259 3085 1326 3142 de
1349 3088 1604 3142 universo
1625 3086 1756 3141 orbe
1777 3094 2064 3140 terrarum.

477 3163 659 3232 Prima
685 3177 991 3234 narratione
1011 3173 1272 3234 beneficia
1299 3171 1511 3234 Domini
1538 3179 1636 3233 sibi
1667 3175 1922 3232 attributa
1954 3177 2066 3232 col-

2171 1961 2426 2016 munione
2451 1961 2709 2017 cantabit.

2238 2052 2393 2108 Vers.
2433 2052 2489 2106 2.
2536 2052 2772 2107 Adorabo
2810 2051 2879 2106 ad
2925 2051 3170 2122 templum
3211 2061 3443 2107 sanctum
3489 2060 3653 2119 tuum,
3697 2060 3752 2105 et

2173 2147 2450 2213 conﬁtebor
2478 2146 2671 2200 nomini
2703 2155 2808 2200 tuo.

2241 2237 2400 2295 Vers.
2449 2239 2504 2295 5.
2550 2238 2722 2305 Super
2769 2237 3169 2293 misericordiam
3223 2248 3361 2293 tuam
3405 2247 3457 2294 et
3500 2239 3757 2294 ueritatem

2171 2339 2327 2399 fuant,
2357 2333 2601 2402 quoniam
2629 2332 2970 2404 magniﬁcas'i
2997 2348 3149 2401 super
3182 2349 3272 2386 nos
3310 2349 3490 2386 nomen
3521 2343 3757 2388 sanctum

2171 2431 2334 2478 tuum.
2368 2423 2648 2493 Templum
2693 2432 2933 2479 sanctum
2959 2433 3042 2480 est
3073 2425 3278 2479 Domini
3316 2424 3486 2480 beata:
3515 2426 3764 2480 incarna-

2170 2514 2331 2570 tionis
2378 2516 2660 2582 adventus,
2691 2531 2850 2586 quem
2898 2517 3058 2572 etiam
3106 2531 3247 2570 nunc
3289 2517 3526 2586 quotidie
3575 2517 3765 2571 adurat

2172 2603 2572 2671 Ecclesia,dum
2595 2621 2791 2676 corpus
2812 2616 2866 2662 et
2887 2607 3198 2678 sanguinem
3222 2607 3386 2677 ipsius
3405 2608 3544 2662 inter
3569 2609 3766 2662 summi

2171 2699 2410 2771 mysterii
2440 2711 2770 2755 sacramenta
2799 2709 3109 2756 veneratur.
3135 2699 3240 2755 Sed
3264 2701 3502 2756 adoratio
3530 2702 3618 2755 illa
3647 2717 3770 2770 per-

2171 2791 2305 2846 fecta
2326 2800 2426 2860 est,
2453 2807 2610 2862 quam
2638 2792 2904 2848 confessio
2927 2793 3076 2848 beata
3103 2794 3419 2858 comitatur;
3444 2793 3575 2847 dicit
3594 2794 3767 2860 enim,

2171 2882 2345 2953 Super
2385 2885 2786 2938 misericordiam
2831 2893 2877 2938 el
2930 2887 3188 2939 veritatem
3232 2885 3458 2939 Domino
3497 2885 3770 2940 confiten—

2170 2976 2317 3031 dum.
2351 2976 2708 3031 Misericordia
2752 2985 2853 3042 est,
2883 2977 3022 3048 quod
3063 2978 3182 3033 sine
3211 2977 3528 3048 cujusquam
3559 2978 3770 3034 meritis

2169 3070 2235 3125 ad
2265 3069 2597 3126 liberandum
2627 3085 2724 3125 nos
2753 3070 2934 3125 venire
2960 3069 3206 3140 dignatus
3234 3079 3337 3126 est.
3375 3069 3606 3135 Veritas,
3638 3071 3769 3140 quia

2172 3161 2548 3232 prophetarum
2589 3176 2808 3217 suorum
2855 3162 3116 3232 promissa
3142 3163 3452 3233 complevit.
3485 3160 3591 3216 ista
3623 3165 3769 3218 enim

478 3263 679 3337 laudat,
713 3271 987 3340 postulans
1036 3271 1089 3326 in
1121 3272 1309 3326 futuris
1342 3272 1676 3342 patientiam,
1729 3279 1794 3324 ut
1835 3269 2060 3323 adversa
2095 3269 2139 3333 C
2169 3252 2260 3324 fl“i
2291 3268 2425 3322 Ρυτο
2456 3253 2620 3310 corde
2645 3254 2951 3320 οοηίίιείυΐν
2981 3267 3170 3310 revera
3201 3255 3458 3324 templum
3487 3255 3605 3324 eius
3639 3255 3772 3310 “('0'

483 3361 669 3418 mundi
715 3363 833 3433 ejus
877 3365 1046 3434 possit
1093 3379 1317 3420 munere
1361 3364 1651 3419 sustinere.
1698 3362 1942 3418 Secunda
1974 3362 2068 3418 dc-

481 3467 732 3532 precatur
755 3469 812 3515 ttt
833 3475 990 3532 reges
1017 3469 1174 3515 terrae.
1201 3461 1484 3515 Dominum
1511 3459 1868 3515 confiteantur
1889 3457 2066 3513 excel-

481 3567 626 3620 sum,
659 3553 914 3626 qttoniam
959 3553 1012 3609 in
1041 3553 1289 3609 omnibus
1326 3553 1620 3625 majestatis
1662 3569 1773 3609 sua:
1812 3552 2064 3608 miracula

481 3645 731 3718 dignatur
755 3647 1078 3704 ostendere:
1110 3663 1271 3704 orans
1302 3664 1368 3703 ne
1414 3655 1726 3718 peccatores
1768 3661 2061 3704 conversos

485 3738 768 3812 despiciat,
799 3755 936 3814 quos
965 3755 1153 3798 creare
1188 3740 1438 3812 dignatus
1467 3747 1573 3797 est.

1012 3879 1284 3948 Expositio
1313 3878 1520 3949 psalmi.

547 3991 702 4050 Vers.
737 3993 790 4048 1.
831 3991 1124 4065 Conﬁtebor
1143 3995 1255 4064 tibi,
1285 3993 1520 4061 Domine,
1551 3996 1604 4050 in
1627 4005 1729 4051 toto
1758 3996 1912 4052 corde
1932 4011 2063 4063 meo,

475 4088 718 4158 quoniam
739 4089 996 4144 exaudisli
1027 4091 1199 4144 omnia
1226 4088 1378 4144 verba
1407 4092 1510 4145 oris
1542 4090 1674 4157 inci;
1701 4099 1747 4145 et
1777 4091 1831 4145 in
1852 4106 2067 4160 conspe-

477 4189 562 4236 ctu
595 4183 897 4254 angelorum
938 4182 1157 4253 psallam
1201 4182 1311 4238 tibi.
1355 4183 1524 4252 Quam
1552 4184 1729 4239 valida
1755 4192 1915 4253 atque
1949 4184 2067 4254 ple,

476 4273 696 4332 nissima
733 4275 805 4330 slt
842 4273 943 4331 ista
991 4277 1282 4345 confessio,
1325 4279 1489 4334 totius
1525 4277 1704 4334 cordis
1746 4279 2067 4335 adunatione

475 4371 830 4423 monstratur.
877 4367 1006 4423 Nam
1059 4384 1180 4424 cum
1221 4369 1439 4435 dicitur,
1490 4371 1543 4426 in
1590 4381 1694 4425 toto
1738 4372 1890 4426 corde
1933 4388 2064 4440 meo,

475 4459 620 4515 nulla
649 4473 775 4531 pars
799 4469 1056 4530 occupata
1086 4461 1140 4516 in
1173 4462 1358 4517 saeculi
1399 4461 1558 4532 hujus
1585 4463 1878 4520 ambitione
1907 4464 2068 4519 relin-

477 4553 680 4624 quitur,
712 4551 808 4608 sed
840 4554 1152 4609 universum
1193 4561 1248 4608 et
1276 4553 1505 4610 solidum
1533 4553 1806 4610 Creatoris
1835 4562 2062 4622 tantum,

2171 3363 2320 3403 rasse
2349 3349 2712 3418 cognoscitur.
2755 3347 2996 3414 Addidit,
3037 3347 3273 3418 quoniam
3305 3349 3650 3420 magniﬁcasti
3679 3366 3768 3402 stt-

2173 3456 2263 3510 pcr
2292 3456 2385 3494 nos
2415 3456 2598 3494 nomen
2619 3452 2853 3495 sanctum
2875 3449 3036 3506 tuum,
3062 3449 3118 3494 ut
3147 3439 3526 3495 ostenderetur
3557 3440 3646 3495 hic
3669 3455 3768 3510 po-

2171 3534 2325 3606 pulus
2354 3543 2408 3588 et
2434 3533 2500 3588 de
2531 3532 2798 3589 universis
2826 3533 3008 3588 mundi
3045 3532 3280 3602 partibus
3310 3547 3434 3588 esse
3463 3533 3756 3606 collectup;

2168 3640 2291 3680 cum
2323 3626 2567 3695 superius
2595 3625 2936 3696 singulariter
2966 3626 3126 3682 fuerit
3151 3626 3385 3691 locutus,
3413 3641 3558 3683 nunc
3581 3628 3763 3697 plura-

2169 3719 2292 3775 liter
2321 3720 2518 3789 posuit,
2546 3735 2699 3786 super
2724 3737 2836 3784 nos,
2860 3720 2979 3789 quia
3012 3721 3152 3778 sicut
3181 3721 3421 3778 omnium
3454 3736 3765 3778 sanctorum

2168 3829 2272 3869 una
2300 3829 2401 3870 vox
2435 3822 2536 3881 est,
2571 3813 2641 3869 ita
2673 3824 2725 3869 et
2773 3814 2943 3872 ﬁdelis
2991 3815 3170 3886 populi
3218 3823 3344 3870 sunt
3373 3814 3534 3870 verba
3563 3815 3764 3869 multo-

2165 3920 2304 3960 rum.
2340 3906 2470 3960 Nam
2517 3914 2572 3960 et
2620 3904 2840 3963 inferius
2881 3909 3073 3963 iterum
3111 3906 3342 3964 redeunt
3372 3907 3434 3960 ad
3464 3921 3747 3961 numerum

2167 4000 2519 4072 singularem,
2552 4000 2695 4071 quod
2726 4002 2778 4056 in
2808 4000 3132 4056 dcclarando
3174 4000 3425 4072 mysterio
3470 3999 3752 4068 pluraliter

2170 4096 2401 4163 positum
2443 4094 2703 4150 debemus
2741 4096 3043 4150 advertere.
3090 4092 3480 4164 Magni/iratum
3518 4101 3591 4146 est
3627 4092 3774 4145 enim

2166 4203 2320 4258 super
2361 4204 2450 4241 nos
2498 4204 2680 4242 nomen
2724 4188 2956 4255 Domini,
2985 4203 3109 4242 cum
3149 4186 3303 4242 nobis
3338 4186 3562 4241 cultura:
3592 4185 3774 4255 ipsius

2167 4279 2338 4333 virtus
2370 4279 2621 4334 innotuit.
2652 4278 2844 4335 Omnia
2874 4279 3015 4334 enim
3041 4277 3236 4332 szeeula
3263 4277 3531 4347 designat,
3566 4292 3691 4330 cum
3718 4285 3780 4330 et

2168 4369 2222 4423 in
2253 4370 2454 4426 sanctis
2481 4369 2728 4426 Patribus
2757 4371 2956 4426 nostris
2989 4386 3184 4425 nomen
3215 4371 3332 4440 ejus
3365 4371 3775 4438 magnificatum

2167 4469 2280 4528 est;
2309 4473 2362 4519 et
2390 4464 2620 4518 maxime
2655 4463 2980 4533 temporibus
3003 4461 3344 4524 Christianis,
3371 4461 3590 4530 quando
3623 4460 3780 4514 frons

2169 4562 2350 4610 nostra
2391 4556 2528 4611 sacri
2565 4552 2870 4610 chrismatis
2914 4555 3169 4610 unctione
3215 4553 3418 4624 signata
3451 4563 3558 4608 est.
3597 4552 3663 4606 Et
3691 4553 3781 4606 in-

477 4645 538 4701 ut
562 4643 782 4715 dignum
835 4653 938 4710 est,
994 4643 1242 4700 laudibus
1294 4644 1613 4716 applicatur.
1670 4643 1772 4700 Cor
1801 4645 2064 4717 significat
2089 4650 2138 4716 (ζ
2169 4646 2328 4702 tende
2354 4646 2478 4718 quia
2507 4645 2642 4703 duos
2670 4663 2856 4703 versus
2897 4645 3054 4702 simul
3096 4648 3371 4716 posuimus
3411 4660 3510 4714 pro
3539 4655 3781 4700 contex-

475 4741 671 4796 mentis
697 4747 973 4807 arcanam,
994 4738 1134 4795 unde
1161 4739 1304 4794 taciti
1327 4737 1619 4794 clamamus
1649 4739 1714 4795 ad
1750 4740 2056 4807 Dominum,

475 4839 528 4888 et
555 4841 745 4903 preces
797 4839 995 4888 nostra:
1044 4832 1212 4886 multo
1243 4831 1514 4887 efficacius
1545 4831 1832 4888 audiuntur
1853 4875 1868 4899 ,
1901 4843 2058 4903 quam

474 4925 520 4979 si
551 4925 758 4995 magnis
793 4911 1135 4981 clamoribus.
1169 4939 1538 4995 personemus.
1591 4923 1719 4980 Sive
1764 4925 1906 4980 enim
1957 4939 2057 4980 vox

473 5030 655 5070 aerem
681 5018 950 5085 verberet,
997 5016 1124 5073 inde
1167 5015 1493 5072 catttaudum
1542 5024 1656 5079 est;
1710 5016 1828 5071 sive
1880 5015 2060 5085 lingua

476 5115 669 5174 taceat,
699 5107 824 5184 inde
857 5109 1196 5167 clamandum
1221 5116 1326 5164 est.
1357 5107 1488 5162 illud
1529 5108 1672 5163 enim
1704 5107 1935 5162 libenter
1964 5123 2060 5164 au-

473 5189 554 5254 dll
582 5197 857 5264 Dominus,
889 5199 1030 5271 quod
1056 5200 1122 5255 ad
1162 5213 1313 5255 suam
1344 5197 1632 5268 imaginem
1679 5209 1732 5253 et
1766 5195 2071 5252 similitudi-

472 5299 600 5344 nem
649 5285 707 5343 in
737 5288 888 5343 nobis
936 5287 1280 5358 cognoscitur
1311 5294 1586 5358 (speratus.
1619 5287 1893 5358 Sequitur,
1928 5287 2069 5353 Quo-

472 5377 617 5434 niam
644 5375 898 5434 exaudisli
924 5379 1093 5433 omnia
1119 5380 1265 5433 verba
1283 5381 1384 5433 oris
1406 5380 1525 5435 mei.
1559 5378 1639 5434 Ad
1675 5379 2062 5434 ostendendam

473 5467 686 5528 Domini
718 5473 972 5542 pietatem
1012 5471 1312 5529 Psalmista:
1347 5489 1476 5528 usus
1515 5481 1619 5538 e31,
1662 5474 1808 5544 prius
1852 5482 2068 5528 sanctos

473 5564 622 5620 viros
649 5563 866 5620 auditos
895 5561 1094 5631 dicere,
1141 5574 1195 5622 et
1235 5579 1332 5622 eos
1366 5573 1546 5636 postea
1579 5559 1758 5620 divina
1793 5565 2061 5636 prmcnnia

476 5671 792 5728 personare.
839 5655 991 5727 Quod
1020 5657 1180 5713 etiam
1236 5673 1377 5716 nunc
1429 5659 1569 5714 fideli
1622 5661 1818 5729 populo
1860 5657 2064 5729 judicat

476 5747 851 5820 applicandum
876 5795 892 5818 ,
941 5749 1077 5807 sicut
1105 5761 1159 5808 et
1189 5754 1242 5808 in
1274 5753 1568 5809 centesimo
1595 5751 1807 5808 decimo
1834 5751 2064 5820 septimo

479 5841 684 5911 psalmo
706 5843 907 5904 dictum
937 5853 1016 5902 est
1046 5863 1058 5904 :
1089 5845 1378 5916 Conﬁtebor
1409 5848 1524 5915 tibi,
1561 5843 1795 5911 Domine,
1821 5847 2062 5916 quoniam

2169 4740 2314 4795 tione
2361 4739 2668 4806 verborum,
2703 4749 2760 4794 ut
2797 4755 2900 4795 una
2941 4737 3236 4809 complexio
3271 4737 3580 4792 contineret
3637 4753 3783 4808 quos

2173 4847 2308 4886 unus
2335 4845 2524 4888 sensus
2554 4831 2918 4900 amplectitur.
2975 4871 2983 4878 .

2240 4923 2396 4980 Vers.
2436 4923 2489 4978 4.
2534 4919 2599 4976 In
2647 4939 2947 4995 quacunque
2993 4923 3076 4977 die
3123 4923 3417 4976 invocarem
3465 4921 3530 4984 t'e,
3579 4921 3786 4975 exaudi

2169 5036 2248 5073 me
2273 5035 2290 5074 :
2318 5017 2685 5088 multiplicabis
2715 5017 2767 5072 in
2799 5018 3028 5072 animam
3057 5031 3219 5073 meam
3249 5016 3487 5070 virtutem
3522 5015 3782 5068 multam.

2172 5109 2294 5165 Dies
2326 5109 2411 5164 hic
2448 5107 2781 5180 significatur
2813 5107 2984 5164 lucida
3015 5110 3334 5178 sinceraque
3365 5107 3577 5177 petitio,
3612 5124 3786 5175 quam

2167 5217 2274 5257 non
2323 5203 2586 5272 cupiditas
2627 5202 2868 5268 nubilat,
2903 5218 3007 5257 non
3043 5203 3261 5256 avaritia
3301 5197 3406 5255 ulla
3448 5197 3787 5264 confundit;

2163 5291 2257 5350 scd
2287 5293 2354 5348 de
2381 5292 2472 5347 illo
2502 5293 2627 5349 Sole
2656 5294 2846 5359 rudial,
2887 5293 2978 5364 qui
3006 5307 3192 5348 omnes
3229 5292 3484 5360 caligines
3516 5293 3784 5346 mortali-

2164 5387 2290 5442 tatis
2321 5386 2569 5440 emendat
2595 5385 2722 5458 [ed.,
2753 5383 3052 5456 emundat].
3085 5385 3140 5440 lu
3171 5379 3363 5439 talibus
3393 5398 3520 5453 ergo
3548 5382 3790 5452 petitio-

2167 5477 2323 5532 nibus
2361 5477 2584 5532 devolus
2629 5491 2688 5532 se
2725 5477 2951 5547 populus
2994 5485 3241 5546 precatur
3269 5471 3467 5541 audiri,
3498 5477 3791 5544 qnatcnus

2167 5569 2362 5624 Virtute
2411 5567 2620 5624 Domini
2667 5568 3002 5639 completus,
3061 5576 3465 5638 persecuturum
3528 5563 3790 5621 evadere

2170 5669 2444 5718 mercatur
2473 5661 2710 5718 insidias.
2746 5661 2874 5716 Nam
2904 5663 2946 5716 si
2973 5661 3036 5716 ad
3070 5661 3300 5716 litteram
3333 5659 3463 5714 velis
3490 5660 3792 5728 accipere,

2171 5755 2407 5825 nunquid
2442 5755 2595 5810 nobis
2620 5765 2859 5824 tempore
2887 5754 3058 5810 noctis
3082 5751 3339 5807 orandum
3373 5767 3478 5806 non
3510 5761 3618 5816 est,
3653 5768 3794 5806 mn-

2171 5847 2315 5900 xitne
2359 5861 2476 5900 cum
2509 5851 2633 5902 tunc
2662 5841 2942 5900 diabolicis
2982 5841 3254 5900 fraudibus
3283 5841 3645 5912 itupetanturf
3693 5843 3798 5899 Fi«
