4078 6342
294 406 390 466 931

1174 396 1531 456 EXPOSITIO
1568 396 1634 454 ΙΝ
1673 397 2127 456 PSALTERIUM.
2170 396 2359 455 PSAL.
2401 395 2710 455 CXXXVII.

295 523 399 578 deli
431 528 609 577 autem
637 516 943 574 Christiano
971 518 1186 585 semper
1217 523 1300 571 ρει
1326 515 1464 580 dies,
1494 527 1612 570 cum
1646 515 1881 586 splendi-
1906 517 1959 580 Α
1984 512 2116 569 dicit
2162 512 2350 569 beatus
2398 512 2628 582 populus
2670 509 3042 568 tribulationes
3073 523 3200 567 suas
3228 510 3440 568 Domini
3471 515 3584 568 vir-

295 616 377 671 dis
421 628 484 668 ac
517 611 685 669 claris
728 608 1205 680 supplicationibus
1247 606 1524 664 contendit
1555 607 1750 662 audiri.
1781 607 1888 663 Sed

292 722 411 763 cum
450 705 581 762 dicit
614 721 626 758 :
660 700 1034 774 Multiplicabis
1081 702 1135 756 in
1174 700 1402 756 animam
1439 716 1606 756 nteant
1648 700 1885 756 virtutem

292 804 528 867 multam,
560 810 841 870 passurum
872 811 931 851 se
959 795 1196 852 ostendit
1221 796 1524 863 innumera,
1554 804 1742 851 contra
1764 808 1885 868 qute

291 903 399 952 tam
430 892 742 964 multiplicia
769 891 1056 962 postulavit
1082 890 1301 946 auxilia.

362 988 520 1043 Vers.
553 985 607 1042 5.
633 981 986 1053 Con/iteantur
1008 982 1121 1047 tibi,
1154 980 1391 1047 Domine,
1423 996 1596 1036 omnes
1618 995 1760 1053 reges
1786 988 1884 1035 τεν·

287 1096 384 1147 ναξ,
413 1079 653 1149 quoniam
682 1077 953 1130 audierunt
981 1075 1153 1129 omnia
1189 1075 1341 1129 verba
1374 1074 1482 1131 oris
1508 1076 1605 1130 tui.
1634 1074 1790 1130 Venit
1816 1074 1884 1129 ad

288 1175 578 1231 secundam
613 1179 843 1239 partem,
873 1171 926 1223 in
955 1184 1060 1238 qua
1088 1169 1409 1237 deprecatur
1434 1167 1659 1239 populus
1683 1166 1879 1223 beato-

286 1283 407 1325 rum
439 1275 498 1322 ut
529 1278 684 1335 reges
716 1272 976 1318 terrarum
1017 1262 1069 1316 in
1112 1261 1413 1317 humilitate
1445 1262 1672 1316 Domino
1710 1258 1883 1316 conli-

291 1366 523 1427 teantur,
553 1357 805 1428 quoniam
836 1354 909 1411 Illi
934 1354 1111 1411 omnis
1131 1354 1379 1424 superbia
1404 1353 1659 1424 probatur
1686 1368 1876 1409 exosa.

289 1452 454 1523 [leges
484 1459 632 1505 terra:
662 1454 787 1502 sunt
812 1448 899 1517 qui
929 1446 1245 1516 corporibus
1274 1446 1387 1499 suis
1417 1444 1717 1499 Divinitatis
1754 1459 1875 1499 mu-

288 1561 415 1600 nere
442 1543 806 1598 dominantur.
840 1539 972 1595 Nam
1003 1539 1093 1595 ille
1122 1555 1212 1594 rex
1247 1553 1374 1595 vere
1402 1554 1512 1594 non
1546 1538 1762 1604 dicitur,
1789 1538 1879 1605 qui

284 1636 429 1690 vitiis
458 1635 664 1689 servire
696 1638 1047 1689 monstratur.
1078 1629 1230 1699 Quod
1259 1645 1387 1686 vero
1424 1629 1646 1696 addidit,
1680 1644 1876 1697 omnes,

287 1726 598 1799 Specialiter
641 1727 924 1796 religiosos
965 1740 1028 1780 ac
1072 1725 1379 1779 moderatos
1421 1726 1568 1778 viros
1612 1723 1874 1793 designat,

285 1824 496 1894 quando
527 1822 724 1877 multos
754 1834 904 1890 reges
936 1820 1175 1889 gentium
1208 1818 1453 1873 videmus
1493 1825 1587 1872 aut
1625 1818 1766 1872 vitiis
1802 1816 1879 1870 fc-

1994 619 2109 667 tute
2138 610 2489 680 superaudas,
2522 608 2758 664 ostendit
2796 608 2850 663 in
2879 609 2984 665 hoc
3019 610 3220 665 saeculo
3250 609 3440 665 ﬁdeles
3466 610 3587 682 ejus

1992 703 2176 760 multis
2224 703 2466 759 cladibus
2514 704 2704 773 premi,
2752 704 2929 759 sciens
2975 718 3164 758 aurum
3211 702 3425 774 ignibus
3464 718 3586 759 esse

1990 797 2349 871 purgandum,
2380 799 2660 869 praemium
2700 796 2861 851 militi
2902 804 3023 866 post
3062 796 3277 853 labores
3319 780 3585 851 maximos

1989 890 2127 958 dari,
2153 891 2324 962 ipsam
2353 905 2566 961 quoque
2595 889 2757 946 fidem
2789 889 3070 959 praemisso
3095 888 3393 945 certamine
3419 900 3580 945 coro-

1997 984 2251 1041 nandam.
2286 985 2418 1040 Nam
2446 984 2492 1040 si
2522 984 2585 1039 ad
2618 994 2827 1055 tempus
2852 992 3259 1053 persecutorem
3284 985 3584 1055 suspenda-

1989 1084 2077 1132 tttr
2114 1077 2393 1147 iniquitas,
2426 1076 2703 1132 diabolicis
2734 1084 2914 1131 tamen
2952 1075 3155 1147 jugiter
3200 1077 3585 1133 tentatiouibus

1987 1170 2331 1240 subjaretur;
2356 1168 2528 1239 eoque
2552 1168 2610 1223 fit
2640 1175 2695 1223 ut
2719 1167 3057 1223 Christianus
3080 1168 3183 1237 vir,
3208 1168 3333 1224 dum
3359 1169 3584 1240 patriam

1986 1261 2216 1317 futuram
2251 1261 2542 1330 desiderat,
2571 1259 2639 1315 ad
2680 1260 2877 1331 gaudia
2917 1260 3077 1315 dilata
3106 1261 3360 1330 suSpiret.
3400 1262 3587 1315 Yivili.

1985 1365 2141 1411 catur
2176 1367 2306 1424 ergo
2350 1354 2756 1425 populus,'dum
2796 1354 2853 1408 in
2887 1353 3084 1409 talibus
3126 1352 3287 1410 fuerit
3319 1357 3584 1424 angustiis

1985 1448 2335 1504 constitutus.
2387 1444 2679 1516 Vioi/icabis
2719 1446 2889 1513 enim,
2919 1446 3212 1502 lmtilieabis
3235 1446 3399 1502 debet
3426 1448 3585 1501 intel-

1984 1542 2095 1613 ligi,
2126 1540 2292 1614 468
2321 1539 2462 1611 quod
2505 1549 2589 1596 est
2627 1540 2956 1596 contrarium
2992 1541 3265 1596 tribulanti
3296 1556 3313 1594 :
3342 1542 3463 1611 quia
3498 1556 3585 1596 rc-

1983 1650 2114 1691 vera
2164 1636 2254 1690 ille
2300 1634 2453 1690 vivus
2502 1632 2861 1699 benedicitur,
2908 1633 2996 1702 qui
3040 1643 3123 1689 est
3170 1634 3357 1689 aeterni
3404 1634 3582 1703 gandi

1987 1727 2260 1783 hilaritate
2281 1726 2655 1796 complendus.
2686 1724 2958 1795 Sequitur,
2987 1733 3036 1779 et
3072 1739 3227 1794 super
3254 1726 3385 1777 iram
3408 1725 3582 1778 inimi-

1985 1836 2160 1877 corum
2188 1836 2415 1876 meortmt
2444 1819 2718 1874 extendisti
2747 1835 2953 1874 manum
2983 1827 3150 1885 tuam,
3180 1826 3228 1871 et
3269 1817 3467 1872 salvum
3505 1833 3583 1870 me

286 1917 486 1973 ralibns
513 1915 689 1982 subdi,
720 1921 815 1968 aut
841 1927 1002 1984 prava
1040 1911 1299 1982 religione
1327 1910 1606 1966 maculari.
1633 1910 1869 1978 Addidit,
1903 1916 1953 1978 Β
1982 1917 2102 1987 fecit
2131 1915 2340 1970 dextera
2374 1924 2485 1970 tua.
2522 1914 2598 1969 De
2633 1912 3069 1984 persecutoribus
3098 1912 3245 1980 dicit,
3279 1913 3369 1983 qui
3396 1926 3584 1983 quam-

283 2012 525 2081 quom’am
571 2007 844 2062 audierunt
892 2005 1063 2060 omnia
1109 2006 1259 2060 verba
1307 2006 1412 2060 oris
1459 2006 1553 2059 tui.
1603 2004 1742 2061 Dicit
1789 2004 1879 2075 qui

282 2114 438 2172 reges
484 2099 712 2154 debeant
760 2097 985 2152 Domino
1033 2097 1302 2162 confiteri,
1346 2096 1553 2152 scilicet
1602 2096 1690 2166 qui
1734 2094 1882 2149 verba

284 2194 407 2264 ejus
436 2193 618 2247 audire
646 2196 977 2246 meruerunt.
1011 2188 1206 2244 Audire
1234 2191 1375 2245 enim
1406 2190 1472 2243 ad
1503 2188 1621 2243 illos
1650 2187 1882 2257 pertinet

284 2288 378 2359 qui
424 2286 737 2341 obedienles
778 2298 897 2339 esse
940 2292 1239 2338 noscuntur
1277 2299 1292 2339 :
1328 2282 1579 2352 quoniam
1622 2281 1743 2335 illos
1787 2296 1881 2335 au-

283 2378 454 2435 diisse
482 2392 588 2433 non
618 2376 862 2443 dicimus,
893 2390 1029 2447 quos
1058 2383 1400 2429 contumaces
1427 2372 1596 2427 sacris
1623 2371 1880 2440 iussioni-

282 2470 386 2526 bus
416 2470 797 2541 approbamus.
845 2469 908 2522 fit
946 2466 1229 2522 considera
1268 2467 1390 2537 quia
1433 2479 1494 2520 se
1535 2479 1640 2519 non
1670 2463 1877 2519 videtur

281 2563 401 2619 sine
430 2578 624 2633 magno
654 2562 795 2616 malo
819 2576 849 2615 a
873 2559 1157 2615 devotione
1184 2558 1506 2622 subducere,
1534 2557 1625 2628 qui
1651 2556 1877 2627 gloriam

282 2658 455 2728 potuit
489 2657 605 2727 ejus
634 2653 1035 2726 praedicationis
1060 2652 1266 2708 audire.
1302 2651 1604 2718 lntelligant
1633 2664 1760 2720 ergo
1785 2650 1878 2705 Ju-

281 2750 383 2806 daei
412 2759 613 2817 quanto
640 2758 789 2804 reatu
822 2754 1099 2802 teneantur
1125 2744 1364 2810 obnoxii,
1395 2743 1550 2813 cujus
1580 2744 1741 2796 verba
1768 2757 1877 2798 non

281 2854 462 2899 mente
492 2857 708 2912 capere,
737 2839 829 2896 sed
862 2848 1066 2894 tantum
1093 2838 1311 2893 auribus
1336 2838 1521 2891 audire
1544 2837 1871 2892 maluerunt.

355 2938 508 2993 Vers.
546 2937 599 2992 6.
640 2935 705 2989 El
742 2943 945 2989 cantent
995 2935 1045 2987 in
1092 2933 1305 2986 canticis
1348 2929 1588 2995 Domino,
1631 2932 1877 3001 quoniam

283 3047 473 3102 magna
519 3039 593 3083 est
638 3028 806 3099 gloria
848 3024 1075 3080 Domini.
1110 3023 1329 3080 Cantica
1364 3023 1573 3077 Domini
1604 3032 1727 3077 sunt
1754 3038 1874 3093 qua:

283 3121 528 3193 superius
569 3120 725 3189 dixit,
772 3117 1140 3174 misericordia
1169 3125 1222 3172 et
1252 3116 1475 3183 veritas,
1503 3116 1636 3171 sicut
1664 3125 1720 3170 et
1748 3114 1875 3169 alibi

282 3214 357 3269 ait
390 3232 402 3266 :
439 3213 700 3269 Universa:
724 3212 815 3266 rice
850 3209 1056 3264 Domini
1083 3208 1438 3263 misericordia
1466 3215 1514 3261 et
1542 3207 1729 3261 veritas
1754 3205 1873 3281 (Ps.

1987 2008 2068 2063 vis
2106 2007 2226 2063 irati
2267 2005 2434 2062 multa
2471 2005 2667 2060 faciant
2713 2005 2910 2075 populo
2951 2003 3119 2071 fideli,
3149 2004 3242 2060 sed
3284 2003 3443 2074 longe
3470 2018 3582 2059 ma-

1981 2100 2100 2170 jora
2129 2102 2416 2172 recipiunt,
2449 2100 2628 2156 divina
2670 2099 3006 2156 relribuente
3034 2098 3262 2167 justitia.
3290 2096 3422 2153 Nam
3449 2105 3505 2153 et
3533 2098 3585 2153 In

1985 2197 2230 2252 conversi
2270 2197 2486 2267 gravius
2532 2210 2690 2266 quam
2739 2195 3193 2250 coutristaverant
3235 2193 3581 2262 afﬂiguntur,

1983 2295 2038 2343 et
2068 2286 2328 2357 incipiunt
2355 2301 2414 2342 se
2438 2286 2581 2357 juste
2610 2286 2876 2355 persequi,
2907 2285 2998 2355 qui
3029 2284 3174 2355 prius
3205 2284 3581 2339 innocentibus

1983 2392 2211 2449 parcere
2257 2378 2546 2434 noluerunt
2578 2396 2591 2433 :
2624 2379 2714 2448 qui
2768 2387 2945 2433 tamen
2993 2393 3054 2432 se
3098 2377 3417 2446 profitentur
3461 2391 3585 2432 esse

1983 2471 2293 2537 salvandos,
2324 2470 2540 2541 quando
2583 2471 2727 2526 inter
2768 2483 2955 2540 poenas
2985 2458 3405 2538 persecutorem’
3420 2482 3581 2537 supee

1982 2563 2086 2619 rari
2121 2564 2264 2618 nulla
2289 2562 2670 2619 contrarietate
2712 2570 3021 2632 potuerunt.
3053 2560 3278 2616 Dextera
3306 2576 3436 2616 vero
3465 2562 3579 2614 vir-

1982 2663 2068 2710 tus
2103 2655 2439 2726 significatur
2480 2656 2596 2725 ipse
2634 2654 2888 2709 Dominus
2933 2653 3197 2718 Christus,
3232 2653 3322 2723 qui
3364 2660 3437 2707 est
3484 2651 3582 2707 Dci

1980 2749 2139 2803 virtus
2166 2758 2213 2803 et
2245 2747 2341 2804 Dei
2370 2752 2624 2820 sapientia
2656 2748 2710 2820 (Ι
2745 2748 2863 2803 Cor.
2897 2764 2933 2815 ι,
2958 2747 3075 2819 24).

2062 2841 2216 2897 Vers.
2249 2842 2304 2897 9.
2337 2841 2576 2907 Domine,
2622 2842 2867 2897 relrilmes
2899 2856 2994 2910 pro
3023 2856 3132 2907 me;
3161 2839 3404 2907 Domine,
3435 2839 3585 2894 mise-

1979 2935 2207 2990 ricordia
2236 2944 2323 2989 tua
2362 2936 2414 2989 in
2453 2944 2703 2989 aeternum
2739 2952 2758 2990 :
2798 2951 2955 3004 Opera
2995 2950 3241 2988 manuum
3281 2945 3487 2988 tuarum
3518 2950 3581 2989 ue

1980 3027 2251 3099 despicias.
2288 3027 2532 3083 Perfecta
2573 3027 2732 3082 nimis
2771 3036 2822 3083 et
2865 3028 3077 3098 qualem
3112 3026 3340 3082 fundere
3386 3041 3575 3081 mone-

1981 3135 2100 3175 mur
2124 3121 2297 3175 oratio
2323 3130 2427 3189 est,
2457 3135 2674 3176 causam
2710 3124 2860 3176 suam
2908 3120 3135 3176 Domino
3169 3119 3577 3187 commendare,

1982 3216 2070 3286 qui
2101 3216 2249 3270 novit
2278 3216 2565 3285 unicuique
2591 3215 2751 3284 digna
2779 3213 3097 3284 rependere.
3124 3211 3233 3269 Sed
3258 3221 3316 3267 ut
3346 3212 3446 3268 lto'c
3470 3227 3578 3267 nou

246 3307 571 3379 "xxiv,10).
606 3307 718 3377 Ipsa
761 3319 891 3375 ergo
935 3303 1140 3358 cantica
1184 3315 1339 3372 rcges
1387 3299 1632 3371 praecipit
1658 3309 1880 3356 cantare

1990 3310 2244 3365 iracunde
2294 3310 2527 3375 dictum,
2576 3308 2719 3379 quod
2770 3306 3134 3378 deprecationi
3189 3306 3402 3362 videtur
3458 3319 3583 3362 esse

282 3418 568 3472 corporum
594 3414 837 3464 suorum,
868 3396 957 3467 qui
981 3409 1205 3466 pompas
1230 3394 1414 3450 saeculi
1447 3401 1786 3465 respuentes,
1809 3392 1876 3447 ad

281 3493 709 3553 misericordiam
741 3487 956 3545 Domini
982 3497 1093 3543 toto
1121 3501 1178 3541 se
1209 3486 1477 3543 desiderio
1509 3487 1874 3541 contulerunt.

282 3588 588 3660 Subjungit,
620 3586 863 3655 quoniam
890 3598 1079 3655 magna
1119 3592 1191 3636 est
1228 3582 1393 3653 gloria
1431 3580 1660 3635 Domini.
1693 3580 1876 3636 Gloria

282 3683 480 3755 quippe
510 3680 717 3735 Domini
747 3688 846 3740 cst,
881 3686 938 3731 ut
965 3676 1218 3731 st-culum
1251 3686 1591 3744 respuentes,
1615 3673 1733 3743 ejus
1756 3674 1875 3728 lau-

282 3776 378 3830 des
417 3781 637 3829 cant=re
682 3785 788 3826 non
828 3767 1094 3833 desinant,
1127 3767 1216 3837 qui
1259 3765 1419 3835 primi
1464 3765 1694 3819 hominis
1733 3764 1876 3819 invia

284 3867 620 3929 deserentes,
653 3862 718 3916 ad
751 3860 1013 3916 salutares
1044 3871 1104 3913 sc
1133 3859 1343 3927 regulas
1374 3856 1782 3912 transtulerunt.

356 3959 510 4016 Vers.
541 3959 594 4011 7.
629 3955 881 4024 Quoniam
907 3952 1138 4007 excelsus
1176 3951 1446 4016 Dominus,
1480 3958 1526 4005 et
1558 3950 1771 4003 humilia
1798 3965 1879 4003 re-

284 4054 457 4127 spicit,
479 4061 527 4106 et
553 4052 658 4105 alta
686 4067 717 4103 a
747 4048 898 4120 longe
933 4046 1214 4121 cognoscit.
1258 4044 1567 4115 Superioris
1596 4043 1723 4099 dicti
1751 4058 1878 4100 eura

284 4158 468 4205 secuta
498 4154 599 4202 est.
628 4143 764 4200 Dicit
786 4144 953 4207 enim,
982 4156 1102 4195 cum
1133 4139 1205 4194 sit
1233 4138 1483 4193 Dominus
1509 4136 1761 4200 excelsus,
1786 4138 1880 4191 Itu-

285 4243 431 4298 milia
474 4240 681 4309 respicit
714 4255 732 4293 :
766 4253 834 4293 ne
864 4236 982 4308 quis
1020 4234 1385 4306 subjectorum
1423 4242 1635 4305 putaret
1678 4248 1779 4289 non
1819 4250 1879 4290 se

284 4336 352 4391 ab
404 4334 619 4391 excelso
668 4331 895 4388 Domino
947 4328 1182 4398 respici,
1236 4342 1357 4384 cum
1413 4343 1473 4385 se
1526 4336 1878 4397 cognosceret

287 4443 479 4499 magna
507 4426 794 4482 devotione
822 4421 1109 4493 prosterni.
1135 4421 1250 4476 Non
1278 4429 1362 4477 est
1388 4423 1530 4477 enim
1559 4420 1749 4477 similis
1780 4420 1880 4475 ltu-

286 4536 462 4578 manze
492 4517 787 4575 conditioni
824 4516 1003 4571 divina
1039 4516 1296 4584 potentia.
1329 4514 1429 4571 llic
1465 4513 1758 4585 despicitur
1783 4514 1882 4569 litt-

286 4614 527 4672 miliatus
578 4618 894 4680 prostratus,
926 4607 1179 4678 quoniam
1208 4606 1382 4675 spatio
1410 4606 1570 4675 longo
1601 4605 1878 4673 dividitur,

1983 3402 2335 3469 contrarium,
2379 3402 2646 3472 potuisses
2692 3400 2959 3468 accipere,
3005 3397 3264 3469 sequitur,
3293 3397 3584 3451 misericor-

1984 3495 2073 3550 dia
2105 3503 2193 3549 tua
2219 3494 2274 3548 in
2304 3503 2573 3561 aeternum,
2606 3505 2768 3563 quam
2800 3490 2966 3546 facias
2998 3497 3050 3545 et
3079 3490 3185 3544 illis
3212 3488 3301 3558 qui
3329 3501 3428 3544 nos
3459 3500 3581 3556 per-

1984 3594 2285 3657 sequuntur
2330 3586 2666 3651 immaniter;
2704 3591 2761 3638 ut
2800 3582 2940 3639 sicut
2969 3597 3069 3638 nos
3110 3596 3206 3651 pro
3238 3589 3328 3636 tuo
3364 3579 3582 3636 nomine

1982 3681 2233 3737 videntur
2260 3681 2517 3751 afﬂigere,
2542 3681 2612 3736 ita
2642 3689 2697 3737 et
2724 3679 2801 3734 illi
2829 3679 3183 3735 confessionis
3206 3692 3430 3732 munere
3456 3691 3581 3731 cru-

1982 3774 2112 3830 ciari
2138 3774 2370 3830 debeant
2400 3774 2466 3829 ad
2504 3773 2753 3828 salutem.
2794 3771 3079 3843 Recipiunt
3107 3771 3249 3825 enim
3284 3770 3573 3841 proficuam

1983 3882 2219 3938 ptenam,
2266 3865 2480 3936 quando
2529 3874 2583 3920 et
2636 3866 2736 3935 ipsi
2788 3874 3004 3935 propter
3051 3865 3214 3918 vitam
3258 3864 3571 3933 torquentur

1984 3971 2270 4025 maternam;
2301 3967 2578 4029 totumque
2608 3958 2712 4014 illis
2739 3958 2825 4013 hic
2848 3955 3269 4012 misericorditer
3299 3955 3574 4021 tribuitur,

1984 4053 2177 4127 quibus
2206 4055 2321 4110 haec
2347 4051 2706 4109 confessionis
2738 4052 3004 4107 medicina
3047 4059 3352 4119 praestatur.
3387 4047 3580 4120 Sequi-

1987 4159 2093 4215 tur,
2145 4164 2299 4219 Opera
2353 4162 2594 4201 manuum
2633 4155 2839 4202 tuarum
2879 4162 2941 4199 ne
2980 4144 3252 4216 despicias.
3298 4142 3581 4214 Expressit

1986 4241 2338 4308 voluntatem,
2382 4255 2499 4309 qute
2538 4239 2783 4310 superius
2830 4237 3113 4295 videbatur
3141 4250 3262 4294 esse
3294 4248 3576 4308 suspensa.

1986 4335 2153 4404 llogat
2183 4333 2298 4406 pius
2328 4332 2553 4404 populus
2575 4347 2672 4404 pro
2703 4331 2935 4388 inimicis
2958 4333 3090 4401 suis,
3115 4347 3251 4403 quos
3278 4331 3376 4387 sibi
3408 4326 3578 4387 nove.

1986 4436 2069 4481 rat
2104 4423 2503 4496 aggregaudos;
2536 4424 2623 4496 qui
2655 4424 2781 4482 licet
2820 4439 2918 4481 suo
2946 4424 3076 4479 vitio
3115 4423 3262 4493 pravi
3297 4410 3579 4479 videamur

1986 4520 2185 4588 ell‘ccti,
2216 4529 2392 4576 tamen
2427 4534 2519 4575 eos
2550 4519 2728 4577 divina
2757 4532 3066 4591 operaesse
3091 4533 3195 4572 non
3226 4516 3445 4572 dubium
3473 4527 3579 4572 est.

1985 4611 2118 4667 Nam
2148 4628 2269 4668 cum
2300 4610 2431 4683 petit
2462 4620 2517 4666 ut
2540 4611 2591 4665 in
2614 4610 2691 4667 eis
2716 4625 2864 4665 suam
2895 4624 3111 4679 operam
3142 4606 3417 4677 respiciat,
3446 4604 3577 4663 eto-

291 4707 519 4762 Domino
546 4713 723 4759 autem
753 4700 978 4756 vicinior
1010 4698 1239 4754 efficitur
1267 4697 1476 4770 magnis
1501 4698 1704 4754 nisibus
1726 4686 2068 4762 incli-Drat
2116 4714 2173 4761 ut
2225 4707 2509 4761 miseratus
2566 4704 2860 4772 indulgeat.
2912 4701 3087 4771 Ipsius
3134 4700 3277 4756 enim
3322 4699 3373 4754 in
3425 4694 3578 4755 nobis

287 4806 469 4853 Italus.
517 4794 582 4850 Et
630 4803 688 4848 ttt
739 4794 876 4846 hanc
918 4789 1275 4846 humilitatem
1321 4790 1377 4845 in
1424 4798 1715 4860 conspectu
1764 4789 1879 4859 ejus

287 4892 580 4963 pretiosam
606 4901 727 4943 esse
761 4885 1012 4952 sentires,
1042 4885 1303 4954 sequitur,
1330 4891 1377 4939 et
1419 4882 1530 4938 alta
1557 4901 1589 4938 a
1618 4884 1766 4955 longe
1793 4900 1881 4938 co-

288 4983 505 5055 gnoscil.
552 4979 671 5033 Alta
718 4982 947 5048 superba
999 4976 1286 5047 signiﬁcat,
1324 4990 1445 5045 quae
1483 4975 1602 5030 ideo
1648 4991 1678 5031 a
1725 4976 1880 5046 longe

289 5073 588 5143 cognoscit,
616 5070 867 5142 quoniam
891 5069 1009 5137 ejus
1029 5069 1218 5138 gratia:
1244 5067 1464 5123 minime
1487 5069 1876 5137 proximantur.

228 5242 231 5243 γ
294 5168 359 5220 Et
394 5178 447 5219 ut
481 5173 709 5219 terreret
751 5163 1033 5233 superbos,
1080 5162 1276 5231 posuit,
1310 5162 1588 5233 cognoscit,
1634 5177 1702 5219 ne
1730 5173 1882 5234 puta-

293 5268 416 5315 rent
444 5261 723 5316 dementes
762 5260 1085 5331 incognitum
1128 5272 1250 5314 esse
1295 5258 1407 5313 Deo
1445 5260 1587 5327 quod
1634 5260 1884 5331 malignis

292 5353 708 5423 cogitationibus
735 5362 1046 5422 operantur.
1091 5351 1244 5418 Quod
1273 5358 1650 5422 argumentum
1687 5353 1885 5409 dicitur
1930 5346 1933 5347 7

296 5460 360 5501 es
389 5447 658 5502 contrario
689 5446 1047 5517 pulcherrima
1076 5444 1385 5500 diversitate
1411 5445 1722 5502 collectum.
1748 5446 1883 5503 Pro-

296 5539 572 5595 ximantur
597 5540 740 5597 enim
772 5539 849 5596 illi
881 5539 1131 5606 humiles,
1164 5547 1217 5596 et
1245 5538 1379 5594 fiunt
1420 5539 1637 5609 superbi
1668 5542 1886 5597 omnino

298 5630 598 5702 longinqui.

373 5724 530 5781 Vers.
560 5727 613 5781 8.
642 5725 703 5782 Si
737 5727 1061 5783 ambulavero
1087 5727 1141 5781 in
1171 5726 1340 5781 medio
1369 5724 1733 5787 tribulationis,
1764 5726 1889 5779 vivi-

301 5815 475 5885 ficabis
499 5831 610 5882 me;
634 5826 681 5871 et
709 5834 857 5887 super
878 5820 1008 5874 iram
1029 5819 1354 5873 inimicorum
1376 5834 1598 5872 meorum
1620 5819 1889 5872 extendiin

302 5923 512 5967 manum
557 5920 721 5979 tuam,
766 5921 812 5968 et
854 5915 1048 5971 salvum
1089 5928 1170 5969 me
1206 5913 1324 5983 fecit
1362 5914 1572 5970 dextera
1610 5921 1717 5972 tua.
1753 5914 1886 5974 Cum

1988 4814 2151 4867 Opera
2195 4797 2329 4853 bona
2368 4803 2470 4862 est,
2503 4796 2596 4852 sed
2644 4802 2827 4851 nostra
2876 4795 3012 4849 iacta
3054 4793 3272 4849 omnino
3321 4806 3579 4862 perversa

1938 4880 1939 4883 “
1990 4901 2133 4946 sunt.
2166 4890 2499 4961 Quapropter
2528 4892 2814 4945 miseretur
2843 4894 2967 4942 cum
2995 4901 3145 4942 suam
3180 4878 3400 4954 respicit
3426 4878 3577 4939 crea-

1990 4986 2198 5053 turam;
2232 4985 2449 5039 damnat
2477 4992 2655 5040 autem
2686 4998 2806 5040 cum
2840 4988 3051 5037 nostras
3087 4994 3276 5052 operas
3317 4977 3575 5035 intuetur.

1952 5152 1967 5159 _
1989 5076 2234 5133 Breviter
2264 5092 2391 5147 ergo
2419 5087 2682 5146 cauteque
2708 5083 2915 5132 oratum
2943 5078 3047 5140 est,
3070 5070 3213 5142 quod
3238 5076 3292 5127 et
3318 5070 3573 5141 pietatem

1990 5170 2329 5241 deprecantis
2368 5168 2699 5239 ostenderet,
2750 5177 2805 5225 et
2850 5167 2971 5225 illos
3020 5164 3412 5223 convertendos
3456 5172 3578 5223 ease

1991 5272 2332 5319 monstraret.

2530 5353 2800 5411 Conclusio
2838 5352 3053 5426 psalmi.

2062 5426 2409 5503 intendamus
2431 5444 2570 5517 quali
2598 5460 2695 5501 nos
2718 5445 3099 5515 praedicatione
3116 5444 3343 5515 populus
3358 5450 3577 5501 sanctus

1990 5538 2263 5603 imbuerit,
2294 5526 2492 5609 quanto
2534 5538 2790 5593 instinctu
2834 5538 3043 5607 pictatis
3072 5538 3322 5592 oraverit.
3356 5535 3493 5592 Nam
3518 5540 3578 5593 ut

1990 5648 2203 5688 omnem
2247 5641 2429 5688 contra
2475 5631 2721 5687 inimicos
2776 5631 2947 5688 zelum
3000 5632 3179 5686 cordis
3232 5630 3574 5694 excluderet,

1988 5725 2137 5795 ipsos
2171 5725 2376 5795 rogavit
2415 5724 2516 5781 sibi
2546 5724 2661 5781 fieri
2686 5726 2880 5792 socios,
2910 5736 3045 5794 (tuos
3073 5724 3267 5780 habere
3297 5720 3579 5776 videbatur

1990 5821 2263 5876 adversos.
2310 5820 2609 5892 Sequumur
2646 5821 2968 5878 sententiam
3008 5821 3171 5890 piam,
3204 5830 3444 5872 amemus
3480 5829 3578 5885 po-

1995 5916 2097 5970 tius
2128 5914 2445 5987 aflligentcs.
2475 5916 2590 5973 Non
2622 5915 2878 5974 debemus
2907 5914 3154 5971 inimicos
3184 5910 3451 5967 a-stitnare
3483 5907 3572 5980 qui

3484 401 3592 455 98?.

3608 5232 3667 5281 ξ’

3593 5302 3626 5352 ’ς
