4078 6342
528 403 633 462 985

1741 403 1812 461 Μ.
1853 397 2130 460 AURELII
2172 395 2564 451 CASSIODOIH

3695 407 3806 466 9.91

533 529 791 592 prosunt;
821 536 942 577 nam
975 521 1016 578 si
1045 517 1197 592 sequo
1224 522 1401 576 animo
1429 524 1784 592 perferantur,
1813 519 2118 589 frequenter
2143 515 2193 576 Δ
2222 524 2370 588 parte
2394 530 2494 588 qua
2526 531 2712 575 servus
2744 525 2845 576 est.
2878 515 3120 574 Probarit
3153 527 3358 588 autem,
3389 520 3440 576 id
3467 529 3549 578 est
3579 523 3814 578 manife—

535 615 694 671 nobis
743 615 869 671 talia
913 614 1214 683 conferunt,
1245 615 1421 684 qualia
1461 613 1754 669 dulcissimi
1789 612 1945 667 amici
1978 625 2117 680 ιιι-ξε·
2220 620 2359 666 stam
2383 609 2506 666 fecit
2533 611 2696 684 469
2724 611 3072 668 humilitatem
3101 613 3574 684 ipsius,quandoa
3596 616 3809 672 Joanne

536 718 682 764 stare
708 721 815 762 non
843 714 1083 776 possunt.
1112 706 1202 762 Isti
1228 709 1370 762 enim
1401 723 1543 778 saepe
1569 723 1666 763 nos
1691 722 1718 761 a
1747 708 1948 762 virtute
1969 705 2120 760 blan-

2221 702 2482 774 baptisari
2514 705 2701 772 voluit,
2744 706 2831 773 qui
2872 715 3087 776 peccata
3131 722 3238 760 non
3279 707 3483 762 habuit.
3517 707 3633 763 Non
3663 711 3811 765 enim

534 798 733 856 diendo
757 798 1060 865 deducunt;
1093 799 1170 854 illi
1204 813 1331 855 vero
1374 800 1427 853 in
1466 799 1650 854 eadem
1682 797 1964 870 alﬁigendo
1991 812 2124 853 con-
2223 803 2476 866 peccator
2510 796 2628 863 luit,
2659 795 2755 852 sed
2788 809 3003 866 peccata
3045 798 3222 868 potius
3266 799 3501 854 curanda
3547 803 3811 872 suscepit,

536 895 784 951 stituunt.
821 895 1160 966 Quapropter
1186 911 1304 951 ama
1334 894 1667 966 patientiam,
1697 903 1752 951 et
1778 893 1893 966 plus
1919 891 2126 952 invenis
2224 888 2363 944 sicut
2387 889 2646 962 propheta
2673 889 2806 944 dicit
2832 908 2843 943 :
2873 889 3092 945 Peccata
3117 893 3338 962 suscepit
3367 901 3564 960 nostra,
3588 904 3635 949 et
3663 895 3819 963 inﬁr-

538 988 594 1044 in
624 987 846 1046 inimico
870 988 1023 1073 quod
1041 988 1251 1060 diligas.

986 1125 1300 1184 PSALMUS
1339 1125 1672 1184 CXXXVIII.

969 1237 1036 1294 In
1061 1240 1236 1310 ﬁnem,
1268 1239 1498 1313 psalmus
1527 1239 1716 1296 David.

615 1351 744 1408 Post
773 1359 853 1409 tot
879 1353 1118 1424 psalmos
1161 1355 1301 1410 istud
1328 1355 1397 1410 In
1425 1357 1582 1426 ﬁnem
1611 1356 1892 1424 repetitur,
1925 1360 1985 1410 ut
2012 1368 2129 1411 me-

543 1444 650 1501 rito
672 1447 863 1503 iterum
890 1449 1083 1516 exponi
1103 1447 1302 1512 debere
1327 1449 1588 1506 videatur.
1619 1449 1864 1505 Proxima
1887 1456 1968 1504 est
1987 1449 2130 1504 enim

544 1538 798 1596 oblivioni
845 1549 1113 1609 protracta
1165 1541 1545 1612 longinquitas.
1595 1541 1660 1596 In
1706 1543 1859 1609 ﬁnem
1900 1540 2133 1596 diximus

544 1630 830 1701 dupliciter
870 1632 996 1689 dici.
1056 1633 1152 1689 Est
1199 1651 1336 1690 unus
1379 1635 1480 1692 iste
1527 1635 1769 1692 mortalis
1809 1649 2032 1691 occasus
2069 1649 2133 1690 ac

499 1757 502 1760 ~
547 1725 813 1780 terminus
843 1724 1141 1797 aliquarum
1181 1743 1384 1795 rerum,
1429 1729 1520 1798 qui
1555 1729 1802 1784 humanae
1841 1725 2134 1784 conditioni

547 1820 853 1876 simillimus
905 1822 1082 1890 spatio
1133 1831 1354 1892 peracto
1401 1823 1758 1878 concluditur.
1812 1817 1963 1877 Alter
2009 1834 2134 1876 vero

2226 982 2424 1038 milates
2449 993 2648 1038 nostras
2683 983 2903 1054 portavit
2935 981 3087 1054 (Isai.
3128 999 3240 1048 utt,
3269 985 3351 1054 4).
3387 982 3634 1055 Cognovit
3666 1002 3817 1052 eum,

2227 1076 2283 1132 id
2324 1086 2409 1133 cst
2453 1077 2706 1146 ostendit,
2751 1075 2966 1147 quando
3007 1074 3187 1131 dixit:
3220 1075 3324 1132 Hic
3352 1086 3428 1132 est
3468 1075 3640 1134 Filius
3673 1096 3822 1135 meus

2230 1171 2462 1234 dilectus,
2488 1172 2540 1226 in
2571 1187 2670 1242 quo
2699 1153 2827 1226 mihi
2855 1170 3142 1242 complacui
3167 1186 3185 1226 :
3207 1170 3378 1241 ipsum
3404 1171 3578 1227 audite
3596 1171 3819 1243 (Matth.

2230 1277 2361 1330 xvn,
2389 1261 2480 1332 5),
2505 1245 2707 1318 scilicet
2729 1261 2995 1317 dicentem
3027 1279 3039 1315 :
3066 1260 3178 1332 Ego
3199 1273 3245 1317 et
3272 1260 3432 1317 Pater
3455 1280 3610 1318 unum
3639 1281 3824 1319 suntm

2231 1351 2389 1407 Joan.
2423 1369 2478 1418 ι,
2509 1351 2622 1424 50).
2658 1352 2753 1407 Est
2777 1359 2831 1408 et
2859 1351 2962 1406 alia
2994 1351 3278 1408 verborum
3311 1352 3526 1408 istorum
3555 1362 3675 1423 apta
3716 1369 3820 1408 co-

2233 1445 2420 1517 gnitio.
2469 1444 2718 1500 Probatus
2761 1454 2855 1511 est,
2894 1443 3108 1514 quando
3147 1459 3268 1500 cum
3316 1447 3530 1502 tentavit
3565 1445 3819 1502 diabolus

2203 1537 2288 1596 .iu
2335 1537 2582 1601 deserto;
2633 1537 2839 1609 agnitus
2884 1543 2979 1602 est,
3023 1551 3144 1591 cum
3195 1537 3488 1593 tentatione
3531 1537 3827 1593 recedente

2237 1629 2591 1686 ministerium
2625 1628 2812 1685 habuit
2837 1628 3172 1698 angelorum.
3205 1627 3416 1686 Accidit
3447 1629 3623 1691 tertia.
3658 1645 3825 1697 quam

2203 1781 2207 1786 ,
2237 1723 2291 1779 in
2320 1723 2608 1794 Evangelio
2631 1723 2742 1793 ipse
2765 1730 2990 1778 testatur
3017 1739 3032 1788 ;
3056 1721 3296 1792 probatus
3317 1729 3390 1777 est
3416 1722 3557 1778 enim
3581 1731 3827 1792 tempore

2237 1815 2527 1886 passionis,
2558 1829 2659 1886 qua
2690 1815 2886 1885 pietate
2910 1814 2982 1869 sit
3008 1813 3286 1884 praeditus,
3321 1822 3379 1868 ut
3405 1813 3460 1870 in
3491 1829 3650 1874 cruce
3681 1816 3830 1884 posi-

548 1914 820 1984 perlectus
862 1925 1020 1985 atque
1067 1926 1318 1982 aeternus,
1352 1917 1403 1972 id
1450 1927 1533 1973 est,
1581 1917 1837 1974 Dominus
1865 1915 2132 1981 Christus,
2166 1899 2214 1959 B
2241 1916 2327 1964 tus
2358 1923 2454 1978 pro
2497 1907 2734 1962 inimicis
2775 1913 2982 1973 oraret;
3035 1907 3301 1976 cognitus,
3341 1906 3554 1976 quando
3593 1908 3824 1978 gloriam

547 2007 638 2076 qui
664 2007 782 2062 ﬁnis
811 2022 915 2061 non
949 2008 1012 2061 ad
1041 2022 1292 2064 cerasum
1321 2009 1554 2080 respicit,
1590 2010 1684 2064 sed
1709 2009 1775 2064 ad
1809 2009 1968 2064 totius
1999 2008 2134 2063 inte-

549 2101 760 2171 gritatis
791 2101 998 2156 culmen
1029 2102 1275 2158 attendit.
1307 2103 1589 2157 Natncum
1620 2101 1684 2158 ad
1724 2101 1871 2158 illum
1910 2115 2136 2170 perven-

551 2199 664 2246 tum
695 2190 874 2258 l'uerit,
901 2207 1006 2247 non
1038 2201 1120 2247 est
1155 2193 1290 2248 ultra
1328 2193 1468 2263 quod
1514 2208 1757 2264 quaerere
1801 2191 2132 2248 debeamus:

496 2331 502 2336 .
554 2285 800 2356 quoniam
830 2286 945 2353 ipse
971 2285 1038 2340 ad
1067 2285 1245 2341 omnia
1270 2286 1488 2354 sufﬁcit,
1521 2285 1572 2340 in
1597 2301 1702 2355 quo
1733 2292 1816 2339 est
1845 2283 2136 2354 majestatis

549 2391 739 2438 cuncta
769 2381 1028 2451 perfectio
1055 2388 1108 2436 et
1132 2381 1366 2436 omnium
1391 2381 1668 2450 plenitudo
1696 2379 1974 2435 virtutum.
1995 2378 2138 2446 Qua-

554 2460 772 2544 propter
799 2474 1082 2529 universus
1109 2472 1198 2529 hic
1224 2472 1478 2541 psalmus,
1514 2473 1653 2528 sicut
1680 2481 1736 2527 et
1766 2470 1908 2526 Patri
1940 2470 2139 2526 doctis-

552 2569 690 2622 simo
740 2565 940 2622 Hilario
988 2565 1189 2636 placuit
1235 2563 1324 2635 (In
1361 2568 1563 2636 praefat.
1603 2563 1761 2636 hujus
1802 2559 2036 2632 psalmi),
2071 2577 2138 2616 ex

552 2658 752 2716 Christi
785 2659 990 2715 Domini
1023 2673 1250 2730 persona
1279 2657 1533 2715 dicendus
1563 2666 1666 2714 est.
1693 2656 1796 2714 Sed
1826 2672 1893 2712 ne
1921 2655 2140 2711 humili-

556 2764 637 2809 tas
661 2753 777 2822 ejns
805 2767 1128 2824 quemquam
1175 2752 1391 2808 turbare
1421 2765 1483 2808 ac
1520 2750 1848 2806 confundere
1876 2750 2137 2814 videatur,

555 2847 621 2902 ad
672 2847 820 2903 illam
873 2846 1111 2916 regulam
1157 2845 1344 2902 redeat
1385 2844 1664 2901 catholica
1708 2842 2038 2913 disciplinae,
2085 2851 2142 2897 ut

554 2942 688 2996 duas
720 2947 939 2996 naturas
965 2941 1139 2996 unitas
1167 2948 1328 3010 atque
1361 2937 1622 3008 perfectas
1649 2938 1701 2992 in
1730 2935 1958 2992 Domino
1985 2933 2141 2991 Chri-

555 3043 641 3090 sto
662 3049 782 3089 esse
807 3034 1112 3089 meminerit
1143 3049 1158 3090 :
1189 3048 1296 3089 una
1323 3048 1423 3104 qua
1464 3032 1607 3087 Deus
1648 3039 1702 3087 et
1733 3040 2032 3087 coaeternus
2061 3038 2144 3086 est

556 3127 736 3192 Patri;
768 3125 936 3184 altera
958 3141 1062 3197 qua
1091 3140 1154 3181 ex
1183 3125 1346 3181 Maria
1373 3124 1590 3195 Virgine
1617 3131 1794 3188 natus,
1817 3138 1955 3178 unus
1983 3131 2143 3192 atque

2246 2000 2504 2054 miranda:
2533 1999 2944 2054 resurrectionis
2974 1999 3230 2054 ostendit.
3261 1997 3412 2055 Tunc
3438 1999 3631 2068 quippe
3651 1999 3826 2056 deitas

2199 2145 2204 2152 .
2239 2093 2355 2164 ejus
2381 2093 2541 2149 etiam
2567 2093 2672 2148 illis
2702 2092 2955 2160 innotuit,
2981 2092 3070 2163 qui
3093 2107 3211 2148 eam
3241 2102 3401 2147 antea
3427 2091 3640 2147 credere
3661 2092 3825 2148 dubie

2241 2185 2456 2251 tabant;
2483 2186 2558 2240 ait
2584 2185 2725 2240 enim
2755 2183 3084 2256 evangelista
3115 2199 3130 2238 :
3161 2182 3278 2239 Hoc
3307 2184 3457 2238 tertio
3485 2184 3821 2254 manifestarit

2199 2323 2202 2326 .
2238 2292 2292 2330 se
2317 2274 2466 2330 Jesus
2496 2274 2763 2345 discipulis
2800 2276 2905 2330 suis
2945 2275 3016 2329 ad
3051 2292 3190 2330 mare
3217 2275 3526 2340 Tiberiadis,
3555 2285 3826 2345 postquam

2239 2368 2514 2424 resurrexit
2563 2385 2596 2422 a
2641 2369 2891 2432 mortuis;
2922 2376 2968 2422 et
2997 2368 3324 2423 crediderunt
3352 2368 3407 2422 in
3445 2383 3560 2422 eum
3589 2367 3829 2438 discipuli

2209 2464 2350 2534 ejus
2379 2462 2564 2533 (Joan.
2596 2477 2708 2525 xxi,
2739 2460 2850 2531 14).
2887 2461 3030 2517 Bene
3059 2470 3236 2517 autem
3268 2459 3537 2530 appellata
3563 2468 3643 2515 est
3670 2462 3834 2516 sessio

2242 2570 2388 2610 mors
2421 2553 2630 2609 Domini
2656 2554 2973 2620 Salvatoris,
3007 2554 3060 2609 in
3093 2570 3194 2624 qua
3224 2569 3326 2610 non
3374 2568 3553 2624 ptena,
3599 2555 3693 2610 sed
3734 2570 3832 2612 re-

2242 2649 2396 2717 quies
2427 2647 2545 2704 fuit.
2576 2648 2701 2704 Sive
2725 2648 2807 2717 (ut
2831 2647 2921 2704 alii
2954 2647 3166 2718 putant)
3196 2648 3352 2704 sessio
3381 2649 3612 2718 pertinet
3639 2649 3704 2702 ad
3732 2649 3837 2705 do-

2241 2743 2470 2798 ctrinam
2494 2757 2654 2812 quam
2681 2741 2940 2797 Dominus
2960 2742 3165 2798 caelesti
3189 2743 3475 2798 sanctitate
3498 2742 3836 2812 praedicavit,

2245 2833 2385 2889 sicut
2424 2833 2542 2902 ipse
2575 2847 2788 2903 quoque
2817 2834 2869 2888 in
2901 2833 3195 2904 Evangelio
3221 2833 3470 2890 doctores
3496 2835 3834 2904 signiﬁcans,

2245 2925 2374 2982 dicit
2397 2943 2410 2980 :
2437 2925 2609 2998 Super
2629 2927 2927 2981 cathedram
2953 2925 3128 2998 Moysi
3155 2927 3394 2981 sederunt
3421 2928 3598 2982 scriba:
3627 2935 3678 2982 et
3697 2927 3841 2996 pha-

2245 3020 2382 3075 risati
2404 3018 2616 3091 (Matth.
2649 3035 2800 3088 χχιιι,
2827 3018 2905 3088 2).
2939 3019 3229 3091 Cognovisti
3256 3028 3436 3075 autem
3468 3035 3568 3090 per
3603 3019 3838 3089 ﬁguram

2249 3111 2528 3183 hypallage
2552 3112 2754 3167 dictum
2779 3119 2883 3177 est,
2909 3127 3025 3182 qua:
3051 3110 3236 3166 Latine
3261 3111 3458 3168 dicitur
3485 3112 3835 3181 permutatio,

555 3221 699 3278 idem
731 3221 785 3276 in
819 3231 1060 3292 tempore
1088 3218 1252 3275 homo
1279 3218 1396 3275 ﬁeri
1421 3233 1518 3288 pro
1547 3226 1729 3273 nostra
1754 3216 1929 3273 salute
1957 3216 2143 3286 digna-
2176 3279 2216 3292 ⁸
2246 3203 2302 3259 id
2344 3213 2425 3260 est
2465 3203 2739 3272 cognitum
2791 3217 2876 3258 me
2923 3202 3116 3271 iecisti,
3173 3203 3295 3274 quia
3342 3203 3614 3258 Divinitati
3648 3205 3837 3258 omnia

557 3325 644 3371 tus
664 3324 767 3372 est.
796 3315 865 3369 Et
893 3279 1016 3370 ideo
1043 3311 1188 3384 quod
1221 3279 1492 3367 humiliter
1532 3309 1785 3380 loquitur,
1824 3323 1930 3367 non
1960 3279 2140 3364 deitati
2169 3279 2218 3344 α
2250 3309 2356 3352 n0n
2393 3295 2569 3352 δοιυηι
2614 3294 2830 3366 quando
2867 3293 3020 3358 ίῖυηιν
3051 3293 3145 3351 8θά
3187 3295 3353 3351 ﬁliam
3391 3295 3450 3352 in
3480 3293 3838 3364 Pmdwina'

556 3407 718 3462 debet
743 3406 1022 3477 applicari,
1051 3404 1147 3462 sed
1179 3418 1277 3472 pro
1305 3404 1561 3474 mysterio
1589 3410 1789 3458 sancta:
1819 3401 2142 3456 incarnatio-

556 3498 643 3554 nis
673 3498 920 3568 intelligi.
951 3496 1068 3566 Qua
1113 3495 1322 3552 ratione
1368 3501 1611 3560 tractata,
1653 3492 1912 3551 inod‘euse
1939 3506 2140 3564 cogno-

554 3593 758 3652 scimus
785 3592 962 3650 divina
1004 3590 1281 3664 mysteria.

1116 3701 1308 3759 Divisio
1350 3700 1556 3774 psalmi.

626 3823 730 3880 Per
768 3829 941 3879 totum
981 3820 1246 3893 psalmum
1292 3819 1528 3890 loquitur
1575 3817 1830 3875 Dominus
1872 3815 2139 3874 Christus.

553 3919 737 3980 Primo
767 3918 930 3974 modo
957 3916 1024 3974 de
1061 3915 1374 3996 pausatione
1409 3923 1464 3972 et
1499 3914 1896 3971 resurrectione
1926 3914 2140 3986 propria

495 4005 498 4010 ’
556 4016 720 4073 verba
762 4015 888 4071 facit
930 4013 998 4068 ad
1039 4013 1275 4079 Patrem,
1305 4026 1494 4068 omnes
1525 4010 1876 4081 cogitationes
1906 4023 2031 4065 suas
2065 4009 2142 4065 illi

554 4109 742 4166 dicens
784 4121 906 4164 esse
946 4104 1276 4162 notissimas.
1325 4103 1574 4161 Secundo
1612 4101 1793 4168 modo,
1845 4100 2142 4172 potentiam

555 4211 800 4278 paternis
827 4198 1123 4256 divinitatis
1153 4199 1394 4269 exponit,
1446 4199 1568 4269 quia
1615 4197 1668 4251 in
1716 4196 1771 4252 id
1809 4196 1951 4268 quod
1981 4195 2144 4252 homo

553 4305 659 4363 est,
703 4294 853 4350 nullo
893 4291 1032 4358 loco,
1069 4290 1214 4346 nulla
1258 4287 1588 4361 longitudine
1617 4288 1686 4345 ab
1717 4291 1836 4359 ejus
1865 4289 2052 4346 notitia
2083 4303 2143 4346 se

553 4391 733 4465 possit
760 4387 1130 4445 abscondere:
1157 4385 1360 4444 addens
1389 4387 1642 4459 quoniam
1669 4386 1738 4444 ab
1768 4394 1924 4442 utero
1957 4385 2144 4442 Matris

549 4501 666 4546 sua:
711 4483 830 4556 ipso
877 4491 1190 4554 protegente
1239 4493 1485 4540 servatus
1523 4491 1626 4553 est,
1666 4482 1758 4554 qui
1799 4481 1986 4538 mundi
2015 4484 2143 4539 vitia

553 4580 789 4652 gloriosa
821 4577 1103 4635 sanctitate
1133 4575 1424 4646 superavit.
1461 4576 1665 4644 Tertio,
1703 4590 1764 4633 se
1803 4576 2140 4635 laudaturum

489 4741 493 4746 τ
551 4685 585 4727 a
609 4679 760 4742 parte
786 4685 888 4742 qua
920 4666 1194 4738 subjectus
1226 4675 1326 4734 est,
1359 4667 1575 4724 Patrem
1606 4667 1890 4724 Dominum
1921 4669 2142 4739 proﬁte-
2170 4673 2223 4736 ι)

552 4773 660 4833 tur,
701 4763 854 4834 cujus
900 4775 1062 4830 opera
1111 4761 1164 4816 in
1204 4774 1326 4815 eum
1375 4770 1564 4832 potens
1612 4769 1668 4818 et
1715 4761 1978 4818 mirabilis
2021 4776 2145 4820 esse

555 4863 851 4914 monstrata
879 4860 981 4918 est,
1011 4849 1418 4922 praedicationes
1447 4844 1661 4923 quoque
1688 4866 1815 4907 suas
1846 4862 1900 4908 et
1927 4864 2144 4910 sancto-

551 4961 672 5004 rum
710 4945 951 5001 omnium
994 4943 1298 4998 voluntates
1339 4941 1524 4999 dicens
1553 4943 1631 4999 illi
1659 4958 1779 5000 esse
1811 4945 2138 5003 notissimas.

551 5039 754 5108 Quarto
775 5037 956 5102 modo,
980 5036 1356 5093 conﬁrmatum
1381 5038 1575 5092 asserit
1596 5037 1873 5093 beatorum
1897 5041 2137 5096 omnium

551 5129 934 5200 principatum,
958 5128 1152 5200 juhens
1176 5144 1202 5182 a
1231 5144 1290 5184 se
1321 5127 1513 5199 impios
1535 5129 1939 5202 obstinatosque
1964 5132 2140 5190 disce-

551 5221 704 5290 dere,
737 5222 828 5291 qui
858 5229 1035 5276 tamen
1061 5221 1209 5278 nulla
1251 5230 1404 5279 erant
1452 5222 1798 5293 paenitudinis
1836 5223 2140 5283 humilitate
2181 5205 2184 5211 1

551 5313 816 5371 salvandi.
845 5313 996 5370 Hunc
1025 5324 1204 5372 autem
1237 5315 1504 5386 psalmum
1535 5318 1704 5372 multo
1739 5317 2022 5374 sollicitius
2051 5334 2140 5374 ar-

552 5407 727 5464 bitror
741 5406 1086 5480 audiendum,
1110 5415 1196 5466 est
1213 5410 1354 5465 enim
1377 5409 1754 5482 mysteriorum
1777 5409 2138 5481 profunditate

555 5498 921 5574 plenissimus.

1085 5617 1356 5690 Expositio
1402 5620 1610 5692 psalmi.

623 5735 782 5794 Vera.
813 5733 866 5790 I.
899 5734 1140 5802 Domine,
1171 5736 1396 5808 probasti
1423 5752 1526 5805 me,
1557 5743 1606 5792 et
1631 5735 1911 5809 cognouisti
1938 5752 2018 5792 me
2043 5749 2064 5791 :
2091 5743 2147 5789 tu

557 5828 844 5900 cognovisti
887 5828 1165 5884 sessionem
1211 5845 1378 5883 meam
1415 5839 1464 5885 et
1503 5830 1923 5884 resurrectionem
1961 5844 2148 5886 meum.

565 5923 808 5999 Domine,
857 5921 1052 5977 clamat
1093 5919 1161 5978 ad
1208 5919 1421 5978 Patrem
1470 5920 1628 5978 Jesus
1669 5920 1914 5980 Christus
1952 5921 2023 5980 ab
2059 5921 2150 5980 illa

2248 3389 2396 3445 tione
2422 3396 2723 3445 noscuntur
2750 3401 2872 3444 esse
2900 3385 3204 3444 manifesta.

2320 3503 2478 3559 Vers.
2505 3502 2560 3559 2.
2609 3501 2915 3557 Intellexisti
2953 3501 3282 3576 cogitationes
3308 3515 3447 3556 meas
3474 3518 3508 3556 a
3539 3500 3716 3574 longe,
3747 3517 3836 3558 se-

2198 3627 2200 3630 ν
2245 3599 2422 3653 mitam
2447 3612 2612 3652 nteant
2642 3605 2688 3650 et
2713 3595 3043 3650 directionem
3071 3611 3233 3650 meam
3259 3595 3597 3668 investigasti.

2315 3685 2476 3746 Vers.
2507 3691 2561 3745 5.
2612 3689 2680 3743 Et
2717 3704 2890 3743 omnes
2929 3688 3036 3743 vias
3072 3704 3209 3744 meas
3247 3687 3550 3757 proscidisti,
3581 3687 3703 3758 quia
3731 3704 3840 3742 non

2247 3791 2318 3840 est
2341 3782 2494 3837 dolus
2522 3781 2578 3836 in
2607 3779 2784 3852 lingua
2812 3796 2944 3834 mea.
2973 3780 3031 3836 In
3062 3780 3148 3835 his
3175 3779 3388 3836 duobus
3414 3779 3658 3835 versibus
3689 3795 3839 3848 pra-

2245 3875 2470 3932 scientia
2500 3883 2704 3930 sanctae
2734 3871 3036 3929 Divinitatis
3065 3873 3372 3930 ostenditur
3403 3890 3416 3927 :
3443 3889 3474 3925 a
3501 3872 3652 3943 longe
3677 3873 3834 3927 enim

2247 3983 2355 4024 non
2401 3967 2581 4023 locum
2630 3965 2887 4036 probatur
2929 3965 3259 4036 signiﬁcare,
3295 3964 3385 4022 sed
3413 3972 3640 4033 tempus,
3691 3963 3839 4034 quia

2247 4076 2354 4118 non
2381 4061 2557 4118 solum
2588 4060 2726 4116 facta
2757 4069 2938 4116 nostra
2965 4059 3248 4131 praevidet,
3273 4074 3456 4116 verum
3483 4057 3649 4113 etiam
3677 4057 3850 4128 cogi-

2244 4159 2476 4214 tationes
2511 4162 2724 4211 nostras
2760 4163 3044 4225 antequam
3084 4169 3181 4210 nos
3213 4154 3314 4224 ipsi
3341 4154 3635 4210 existamus
3663 4166 3850 4223 agno-

2248 4253 2369 4310 scit.
2407 4250 2560 4320 Quod
2591 4259 2759 4307 totum
2789 4251 3059 4317 convenit,
3089 4252 3135 4307 si
3164 4250 3232 4306 ad
3270 4249 3699 4306 incarnationem
3733 4249 3851 4305 Do-

2247 4344 2379 4402 mini
2419 4351 2784 4415 competenter
2820 4351 3050 4414 aptetur.
3099 4343 3146 4399 A
3194 4343 3476 4399 divinitate
3523 4342 3668 4399 enim
3716 4357 3849 4410 sua,

2248 4447 2494 4505 creator;
2531 4453 2563 4494 a
2610 4437 2913 4494 substantia
2955 4435 3242 4506 corporali,
3271 4445 3484 4492 creatus
3516 4445 3626 4492 est.
3671 4435 3857 4492 Nemo

2185 4556 2190 4561 ·
2248 4547 2378 4604 ergo
2401 4531 2694 4589 calumnias
2723 4531 2932 4601 ineptas
2958 4539 3192 4600 moveat,
3226 4529 3323 4586 sed
3353 4528 3498 4600 quod
3524 4537 3611 4584 est
3641 4529 3855 4584 certis-

2248 4630 2444 4686 simum
2486 4626 2662 4682 studio
2704 4625 2916 4695 pietatis
2947 4623 3209 4694 intelligat
3238 4640 3253 4678 :
3287 4639 3355 4679 ne
3387 4622 3512 4678 inde
3541 4623 3854 4679 miserrimi

2249 4732 2582 4783 corruamus,
2613 4713 2757 4772 unde
2784 4729 2935 4786 spem
2977 4715 3164 4769 salutis
3195 4713 3538 4792 accepimus.
3560 4714 3855 4784 Sequitur,

2249 4811 2485 4868 semitam
2522 4823 2688 4863 meam
2735 4815 2784 4862 et
2823 4807 3151 4862 directionem
3190 4811 3356 4862 meam
3397 4806 3754 4878 investigasti.
3790 4805 3860 4860 Et

2187 4925 2190 4928 ’
2248 4922 2419 4962 omnes
2451 4905 2557 4959 vias
2602 4918 2738 4958 meas
2770 4902 3066 4973 prwvidisti.
3107 4901 3320 4958 Semita:
3347 4901 3628 4972 pertinent
3659 4901 3733 4955 ad
3764 4915 3860 4955 co-

2247 4999 2532 5072 gitationes
2577 4997 2786 5064 tacitas,
2832 4996 3044 5050 directio
3087 4995 3152 5050 ad
3193 4995 3340 5065 justa
3385 4993 3608 5063 iudicia,
3648 4995 3753 5048 rice
3791 4994 3860 5049 ad

2247 5100 2397 5147 actus
2428 5091 2722 5150 humanos;
2752 5103 2874 5159 qua:
2904 5088 2994 5142 ille
3022 5087 3200 5142 omnia
3233 5085 3579 5142 immaculata
3611 5087 3866 5156 puritate

2247 5183 2555 5254 complevit,
2585 5195 2742 5252 quem
2782 5183 2836 5235 in
2877 5189 3104 5250 utraque
3130 5189 3319 5236 natura
3352 5195 3518 5234 unum
3552 5179 3829 5236 eumdem

2245 5293 2350 5347 que
2395 5274 2656 5331 veraciter
2700 5273 3017 5330 existentem
3055 5271 3188 5329 ﬁdes
3229 5272 3496 5328 catholica
3525 5272 3863 5328 conﬁtetur.

2245 5367 2377 5423 Nam
2420 5365 2562 5438 quod
2608 5364 2757 5431 dicit,
2790 5364 3127 5434 investigasti,
3163 5362 3428 5434 juStitiam
3473 5377 3589 5418 sua:
3617 5365 3870 5420 actionis

2246 5456 2479 5516 ostendit
2513 5475 2528 5515 :
2566 5457 2817 5528 quoniam
2873 5456 3117 5526 quamvis
3161 5455 3325 5512 fuerit
3367 5455 3872 5525 scrupulosissime

2248 5553 2622 5624 perquisitum,
2649 5550 2782 5606 nihil
2820 5549 2873 5605 in
2905 5563 2970 5606 eo
2999 5547 3266 5619 culpabile
3295 5557 3510 5604 constat
3538 5550 3870 5608 inventum.

2253 5640 2378 5694 Vim
2407 5657 2545 5696 meas
2574 5639 2872 5710 praecidisti.
2918 5637 2977 5693 In
3021 5646 3228 5694 tantum
3258 5638 3500 5710 praevisae
3524 5648 3679 5706 sunt,
3720 5652 3790 5699 ut
3819 5655 3879 5700 et

2251 5733 2590 5804 pr0phetatae
2634 5747 2754 5789 esse
2803 5739 3112 5790 noscantur.
3165 5731 3435 5802 Scriptum
3478 5737 3564 5787 est
3597 5732 3773 5789 enim
3806 5737 3880 5792 de

2254 5825 2667 5881 mansuetudine
2699 5825 2866 5894 ipsius
2891 5841 2907 5881 :
2934 5823 3079 5880 Sicut
3105 5825 3210 5879 ovis
3239 5825 3306 5878 ad
3335 5825 3636 5879 occisione»:
3665 5829 3879 5886 dsit-tus

2257 5931 2355 5992 est,
2384 5933 2428 5979 et
2456 5922 2584 5977 sicut
2626 5937 2788 5994 agnus
2828 5937 2999 5978 corum
3045 5921 3288 5978 tondente
3319 5936 3392 5990 se,
3423 5919 3495 5977 sic
3515 5933 3614 5975 non
3643 5929 3880 5992 aperuit
