4114 6362
371 367 475 426 985

1187 366 1550 427 EXPOSITIO
1587 365 1651 422 IN
1693 362 2151 423 PSALTERIUM.
2193 367 2385 427 PSAL.
2427 368 2762 464 CXXXVIII:

3530 367 3633 424 986

372 503 430 543 os
454 499 603 541 suum
630 480 787 558 (Isai.
818 498 935 552 Lm,
960 482 1040 557 7).
1070 483 1302 556 Adiecit,
1334 486 1454 556 quia
1484 502 1586 540 non
1613 492 1690 540 est
1716 484 1867 540 dolus
1894 484 1947 539 in
1977 485 2024 547 Α
2055 484 2154 538 nisi
2188 485 2328 555 quod
2373 485 2558 541 viderit
2604 485 2815 541 Patrem
2855 486 3120 556 facientem
3150 480 3327 557 (Joan.
3372 499 3480 553 xtv,
3515 484 3632 556 98).

375 579 553 650 lingua
580 594 691 633 mea
722 592 743 633 :
770 576 974 647 utique,
1005 577 1127 648 quia
1165 578 1364 633 veritas
1394 592 1498 633 non
1535 577 1697 633 habet
1736 575 1947 643 dolum;

2055 573 2161 630 Sed
2194 574 2296 630 hoc
2323 575 2584 647 intelligat
2630 576 3062 633 dementissimus
3091 578 3341 642 Arianus,
3377 576 3497 647 quia
3528 592 3633 631 non

375 671 492 741 ipse
518 671 661 725 enim
692 668 965 739 professus
995 679 1078 725 est
1106 687 1121 723 :
1151 668 1263 740 Ego
1291 687 1405 724 sum
1436 671 1537 736 uia,
1566 671 1750 724 veritas
1775 678 1824 724 et
1851 669 1954 723 vita
2055 667 2238 724 debuit
2264 670 2419 725 aliter
2449 684 2480 725 a
2509 685 2673 727 carne
2701 671 2826 736 diei,
2860 687 2977 743 qua:
3016 672 3178 728 etiam
3216 670 3633 741 exspectabatur

378 763 559 830 (Joan.
587 777 699 830 xlv,
723 761 801 831 6).
830 761 946 817 Non
973 761 1116 818 enim
1146 754 1431 832 quidquam
1464 762 1566 817 sub
1595 761 1769 831 aliqua
1803 760 1953 815 falsi-

376 863 486 911 tate
532 854 738 911 locutus
780 863 885 921 est,
928 854 1025 909 sed
1070 854 1208 909 sicut
1255 869 1287 909 a
1332 854 1491 909 Patre
1534 855 1760 923 accepit,
1797 853 1867 907 ita
1901 860 1956 908 et

375 947 591 1019 populis
636 946 945 1003 salutariter
989 942 1318 1016 praedicavit.
1360 946 1499 1002 Dicit
1536 947 1678 1003 enim
1707 961 1738 1001 a
1768 955 1955 1002 natura

375 1039 726 1096 humanitatis
750 1056 762 1094 :
789 1038 893 1108 Qui
916 1055 998 1095 me
1022 1040 1161 1093 misit
1186 1042 1354 1112 major
1374 1055 1454 1093 me
1477 1049 1550 1095 est
1572 1038 1816 1110 (Ibidem,
1840 1040 1957 1111 28).

377 1132 529 1189 Dixit
564 1131 724 1187 etiam
763 1130 831 1187 de
874 1130 1183 1202 aequalitate
1228 1130 1525 1200 maiestatis
1561 1146 1673 1187 suae
1712 1149 1725 1184 :
1762 1130 1877 1202 Ego
1911 1141 1959 1186 et

378 1222 541 1278 Pater
575 1239 735 1277 unum
764 1239 938 1278 sumus
965 1222 1147 1294 (Joan.
1181 1239 1239 1291 x,
1271 1221 1383 1293 30).
1416 1222 1710 1294 Utrumque
1745 1238 1954 1291 verum,

377 1324 666 1387 utrumque
694 1316 812 1373 sine
850 1316 975 1372 dolo
1015 1319 1281 1387 prolatum
1309 1324 1423 1383 est;
1456 1326 1515 1372 ut
1544 1326 1597 1373 et
1623 1316 1959 1387 maiestatem

377 1422 490 1465 suae
535 1408 831 1465 divinitatis
874 1409 1201 1476 ostenderet,
1239 1420 1292 1466 et
1336 1418 1537 1467 sancta:
1575 1410 1961 1467 incarnationis

378 1499 732 1556 humilitatem
763 1502 1027 1557 veraciter
1050 1502 1303 1572 aperiret.

450 1591 605 1649 Vers.
629 1594 684 1649 4.
709 1593 842 1649 Ecce
867 1604 943 1662 tu,
973 1592 1214 1661 Domine,
1244 1594 1522 1665 cognovisti
1546 1597 1718 1651 omnia
1741 1597 1959 1652 novissi-

378 1700 463 1738 ma
497 1692 546 1739 et
584 1686 825 1755 antiqua;
865 1695 919 1740 tu
966 1685 1200 1756 [armasti
1240 1703 1338 1752 me,
1368 1696 1415 1740 et
1452 1687 1669 1757 posuisti
1698 1704 1855 1758 super
1885 1704 1963 1743 me

379 1792 587 1833 manum
608 1787 767 1841 tuam.
792 1779 1002 1836 Intuere
1024 1795 1184 1851 quam
1210 1782 1468 1836 verrciter
1490 1783 1735 1852 superius
1758 1782 1956 1838 dictum

2054 760 2247 817 occidi.

2134 854 2285 910 Vers.
2326 854 2377 909 6.
2426 855 2541 923 Quo
2574 855 2659 909 ibo
2693 872 2726 910 a
2759 855 2941 928 spiritu
2973 858 3101 911 tuo?
3131 863 3175 911 et
3201 872 3233 911 a
3263 856 3396 927 {acie
3422 863 3509 911 tua
3536 872 3637 927 quo

2057 948 2292 1019 fugiam?
2318 947 2480 1003 Venit
2506 947 2574 1002 ad
2604 948 2897 1005 secundum
2926 948 3163 1015 modum,
3189 947 3243 1004 in
3266 963 3371 1019 quo
3399 949 3637 1005 ostendit

2058 1054 2157 1111 per
2184 1040 2616 1097 enumerationes
2660 1041 2913 1112 mysticas
2958 1055 2990 1096 a
3039 1040 3181 1096 nulla
3229 1049 3473 1097 creatura
3502 1041 3639 1097 divi-

2059 1145 2181 1186 nam
2211 1129 2322 1185 l'alii
2352 1146 2509 1201 posse
2538 1132 2901 1202 praesentiam.
2937 1132 3068 1186 Nam
3104 1147 3226 1187 cum
3272 1133 3468 1204 ubique
3498 1144 3640 1189 totus

2060 1220 2371 1289 plenissime
2415 1221 2505 1288 sit,
2545 1223 2636 1293 qui
2678 1237 2800 1278 eum
2847 1231 2998 1293 putat
3028 1223 3305 1292 declinari,
3337 1240 3444 1295 quo
3472 1227 3643 1294 possit

2057 1310 2358 1367 abscondi?
2388 1312 2502 1368 Illic
2530 1314 2673 1369 enim
2704 1314 2896 1384 aliquis
2925 1325 3098 1385 potest
3132 1330 3257 1372 esse
3295 1318 3518 1380 celatus,
3553 1317 3642 1373 ubi

2060 1398 2297 1478 'prrcsens
2332 1420 2435 1461 non
2466 1405 2627 1461 fuerit
2666 1407 2758 1464 ille
2799 1409 2888 1478 qui
2922 1408 3138 1479 fugitur.
3171 1408 3408 1465 Dicendo
3451 1411 3593 1465 enim
3625 1426 3638 1462 :

2064 1502 2178 1568 Quo
2207 1501 2326 1555 ibo?
2351 1501 2616 1572 signiﬁcat
2644 1511 2826 1557 natura
2855 1502 3201 1559 humanitatis
3225 1518 3330 1558 non
3360 1518 3420 1560 se
3442 1503 3644 1561 habere

2062 1607 2167 1663 quo
2197 1594 2381 1663 fugiat,
2427 1607 2547 1647 cum
2595 1592 2828 1663 Spiritus
2872 1602 3090 1650 sanctus
3129 1595 3326 1665 ubique
3367 1596 3438 1651 sit
3479 1605 3641 1664 tctus,

2062 1686 2199 1743 sicut
2227 1685 2482 1742 Salomon
2512 1687 2643 1742 dicit
2673 1703 2687 1741 :
2718 1686 2945 1757 Spiritus
2988 1686 3191 1741 Domini
3228 1688 3440 1757 replevit
3478 1691 3646 1745 orbem

2063 1787 2317 1833 terrarum
2343 1779 2502 1850 (Sap.
2533 1795 2569 1844 ι,
2596 1780 2675 1850 '7).
2704 1778 2811 1834 Sed
2844 1778 2945 1834 hoc
2969 1778 3171 1834 dictum
3199 1788 3283 1835 est
3310 1794 3407 1849 per
3427 1781 3643 1836 schema

381 1879 484 1936 est,
510 1888 611 1926 non
638 1880 710 1927 est
740 1874 889 1929 dolus
926 1876 978 1929 in
1016 1875 1192 1945 lingua
1219 1892 1352 1946 mea,
1382 1886 1439 1931 ut
1467 1877 1553 1932 hic
1579 1877 1713 1933 duas
1741 1889 1958 1934 naturas

2065 1867 2226 1940 470
2264 1869 2406 1939 quod
2451 1869 2646 1924 dicitur
2688 1869 3005 1939 diaporesis,
3037 1884 3159 1926 cum
3190 1871 3480 1941 quaerimus
3506 1872 3645 1942 quod

378 1963 654 2019 evidenter
681 1967 1026 2035 exprimeret.
1066 1967 1202 2023 Dicit
1229 1970 1371 2024 enim
1403 1969 1546 2025 Patri
1575 1986 1590 2024 :
1624 1968 1757 2025 Ecce
1789 1980 1844 2025 tu
1873 1987 1959 2026 co-

380 2055 598 2126 gnovisti
627 2057 799 2112 omnia
828 2059 1097 2114 novissima
1131 2074 1153 2114 :
1185 2060 1326 2132 quod
1359 2062 1589 2130 pertinet
1617 2063 1684 2117 ad
1713 2064 1960 2120 incarna-

383 2144 582 2201 tionem
614 2147 802 2215 ipsius,
830 2164 951 2220 quae
978 2149 1114 2204 facta
1141 2161 1225 2207 est
1264 2151 1571 2208 novissimis
1602 2156 1955 2225 temporibus,

382 2239 521 2293 sicut
557 2239 749 2310 legitur
779 2259 792 2295 :
825 2243 995 2314 Agnus
1025 2246 1220 2299 occisus
1249 2246 1317 2298 ad
1342 2262 1603 2314 vesperam
1632 2246 1827 2319 (Exod.
1861 2265 1958 2316 xu,

383 2330 460 2402 ti).
503 2331 565 2387 Et
592 2335 899 2406 apostolus:
927 2333 1122 2406 Filioli,
1156 2339 1426 2397 novissima
1450 2339 1582 2397 hora
1607 2352 1680 2398 est
1715 2340 1771 2414 (Ι
1799 2340 1959 2403 Joan.

382 2443 442 2493 ιι,
470 2429 582 2501 18).
617 2430 929 2502 Subiunxit,
964 2442 1009 2487 et
1037 2435 1267 2498 antiqua.
1305 2435 1414 2490 lloc
1444 2444 1589 2492 certe
1618 2437 1683 2492 ad
1709 2437 1960 2494 deitatem

383 2523 651 2591 pertinere
670 2539 772 2579 non
796 2525 1012 2580 dubium
1034 2536 1136 2589 est;
1156 2527 1296 2582 unde
1317 2530 1572 2599 scriptum
1590 2538 1671 2586 est
1692 2548 1706 2587 :
1732 2529 1796 2585 In
1818 2532 1961 2603 prin-

385 2613 516 2683 cipio
561 2624 670 2667 erat
722 2614 959 2681 Verbum,
998 2627 1045 2672 et
1097 2616 1314 2673 Verbum
1358 2631 1469 2675 erat
1508 2623 1647 2694 apud
1686 2622 1870 2690 Deum,
1911 2636 1961 2679 et

387 2702 528 2758 Deus
553 2715 659 2760 erat
696 2706 916 2763 Verbum
944 2706 1119 2780 (Joan.
1149 2725 1184 2777 ι,
1218 2712 1293 2782 l),
1317 2723 1420 2768 etc.
1455 2714 1685 2785 Antiqua
1718 2717 1858 2772 enim
1886 2716 1967 2773 di-

387 2796 482 2861 cit,
514 2796 564 2851 id
596 2807 678 2853 est
702 2809 924 2868 aeterna,
948 2817 1066 2870 qua:
1108 2817 1206 2859 nec
1251 2805 1404 2859 initio
1447 2821 1546 2862 nec
1575 2808 1682 2862 ftne
1707 2808 1967 2866 claudun-

391 2895 498 2955 tur,
525 2890 662 2943 sicut
701 2890 751 2945 in
798 2891 1015 2948 Daniele
1061 2893 1249 2962 legitur
1282 2913 1294 2948 :
1324 2895 1521 2952 Throni
1565 2900 1720 2968 positi
1745 2911 1882 2969 sunt,
1918 2910 1966 2958 et

386 2980 637 3051 Antiquus
682 2985 877 3038 dierum
921 2987 1053 3040 sedit
1094 2986 1255 3056 (Dan.
1294 3003 1389 3056 vn,
1431 2988 1512 3061 9),
1544 2997 1646 3046 etc.
1682 2991 1750 3047 Et
1779 3002 1835 3048 ut
1864 2992 1967 3050 hoc

390 3073 581 3129 iterum
630 3075 874 3132 humanis
921 3078 1165 3134 sensibus
1202 3080 1507 3137 evidentius
1545 3082 1841 3152 intimaret,
1875 3101 1966 3141 ea-

388 3167 508 3224 dem
538 3177 737 3224 mutata
767 3170 1051 3226 verborum
1083 3174 1335 3241 qualitate
1360 3175 1594 3244 repetiit.
1620 3177 1700 3231 Tu
1730 3178 1966 3249 formasti

2062 1966 2398 2036 potissimum
2447 1965 2630 2022 facere
2675 1967 2990 2024 debeamus.
3035 1967 3141 2024 Sed
3179 1982 3299 2023 cum
3328 1968 3422 2023 tali
3454 1968 3650 2038 praedio

2061 2056 2275 2114 catione
2324 2058 2519 2129 ubique
2561 2059 2815 2128 Spiritum
2863 2067 3106 2117 sanctum
3157 2073 3279 2115 esse
3331 2073 3647 2129 noscamus,

2061 2150 2284 2205 dubium
2331 2166 2438 2206 non
2487 2162 2571 2206 est
2622 2151 2879 2221 Spiritum
2923 2161 3166 2209 sanctum
3217 2161 3545 2208 coaeternum
3599 2161 3653 2207 et

2063 2246 2390 2316 corequalem
2436 2245 2578 2300 Patri
2622 2254 2677 2301 et
2726 2245 2864 2300 Filio
2906 2247 3153 2317 reperiri.
3194 2245 3327 2301 Nam
3358 2246 3556 2317 ubique
3590 2254 3650 2303 et

2068 2344 2178 2395 tota
2209 2351 2328 2395 esse
2359 2352 2465 2394 non
2499 2345 2695 2409 potest,
2728 2337 2830 2394 nisi
2872 2337 2986 2392 sola
3027 2338 3282 2397 Trinitas.
3315 2341 3652 2409 Quapropter

2066 2442 2242 2503 cesset
2269 2432 2568 2503 irreligiosa
2592 2435 2959 2503 prmsumptio,
2988 2432 3122 2487 nihil
3152 2432 3238 2487 hic
3260 2432 3432 2503 maius
3444 2433 3651 2518 minus-

2067 2542 2133 2583 ve
2164 2528 2411 2597 tingatur.
2439 2524 2519 2581 Ad
2554 2524 2681 2581 illud
2728 2525 3027 2581 remedium
3067 2524 3301 2581 salutare
3342 2525 3645 2582 redeamus.

2066 2617 2247 2685 Pater,
2293 2626 2350 2673 et
2391 2616 2583 2683 Filius,
2632 2625 2688 2674 et
2733 2616 2987 2687 Spiritus
3022 2628 3259 2688 sanctus,
3310 2618 3650 2688 omnipotens

2068 2712 2314 2779 Greater,
2346 2709 2920 2781 incomprehensibilis,
2966 2725 3106 2765 unus
3143 2720 3228 2766 est
3270 2710 3430 2767 Deus.
3465 2710 3654 2768 Facies

2070 2817 2249 2862 autem
2279 2820 2378 2877 per
2403 2802 2758 2875 tropoldgiam
2792 2819 2888 2874 pro
2916 2805 3201 2875 praesentia
3230 2804 3445 2874 ponitur
3472 2820 3487 2858 :
3520 2818 3654 2875 quo-

2070 2899 2213 2955 niam
2245 2898 2383 2953 sicut
2410 2896 2573 2952 facies
2603 2906 2783 2951 nostra
2811 2903 3012 2951 tantum
3036 2895 3203 2963 videt,
3225 2896 3296 2951 ita
3324 2896 3496 2952 omnis
3526 2895 3657 2951 sub-

2072 2989 2265 3046 stantia
2310 2988 2519 3044 Domini
2563 2988 2769 3043 visione
2805 2986 3145 3056 pcrspicabili
3186 2997 3348 3056 atque
3376 2988 3654 3044 inenarra-

2044 3082 2164 3141 bili
2206 3091 2398 3138 cuncta
2441 3080 2745 3151 cognoscit,
2799 3078 2976 3133 omnia
3026 3079 3423 3151 complectitur,
3474 3080 3654 3137 omnia

2074 3183 2338 3249 penetrat,
2368 3173 2549 3230 omnia
2576 3178 2881 3228 contuetur.

384 3276 465 3315 me
488 3261 750 3331 signiﬁcat
772 3264 1023 3333 genuisti.
1050 3263 1160 3320 Hoc
1186 3266 1329 3321 enim
1360 3268 1581 3323 verbum
1611 3270 1718 3326 dici
1744 3271 1884 3327 solet
1910 3279 1966 3329 et
1989 3255 2038 3320 C
2142 3268 2298 3325 Vers.
2331 3267 2385 3321 7.
2418 3264 2481 3322 Si
2509 3266 2786 3320 ascendere
2823 3265 2879 3320 in
2917 3264 3120 3333 calum,
3149 3271 3202 3320 tu
3237 3263 3346 3345 illic
3373 3280 3458 3331 es;
3489 3265 3535 3319 si
3569 3264 3659 3321 de-

383 3353 451 3409 de
479 3354 696 3423 deitate,
730 3356 869 3412 sicut
907 3356 1035 3413 dicit
1076 3357 1361 3429 Apostolus
1395 3377 1408 3415 :
1437 3360 1537 3426 Qui
1566 3377 1682 3415 cum
1715 3364 1768 3417 in
1797 3364 1965 3435 [arma

385 3446 484 3503 Dei
510 3457 657 3517 esset,
686 3465 787 3505 non
829 3450 1065 3517 rapinam
1104 3452 1379 3507 arbitratus
1407 3462 1480 3508 est
1505 3469 1613 3508 esse
1636 3470 1690 3510 se
1712 3457 1963 3526 azqualem

384 3538 494 3595 Deo
525 3540 747 3615 (Philip.
797 3559 854 3609 ιι,
888 3544 965 3615 6).
1019 3544 1291 3615 Sequitur,
1339 3558 1385 3600 et
1435 3549 1649 3617 posuisti
1689 3566 1845 3619 super
1885 3567 1965 3606 me

381 3649 586 3687 manum
612 3646 770 3690 tuam.
806 3635 991 3692 Posuit
1018 3636 1175 3692 Pater
1200 3653 1361 3707 super
1387 3653 1507 3693 eum
1538 3656 1755 3696 manum
1785 3656 1960 3710 suam,

381 3728 592 3797 quando
624 3727 677 3783 in
707 3727 825 3797 ipso
851 3729 1098 3783 virtutem
1128 3743 1238 3784 sua:
1268 3730 1560 3799 maiestatis
1582 3733 1837 3801 ostendit,
1861 3734 1960 3789 sieo

383 3830 441 3876 ut
479 3822 533 3878 in
573 3822 678 3878 alio
723 3823 927 3892 psalmo
962 3823 1160 3879 dictum
1199 3833 1281 3881 est
1311 3842 1323 3880 :
1358 3824 1538 3881 Inveni
1568 3826 1733 3882 Dauid
1762 3844 1964 3883 servum

383 3932 548 3971 meum
569 3933 589 3972 :
615 3918 668 3971 in
694 3918 802 3972 oleo
831 3927 1007 3973 sancto
1035 3935 1143 3973 meo
1169 3921 1293 3974 unxi
1324 3935 1462 3975 cum.
1489 3919 1679 3977 Manus
1700 3923 1831 3977 enim
1852 3940 1965 3978 mea

380 4011 712 4067 auxiliabitur
739 4012 839 4082 illi,
872 4022 919 4066 et
961 4012 1224 4066 brachium
1270 4029 1438 4068 meum
1483 4014 1786 4084 confortabit
1830 4016 1961 4089 [ed.,

381 4103 722 4176 conﬁrmabit]
762 4121 897 4160 eum.
947 4102 1100 4161 Nihil
1143 4106 1374 4178 proﬁciet
1423 4106 1661 4162 inimicus
1699 4110 1754 4163 in
1796 4125 1878 4176 eo,
1919 4118 1966 4165 el

385 4196 522 4263 ﬁlius
543 4197 827 4265 iniquitatis
851 4212 953 4251 non
978 4205 1200 4267 apponet
1230 4213 1409 4253 nocere
1428 4199 1476 4253 ei
1503 4197 1675 4271 (Psal.
1708 4216 1963 4268 Lxxxvm,

378 4287 591 4356 2l,'22,
618 4288 735 4360 23).
759 4286 903 4347 Ecce
932 4290 1199 4362 quomodo
1226 4306 1389 4363 super
1412 4307 1534 4351 eum
1564 4307 1780 4349 manum
1810 4307 1962 4351 suam

384 4383 559 4452 posuit
580 4381 757 4440 Pater.

453 4478 607 4534 Vers.
637 4480 691 4535 5.
722 4478 978 4536 Mirabilis
1007 4484 1145 4552 facta
1165 4488 1240 4537 est
1262 4480 1475 4537 scientia
1500 4490 1588 4537 tua
1613 4499 1678 4538 ea:
1702 4497 1821 4537 me:
1844 4497 1967 4537 con-

380 4569 569 4641 fortala
600 4580 693 4639 est,
721 4587 813 4626 nec
840 4581 1013 4643 potero
1036 4574 1103 4626 ad
1127 4589 1262 4633 eam.
1294 4573 1583 4629 Scientiam
1610 4574 1741 4629 dicit
1767 4573 1963 4642 Patris,

2066 3363 2313 3421 scendero
2340 3363 2394 3417 in
2423 3362 2704 3432 infernum,
2737 3360 2883 3415 ades.

2139 3457 2294 3513 Vers.
2326 3456 2379 3511 8.
2412 3455 2473 3512 Si
2504 3469 2770 3525 sumpsero
2808 3469 3000 3526 pennas
3027 3469 3165 3509 meas
3191 3460 3309 3507 ante
3337 3453 3500 3508 lucem
3531 3452 3656 3524 (ms.

2066 3552 2162 3619 A.,
2191 3547 2463 3621 diluculo],
2492 3560 2540 3604 et
2566 3548 2857 3603 habitavero
2883 3547 2936 3600 in
2966 3555 3223 3615 postremo
3251 3544 3429 3599 maris.

2140 3643 2295 3698 Vers.
2329 3642 2381 3696 9.
2415 3641 2618 3696 Etenim
2645 3641 2769 3694 illuc
2808 3654 2991 3693 mortus
3016 3647 3104 3691 tua
3134 3638 3348 3693 deducet
3377 3652 3477 3704 me,
3506 3644 3554 3691 et
3580 3644 3673 3699 te-,

2067 3735 2203 3790 nebit
2228 3751 2308 3790 me
2336 3734 2544 3788 dextera
2588 3740 2699 3787 tua.
2733 3731 2831 3787 Hic
2872 3730 3005 3785 mihi
3037 3729 3248 3786 videtur
3281 3736 3654 3800 argumentum

2067 3827 2199 3883 illud
2228 3840 2349 3881 esse
2377 3825 2650 3891 dilemma,
2684 3822 2826 3894 quod
2857 3825 2913 3876 ιιι
2941 3836 3006 3878 ex
3038 3822 3245 3878 duabus
3277 3818 3661 3891 propositioni-

2068 3922 2168 3975 bus
2198 3919 2531 3989 pluribusve,
2563 3932 2629 3972 ex
2669 3916 2862 3987 quibus
2910 3914 3168 3985 quidquid
3211 3914 3439 3970 electum
3471 3912 3654 3978 fuerit,

2067 4013 2398 4070 contrarium
2429 4027 2550 4068 esse
2592 4025 2700 4067 non
2746 4009 2966 4066 dubium
2997 4018 3099 4076 est,
3128 4008 3266 4064 sicut
3294 4016 3347 4062 et
3387 4007 3441 4062 in
3481 4007 3657 4061 Evan-

2066 4105 2208 4177 gelio
2247 4105 2496 4161 Christus
2534 4103 2748 4160 Judaaos
2786 4102 3175 4158 calumniantes
3222 4102 3535 4172 interrogat,
3568 4099 3656 4155 di-

2066 4206 2196 4257 cens
2226 4217 2239 4253 :
2272 4198 2595 4270 Baptismum
2640 4195 2856 4250 Joannis
2896 4195 3033 4249 unde
3069 4202 3199 4261 erat,
3230 4194 3292 4247 de
3329 4192 3457 4248 caelo
3495 4209 3562 4247 an
3591 4209 3658 4249 ex

2069 4292 2358 4352 hominibus
2387 4290 2602 4365 (Matth.
2636 4306 2753 4358 xxI,
2798 4290 2935 4362 25)?
2966 4288 3235 4361 Quidquid
3273 4288 3416 4345 enim
3446 4288 3521 4345 illi
3556 4288 3657 4345 eli-

2068 4403 2194 4460 gere
2221 4386 2543 4454 voluissent,
2588 4394 2773 4442 contra
2820 4384 2943 4440 illos
2987 4382 3335 4439 nihilominus
3369 4391 3485 4439 erat
3509 4381 3658 4437 tutu—-

2068 4499 2208 4540 rum.
2234 4482 2325 4540 Sic
2353 4481 2514 4539 etiam
2546 4481 2614 4537 de
2641 4479 2797 4536 bonis
2827 4479 2988 4536 rebus
3009 4477 3298 4549 Apostolus
3320 4476 3448 4533 facit
3471 4492 3486 4528 :
3511 4474 3661 4530 Desi-

2072 4579 2271 4634 derium
2296 4562 2487 4631 habens
2514 4574 2725 4629 dissolvi
2745 4582 2792 4627 et
2806 4568 2916 4627 esse
2936 4588 3050 4626 cum
3071 4570 3293 4637 Christo,
3317 4568 3478 4622 multo
3498 4568 3661 4638 magis

381 4679 501 4733 qua:
543 4680 638 4734 per
675 4681 796 4721 eum
844 4666 1129 4735 prmdicata
1170 4674 1255 4722 est
1293 4666 1490 4737 ubique
1523 4676 1815 4734 terrarum;
1848 4667 1964 4724 hzec
1991 4664 2045 4725 D
2071 4673 2252 4726 melius
2279 4686 2300 4726 :
2323 4683 2620 4740 permanere
2638 4674 2811 4720 autem
2834 4670 2888 4719 in
2916 4679 3070 4718 carne
3091 4660 3428 4717 necessarium
3456 4669 3661 4731 propter

380 4759 668 4829 confertam
706 4769 778 4814 est
819 4760 872 4815 in
921 4760 1225 4830 pectoribus
1266 4760 1529 4829 humanis,
1564 4762 1633 4818 de
1672 4778 1773 4833 qua
1817 4760 1964 4832 prius

382 4849 587 4907 incerta
617 4851 934 4908 credulitate
970 4853 1334 4910 dubitabatur.
1369 4854 1538 4922 Quem
1578 4869 1793 4911 sensum
1822 4864 1877 4911 et
1905 4856 1959 4911 in

383 4941 669 5014 Evangelio
704 4943 833 5000 dicit
865 4960 879 5001 :
916 4946 1096 5014 Pater,
1129 4948 1447 5017 manifestavi
1486 4966 1667 5004 nomen
1696 4958 1839 5004 tuum
1869 4950 1963 5006 ho-

381 5036 601 5091 rninibus
640 5036 819 5110 (Joan.
865 5054 994 5105 xvn,
1022 5039 1102 5109 6).
1145 5038 1311 5109 ipsius
1345 5041 1488 5096 enim
1518 5042 1842 5099 revelatione
1870 5057 1962 5115 ge-

380 5137 520 5183 stum
551 5138 652 5197 est,
688 5140 743 5185 ut
785 5132 1047 5200 potuisset
1095 5141 1294 5189 sanctae
1334 5133 1609 5190 Trinitatis
1653 5137 1827 5192 unitas
1862 5151 1960 5207 ap-

382 5236 569 5293 parere
605 5224 930 5291 reverenda;
963 5234 1016 5282 et
1053 5234 1186 5298 iusta
1230 5241 1304 5282 est
1342 5243 1438 5298 per
1475 5239 1657 5285 .Icsum
1685 5230 1958 5286 Christum

380 5317 628 5372 mirabilis
656 5317 868 5374 scicntia
912 5318 1103 5383 Patris,
1134 5317 1260 5375 dum
1290 5321 1572 5391 terrigenis
1602 5333 1797 5378 sanctae
1826 5322 1960 5392 legis

380 5420 713 5466 sacramenta
758 5419 970 5467 narrata
1001 5419 1145 5467 sunt.
1180 5411 1248 5467 Et
1279 5412 1683 5487 utconditionis
1714 5414 1960 5471 humanm

379 5502 573 5557 veritas
600 5505 943 5573 panderetur,
975 5503 1192 5574 adjecit,
1223 5520 1316 5560 nec
1346 5513 1524 5574 potero
1551 5506 1620 5559 ad
1647 5523 1757 5561 eam
1785 5522 1805 5561 :
1833 5507 1959 5579 quia

379 5607 569 5653 natura
600 5596 831 5653 hominis
858 5612 1017 5670 quam
1048 5606 1132 5654 est
1161 5596 1407 5669 dignatus
1437 5611 1735 5665 assumere,
1768 5598 1962 5655 divinae

377 5693 691 5749 substantia:
735 5709 795 5750 se
841 5710 945 5750 non
995 5702 1204 5764 poterat
1251 5693 1561 5765 adaequare.
1611 5693 1702 5751 Sic
1736 5695 1881 5749 enim
1911 5703 1965 5750 et

377 5786 684 5856 evangelica
708 5801 839 5843 voce
860 5787 1161 5842 declaratur
1186 5784 1377 5842 :Patcr
1394 5790 1562 5858 major
1583 5801 1661 5840 me
1682 5794 1755 5841 est
1778 5784 1959 5856 (Jaan.

378 5894 432 5949 ν,
462 5880 589 5952 l9);
614 5889 668 5939 et
695 5881 883 5937 iterum
909 5896 925 5940 :
950 5879 1073 5937 Non
1093 5888 1257 5955 potest
1275 5876 1446 5934 Filius
1465 5883 1642 5953 facere
1664 5880 1963 5953 quidquam,

2067 4779 2154 4819 uos
2187 4759 2411 4831 (Philip.
2442 4774 2480 4823 ι,
2513 4757 2605 4824 25,
2649 4754 2773 4825 2ι);
2800 4754 2867 4809 Et
2912 4752 3109 4822 adiecit
3151 4769 3164 4806 :
3205 4749 3275 4804 Et
3318 4749 3444 4821 quid
3472 4748 3661 4819 eligam

2068 4857 2251 4927 ignoro
2277 4851 2528 4927 (Ibidem,
2557 4848 2671 4916 22).
2703 4848 2793 4904 Sic
2822 4856 2877 4904 et
2913 4846 2966 4901 in
2999 4847 3103 4901 isto
3134 4845 3251 4900 loco
3277 4843 3344 4899 de
3370 4842 3542 4898 tribus
3571 4857 3659 4898 re-

2068 4950 2171 5006 bus
2200 4946 2484 5002 contrariis
2514 4940 2816 4998 humanitas
2844 4942 2961 5011 eius
2994 4939 3123 5010 quid
3156 4937 3398 5008 eligeret,
3424 4935 3661 5008 ambige-

2068 5042 2178 5097 bat.
2211 5038 2364 5095 Nunc
2392 5038 2458 5093 ad
2487 5034 2807 5107 exponenda
2848 5034 3011 5089 verba
3059 5031 3362 5098 veniamus,
3405 5029 3659 5101 quoniam

2067 5132 2351 5189 altitudine
2378 5129 2541 5185 nimia
2569 5133 2696 5183 sunt
2720 5122 3011 5195 profunda.
3034 5123 3123 5179 Ait
3145 5122 3289 5178 enim
3318 5136 3413 5192 per
3440 5120 3493 5177 id
3515 5121 3660 5192 quod

2070 5229 2233 5284 homo
2262 5233 2345 5282 cst
2380 5240 2395 5280 :
2427 5222 2490 5277 Si
2515 5219 2787 5276 ascendere
2808 5218 2861 5273 in
2881 5216 3086 5283 calum,
3117 5223 3171 5269 tu
3195 5212 3303 5269 illic
3328 5231 3400 5279 es,
3429 5214 3522 5270 ubi
3544 5221 3660 5270 erat

2067 5319 2277 5376 scilicet
2301 5315 2368 5371 ad
2397 5313 2572 5371 Patris
2601 5311 2880 5367 dexteram
2919 5306 3289 5365 collocandus.
3325 5304 3456 5362 Nam
3488 5314 3547 5361 ut
3572 5307 3659 5361 in-

2069 5412 2273 5482 telligas
2313 5406 2600 5464 Dominum
2644 5401 2841 5473 ubique
2871 5413 2994 5457 esse
3036 5406 3380 5471 praesentem,
3414 5395 3540 5453 audi
3568 5396 3660 5452 Je-

2067 5504 2290 5562 remiam
2337 5497 2654 5570 prophetam
2705 5512 2718 5548 :
2764 5491 2908 5548 Deus
2951 5490 3373 5562 appropinquans
3402 5504 3493 5561 ego
3517 5504 3653 5555 sum,

2069 5599 2195 5653 dicit
2222 5595 2494 5661 Dominus,
2518 5599 2565 5645 et
2589 5604 2694 5645 non
2717 5586 2856 5643 Deus
2877 5602 2909 5640 a
2929 5584 3230 5657 longinquo.
3257 5582 3321 5641 Si
3338 5581 3657 5637 absconderit

2067 5706 2122 5746 se
2157 5689 2310 5743 homo
2347 5686 2400 5740 in
2440 5683 2709 5748 absconso,
2738 5695 2831 5752 ego
2856 5694 2960 5734 non
2987 5678 3163 5734 uidebo
3193 5677 3364 5742 illum,
3394 5673 3516 5727 dicit
3549 5670 3657 5727 Do-

2070 5783 2277 5839 minus?
2302 5777 2552 5848 Nunquid
2578 5793 2677 5832 non
2704 5774 2886 5832 calum
2908 5782 2957 5830 et
2983 5783 3169 5830 terram
3187 5788 3280 5843 ego
3300 5768 3508 5838 impleo,
3532 5768 3657 5824 dicit

2070 5876 2323 5935 Dominus
2348 5871 2484 5938 (lar.
2516 5886 2673 5944 unt,
2705 5870 2797 5936 ‘25,
2827 5868 2960 5932 2i)?
2979 5867 3252 5938 Sequitur,
3275 5865 3321 5922 si
3350 5862 3658 5923 descmderc
