4078 6342
470 313 570 369 987

1701 311 1770 369 Μ.
1811 310 2089 368 Αυιιειιι
2128 309 2533 368 ωδδιτουοιιι

3650 311 3762 368 988

469 429 525 482 in
549 428 829 500 infernam,
856 430 998 484 ades.
1033 429 1144 486 Hoc
1169 431 1368 502 quippe
1395 430 1590 484 factum
1617 435 1703 484 est
1726 427 1843 497 lege
1871 427 2058 481 huma-
2088 430 2138 490 Α
2164 422 2336 478 lumen
2383 427 2515 496 ejus.
2567 421 2874 492 Superioris
2930 421 3213 478 sententiae
3265 437 3426 478 causa
3479 423 3760 492 redditur,

472 521 675 585 uitatis,
699 530 757 576 ut
779 523 1036 578 cruciﬁxo
1062 536 1289 593 corpore
1313 523 1378 576 ad
1409 520 1702 591 rumpenda
1726 520 2055 574 infernorum

471 614 704 670 claustra
751 614 1124 679 descenderet,
1175 625 1228 669 et
1284 613 1548 669 laboranti
1596 613 1827 666 humano
1875 609 2058 680 generi

472 704 802 774 Redemptor
849 705 1122 774 piissimus
1169 705 1498 760 subveniret.
1549 703 1832 775 Subjungit
1870 703 2055 767 etiam,

471 800 613 864 ades,
657 800 910 868 quoniam
952 799 1196 854 triduana
1235 799 1509 856 celeritate
1551 799 1807 854 surrexit.
1840 796 2059 852 Addidit

471 892 682 948 tertiam
712 901 938 960 partem,
955 892 1036 948 -Si
1063 909 1328 954 sumpsero
1353 910 1546 964 pennas
1569 908 1704 946 meas
1730 902 1849 946 ante
1871 892 2056 956 lucem,

469 993 518 1040 et
547 985 837 1042 habitavere
866 989 918 1041 in
951 998 1205 1057 postremo
1235 990 1413 1044 maris.
1461 987 1665 1042 Etenim
1713 987 1836 1040 illuc
1879 1001 2058 1040 manus

470 1085 557 1131 tua
589 1079 802 1134 deducet
832 1095 929 1147 me,
962 1090 1010 1136 et
1041 1081 1222 1134 tenebit
1251 1097 1330 1135 me
1358 1081 1566 1135 dextera
1596 1091 1704 1133 tua.
1733 1081 1862 1146 Qua:
1891 1078 2058 1146 ﬁgura

474 1169 669 1224 dicitur
697 1171 980 1242 mtiologia,
1015 1171 1067 1226 id
1097 1180 1181 1226 est
1210 1186 1386 1227 causa:
1415 1171 1674 1236 redditio;
1709 1169 1885 1225 reddit
1913 1168 2057 1223 enim

469 1277 684 1319 causam
714 1265 1166 1335 quemadmodum
1197 1265 1289 1320 Dei
1323 1267 1661 1335 prmsentiam
1704 1277 1809 1317 non
1855 1264 2058 1331 potuis-

469 1367 554 1414 set
604 1359 861 1430 eﬁ‘ugere.
919 1357 1128 1414 Pennas
1174 1373 1299 1415 suas
1351 1359 1475 1414 dicit
1523 1359 1718 1413 divinas
1763 1346 2060 1427 majestatii

471 1449 901 1506 efficacissimam
933 1452 1282 1518 celeritatem,
1316 1466 1436 1520 qua:
1483 1459 1726 1504 sanctum
1769 1463 1962 1517 corpus
1991 1447 2058 1502 ad

471 1555 704 1612 superna
761 1543 958 1598 virtute
1007 1542 1229 1598 Deitatis
1280 1541 1528 1598 elevavit.
1582 1541 1684 1597 Sed
1731 1556 1848 1595 cum
1905 1539 2060 1594 audis

471 1651 631 1701 meas,
665 1637 891 1706 gloriam
943 1634 1174 1706 promite
1221 1636 1502 1705 potestatis
1539 1635 1794 1700 intellige.
1827 1632 1930 1686 llas
1963 1633 2061 1686 ita-

471 1741 577 1798 que
607 1741 808 1797 pennas
838 1741 964 1782 suas
1001 1743 1120 1782 cum
1162 1729 1452 1798 sumpserit
1495 1738 1620 1782 ante
1664 1726 1860 1791 lucem,
1894 1725 1944 1780 id
1976 1734 2060 1782 est

2163 531 2329 587 quare
2377 533 2480 572 nox
2523 516 2591 572 sit
2636 515 2957 572 illuminatio
2997 515 3049 570 in
3098 515 3304 572 deliciis
3339 518 3486 586 ejus;
3529 517 3758 588 scilicet,

2162 606 2287 677 quia
2325 608 2546 663 tenebrae
2575 625 2678 662 non
2709 607 3112 664 obscurabuntur
3143 625 3174 662 a
3201 619 3267 676 te,
3303 607 3398 663 sed
3430 607 3602 678 potius
3635 609 3762 664 illi-

2161 701 2528 758 minabnntur.
2563 701 2839 758 Tenebras
2869 699 3011 757 enim
3040 699 3171 756 dicit
3198 699 3416 773 mystica
3451 717 3675 772 qumque
3705 711 3764 755 et

2162 795 2424 868 profunda
2458 795 2858 865 Scripturarttm
2900 794 3225 859 divinarum,
3253 793 3406 864 juxta
3451 793 3582 848 illud
3613 793 3762 862 quod

2163 889 2390 960 legimus
2418 889 2470 944 in
2501 887 2807 945 Proverbiis
2837 906 2850 942 :
2885 886 3134 958 intelligit
3157 903 3356 958 quoque
3384 887 3686 958 parabolam
3712 898 3763 940 ct

2164 982 2480 1036 tenebrosum
2503 996 2786 1036 sermonem
2809 979 2994 1050 (Prov.
3027 995 3063 1046 ι,
3090 978 3178 1050 ii);
3208 978 3284 1034 sic
3313 989 3368 1036 et
3395 978 3446 1034 in
3478 978 3582 1034 alio
3617 981 3765 1050 psal-

2165 1089 2250 1128 mo
2282 1072 2506 1143 legimus
2535 1090 2548 1127 :
2580 1071 2864 1128 Tencbrosa
2903 1089 3043 1144 aqua
3079 1073 3132 1125 in
3176 1061 3392 1126 nubibus
3419 1074 3554 1128 aeris
3577 1073 3758 1144 (Psal.

2164 1183 2294 1234 xm,
2328 1167 2440 1239 ω).
2475 1167 2616 1237 Ergo
2661 1166 2777 1222 ista:
2813 1168 3031 1221 tenebrae
3067 1183 3170 1220 non
3202 1167 3630 1232 obscurabuntur,
3660 1167 3758 1222 sed

2163 1262 2342 1332 potius
2381 1259 2751 1315 illuminantur
2788 1276 2818 1314 a
2865 1258 3114 1327 Domino,
3152 1259 3404 1331 quonitm
3447 1259 3760 1328 pra-dicatiu

2165 1354 2543 1422 prOpbetarum
2573 1353 2691 1423 ipso
2723 1351 2970 1408 veniente
3009 1352 3277 1424 completa
3301 1362 3402 1408 est.
3431 1353 3572 1408 Solet
3599 1352 3754 1406 enini

2163 1445 2232 1500 ad
2263 1445 2474 1501 Patrem
2507 1446 2706 1499 referre
2734 1444 2876 1513 qunti
2907 1443 3022 1515 ipse
3051 1443 3196 1508 facit,
3225 1454 3280 1498 nt
3309 1442 3473 1514 possit
3492 1459 3759 1513 coopera-

2166 1537 2241 1594 tio
2270 1549 2468 1594 sanctae
2510 1536 2784 1593 Trinitatis
2825 1536 3069 1608 intelligi.
3102 1537 3378 1608 Sequitur,
3408 1545 3456 1592 et
3494 1554 3599 1592 nox
3625 1537 3762 1591 sicut

2166 1630 2274 1686 dies
2303 1631 2696 1685 illuminabitur.
2729 1630 2822 1684 illa
2863 1631 3005 1686 enim
3046 1646 3166 1701 qua:
3211 1631 3422 1685 fuerant
3457 1628 3610 1700 quasi
3651 1645 3761 1684 nox

2165 1723 2266 1780 sub
2309 1725 2534 1796 mystica
2581 1723 2954 1794 complexione
3001 1725 3306 1792 tenebrosa,
3352 1733 3604 1795 tanquam
3641 1725 3760 1779 dies

471 1827 716 1892 tempore
755 1822 1186 1890 resnrrectlonis,
1218 1831 1272 1878 et
1313 1823 1631 1878 habitaverit
1677 1822 1728 1876 in
1781 1828 2055 1892 postremo
2089 1843 2137 1904 Β
2167 1815 2461 1871 illuminata
2491 1825 2636 1883 sunt,
2667 1831 2790 1871 cum
2835 1814 2889 1870 in
2930 1815 3160 1871 adventu
3204 1814 3417 1872 Domini
3462 1817 3760 1873 Salvatoris

472 1911 658 1977 maris,
697 1911 796 1968 hoc
835 1922 919 1968 est
953 1927 1111 1982 supra
1152 1913 1333 1968 szrcnli
1376 1913 1531 1968 istius
1574 1913 1962 1983 amplissimum
2000 1912 2060 1966 li-

471 2017 616 2069 nem,
651 2004 722 2058 ibi
755 2019 944 2060 manus
985 2014 1207 2075 paterna
1236 2005 1465 2061 deducet
1494 2020 1640 2062 eum.
1683 2005 1753 2059 Et
1788 2015 1844 2060 ut
1879 2011 2061 2060 osten-

470 2093 629 2151 deret
671 2097 1130 2166 cooperationem,
1161 2098 1422 2164 sequitur,
1454 2109 1499 2151 et
1533 2098 1716 2153 tenebit
1744 2113 1822 2151 me
1851 2096 2060 2151 dextera
2090 2095 2102 2106 '

471 2194 581 2242 tua.
623 2187 849 2243 Dextera
899 2197 982 2244 est
1027 2188 1293 2258 siquidem
1334 2188 1506 2244 Patris
1549 2190 1887 2259 omnipotens
1931 2189 2062 2245 Ver-

472 2277 621 2348 bum,
651 2281 794 2350 quod
835 2289 1163 2350 assumptum
1207 2289 1263 2336 et
1304 2283 1508 2337 unitam
1539 2282 1638 2336 sibi
1675 2281 2058 2338 humanitatem

467 2371 527 2427 in
555 2381 758 2428 aeterna
785 2375 979 2429 saecula
1008 2373 1324 2429 continebit.
1356 2374 1420 2429 Et
1449 2375 1493 2430 si
1524 2374 1744 2430 minime
1773 2373 2061 2452 convenire

471 2465 702 2531 videtur,
730 2475 787 2520 ut
815 2481 935 2521 cum
967 2467 1082 2537 ipse
1107 2467 1172 2522 sit
1201 2466 1422 2522 dextera
1460 2467 1652 2535 Patris,
1685 2469 1802 2538 ejus
1831 2484 1890 2524 se
1919 2468 2063 2523 dicat

467 2559 694 2616 dextera
728 2561 936 2616 Domini
983 2562 1250 2619 contineri
1281 2581 1293 2616 :
1329 2563 1431 2619 hoc
1471 2563 1649 2634 potius
1678 2562 1879 2619 dictum
1921 2563 2063 2617 acci-

476 2653 728 2724 piendum
759 2663 842 2710 est
871 2669 900 2708 a
930 2666 1081 2724 parte
1112 2657 1508 2723 membrorum;
1541 2673 1660 2728 quae
1703 2657 1870 2712 forma
1913 2658 2062 2712 locu-

475 2743 640 2798 tionis
668 2742 979 2815 frequenter
1008 2755 1282 2817 assumpta
1313 2758 1414 2802 est.
1455 2747 1587 2802 Illud
1628 2758 1805 2802 tamen
1852 2746 2064 2817 regula-

472 2838 602 2895 riter
637 2846 720 2896 est
763 2838 1093 2909 tenendum,
1143 2847 1200 2893 ut
1244 2839 1384 2910 quod
1432 2839 1669 2905 dubitat,
1718 2839 2060 2905 humanitas;

472 2933 613 3004 quod
644 2934 936 3004 praesumit,
969 2931 1149 2988 Deitas
1179 2946 1302 2987 esse
1335 2932 1598 2987 videatur.
1630 2931 1925 3000 Sequitur:

546 3023 705 3080 Vera.
737 3024 823 3080 10.
875 3023 940 3078 Et
979 3024 1089 3079 dixi
1119 3039 1140 3080 :
1165 3021 1413 3078 Forsitan
1453 3023 1670 3078 tenebra:
1697 3023 2064 3078 conculcabunt

476 3133 577 3184 me,
600 3125 648 3172 et
674 3134 776 3172 non:
804 3117 1114 3172 illuminatio
1136 3133 1248 3170 mea
1269 3117 1322 3171 in
1343 3116 1540 3171 deliciis
1565 3116 1709 3171 meis.
1738 3115 1914 3171 Prima
1939 3129 2062 3186 pars

475 3223 667 3266 versus
697 3209 849 3270 istius
884 3210 984 3263 sub
1011 3207 1180 3264 ironia
1225 3207 1620 3278 pronuntianda
1651 3217 1755 3264 est.
1789 3207 2066 3278 Frequen-
2088 3235 2134 3301 C

475 3315 558 3361 ter
582 3306 724 3361 enim
749 3306 923 3372 aliqua
953 3301 1103 3373 quasi
1133 3277 1237 3358 sub
1255 3303 1603 3374 ambiguitate
1627 3301 1970 3373 proferimus,
1996 3301 2063 3358 de
2088 3277 2136 3302 u

473 3399 670 3469 quibus
699 3397 948 3452 dubitare
974 3412 1079 3451 non
1121 3412 1432 3466 possumus.
1475 3398 1612 3452 sicut
1642 3397 1694 3451 in
1725 3395 1832 3451 alio
1861 3396 2067 3465 psalmo

470 3491 580 3562 jam
609 3489 810 3544 dictum
838 3497 922 3544 est
950 3503 964 3542 :
992 3483 1239 3542 Forsitan
1259 3488 1398 3542 vivos
1423 3487 1754 3558 deglutissent
1780 3502 1872 3541 nos
1893 3485 2064 3557 (Psal.

473 3597 662 3645 CXXIII,
692 3580 771 3654 5),
803 3591 856 3637 et
885 3581 1116 3651 reliqua.
1143 3580 1426 3648 Quomodo
1450 3581 1590 3636 enim
1620 3580 1837 3636 tenebras
1862 3579 2070 3635 concul-

475 3691 594 3729 care
624 3685 890 3746 poterant,
914 3689 1032 3744 qua:
1054 3675 1143 3744 jus
1175 3675 1230 3729 in
1261 3681 1408 3730 tanta
1436 3673 1605 3746 gloria
1629 3690 1736 3730 non
1766 3674 2067 3730 habebant?

475 3769 595 3838 Ipse
641 3770 783 3824 enim
831 3769 960 3824 dicit
989 3768 1058 3823 de
1097 3782 1157 3822 se
1191 3785 1204 3821 :
1240 3766 1351 3840 Ego
1398 3785 1513 3823 sum
1560 3768 1652 3823 ista:
1693 3768 1850 3838 hujus
1891 3767 2069 3821 mundi

474 3863 658 3936 (Joun.
691 3879 808 3931 vttt,
849 3863 961 3933 12).
1005 3862 1111 3919 Sed
1144 3860 1460 3916 conculcavit
1493 3862 1582 3919 ille
1608 3860 1784 3932 potius
1811 3862 2063 3928 tenebras,

475 3957 564 4026 qui
593 3958 888 4012 caecitatem
920 3955 1079 4026 primi
1112 3954 1344 4011 hominis
1373 3954 1441 4010 ad
1473 3955 1589 4026 ejus
1621 3963 1866 4024 posteros
1896 3963 2068 4009 trans-

477 4058 714 4117 euntem,
732 4047 1116 4105 misericordiae
1139 4064 1249 4104 sua:
1273 4050 1392 4104 luce
1413 4049 1706 4118 superavit.
1733 4048 2069 4118 Quapropter

477 4143 578 4200 hoc
608 4151 873 4198 commate
900 4157 1008 4213 quo
1034 4139 1130 4208 ait,
1162 4139 1410 4196 Forsitan
1442 4142 1662 4196 tenebra:
1692 4140 2068 4194 conculcabunt

477 4253 578 4304 me,
607 4235 899 4292 irridentur
924 4233 1000 4288 illi
1034 4233 1124 4304 qui
1151 4233 1220 4288 de
1247 4233 1365 4304 ipso
1394 4241 1640 4302 poterant
1668 4231 1876 4288 timoris
1905 4231 2069 4288 alicu—

473 4333 562 4401 jus
592 4330 815 4385 nebulas
843 4325 1126 4397 suspicari.
1158 4326 1321 4397 Cujus
1360 4341 1553 4383 sensus
1595 4326 1838 4396 sequitur
1877 4327 2067 4396 expla-

476 4422 640 4489 natio,
677 4436 798 4476 cum
835 4420 967 4475 dicit
996 4437 1010 4474 :
1047 4419 1115 4473 Et
1146 4437 1248 4475 nos:
1276 4421 1586 4475 illuminatio
1612 4422 1665 4474 in
1696 4421 1892 4475 deliciis
1924 4423 2065 4478 meis.

477 4515 760 4584 Quomodo
789 4521 995 4584 poterat
1021 4529 1049 4566 a
1082 4511 1317 4568 tenebris
1348 4511 1672 4580 conculcari,
1705 4511 1791 4568 cui
1819 4524 1934 4570 erat
1965 4531 2068 4568 nos:

475 4607 785 4663 illuminatio
824 4608 878 4661 in
917 4606 1118 4662 deliciis
1147 4605 1295 4662 suis?
1324 4606 1546 4662 Noctem
1575 4605 1843 4678 signiﬁcat
1871 4607 2066 4664 inferni

477 4702 794 4765 claustrum,
824 4698 967 4769 quod
1001 4713 1190 4754 revera
1218 4697 1560 4764 illuminavit,
1588 4697 1803 4771 quando
1832 4707 2066 4769 potesta-

477 4802 583 4849 tem
630 4791 826 4848 diaboli
875 4791 1145 4857 contrivit,
1189 4800 1246 4846 et
1283 4791 1554 4848 hominem
1587 4807 1685 4848 sua
1721 4792 2066 4850 miseratione

477 4884 745 4955 liberavit,
776 4900 936 4954 quem
966 4885 1032 4938 ad
1062 4883 1347 4954 imaginem
1381 4892 1436 4939 et
1473 4881 1873 4940 similitudinem
1912 4900 2064 4941 suam

478 4979 743 5050 plasmare
781 4979 1028 5049 dignatus
1059 4986 1160 5034 est.
1192 4975 1260 5031 In
1287 4978 1486 5032 deliciis
1525 4990 1706 5034 autem
1738 4980 1881 5046 meis,
1913 4994 2057 5049 para~

479 5071 654 5125 disum
686 5069 967 5140 signiﬁcat,
998 5068 1141 5124 unde
1173 5067 1397 5138 primum
1427 5069 1698 5126 hominem
1730 5079 1946 5139 peccata
1968 5085 2062 5141 pe~

427 5175 432 5182 ‘
481 5163 761 5236 pulerunt;
793 5162 889 5217 sed
918 5159 1273 5216 confessionis
1311 5160 1576 5218 beneﬁcio
1616 5162 1811 5218 animas
1855 5173 2068 5220 sancto-

481 5269 600 5312 rum
630 5256 698 5312 ad
727 5257 846 5326 ejus
871 5255 1238 5311 amcenitatem
1271 5255 1498 5311 Domino
1529 5263 1816 5325 praestante
1836 5273 2066 5314 reversa:

481 5359 628 5408 sunt.
681 5350 768 5407 Sic
808 5351 952 5405 enim
989 5351 1231 5408 credenti
1261 5351 1456 5406 latroni
1499 5349 1701 5406 dictum
1731 5361 1815 5409 est
1856 5369 1869 5405 :
1907 5353 2069 5407 Amen

481 5446 598 5499 dico
641 5444 750 5510 tibi,
783 5442 934 5498 hodie
973 5458 1172 5498 mecum
1213 5441 1311 5498 eris
1350 5443 1404 5498 in
1451 5442 1693 5512 paradiso
1725 5441 1881 5512 (Luc.
1914 5457 2066 5510 mu,

480 5535 594 5604 l5).
628 5531 914 5591 Paradisus
943 5534 1085 5589 enim
1131 5534 1463 5604 significatur
1491 5533 1892 5592 amoenissimus
1921 5534 2070 5591 locus

481 5638 535 5684 et
561 5625 884 5685 felicissimae
907 5626 1256 5695 iucunditatis
1285 5637 1487 5683 aeterna
1513 5626 1789 5683 securitas.

557 5720 713 5777 Vera.
746 5719 835 5774 Η.
870 5718 1007 5785 Quia
1037 5718 1253 5772 tenebris
1290 5735 1392 5773 non
1437 5720 1834 5774 obscurabuntur
1861 5736 1894 5774 a
1924 5729 1992 5786 te,
2023 5730 2072 5775 et

482 5823 590 5867 nos
613 5813 748 5868 sicut
774 5809 884 5865 dies
908 5806 1284 5863 illuminabitur
1315 5824 1333 5864 :
1363 5809 1492 5863 sicut
1521 5810 1736 5865 tenebrae
1764 5813 1898 5881 ejus,
1926 5812 1999 5868 ita
2025 5821 2076 5869 et

2166 1906 2548 1978 protubetarum
2599 1905 2740 1962 dicta
2797 1916 3101 1978 patuerunt.
3160 1909 3223 1963 Et
3279 1907 3420 1964 bene
3471 1917 3761 1978 utrumque

2163 2000 2507 2072 conjunctum
2535 2010 2639 2069 est,
2671 2003 2800 2056 sicut
2830 2004 3048 2058 tenebrat
3077 2005 3211 2076 ejus,
3241 2004 3310 2057 ita
3347 2012 3394 2058 et
3424 2003 3588 2057 lumen
3615 2006 3752 2071 ejus,

2163 2096 2286 2165 quia
2328 2093 2383 2150 in
2423 2105 2653 2167 utroque
2684 2097 2882 2153 veritas
2911 2097 3026 2165 fuit,
3059 2099 3322 2154 sive-cum
3353 2099 3575 2155 obscura
3601 2099 3751 2156 vide-

2163 2202 2374 2258 rentur,
2399 2192 2512 2249 sive
2537 2209 2658 2250 cum
2689 2194 2986 2251 illuminata
3016 2207 3322 2266 patuerunt.

2241 2285 2394 2342 Vers.
2421 2286 2508 2341 12.
2543 2287 2802 2355 Quoniam
2829 2298 2882 2343 tu
2911 2289 3180 2360 possedisti
3210 2306 3354 2344 renes
3383 2306 3544 2354 meos,
3574 2288 3759 2343 Domi-

2166 2391 2268 2444 tte,‘
2293 2377 2564 2446 suscepisti
2596 2394 2673 2432 me
2701 2378 2767 2432 de
2793 2390 2937 2433 utero
2971 2381 3152 2434 ntatris
3182 2397 3324 2436 mare.
3357 2380 3520 2435 lienes
3549 2382 3761 2452 signiﬁ-

2163 2476 2289 2523 cant
2319 2467 2689 2525 fortitudinem
2723 2471 3083 2540 corporalem,
3115 2470 3203 2542 qui
3232 2470 3358 2526 dum
3390 2472 3528 2527 bene
3557 2472 3764 2542 vigent,

2164 2575 2362 2630 corpus
2411 2572 2655 2617 nostrum
2707 2578 2894 2619 eorum
2945 2563 3244 2619 ministerio
3287 2575 3596 2636 vegetatur;
3637 2581 3765 2621 cum

2166 2653 2368 2710 fuerint
2401 2654 2586 2723 saucii,
2617 2655 2884 2713 imbecilla
2917 2657 3073 2714 nimis
3112 2657 3396 2731 fragilitate
3434 2660 3765 2717 succumbit.

2166 2742 2504 2814 Quapropter
2524 2763 2668 2801 renes
2693 2762 2820 2803 suos
2841 2747 3032 2804 merito
3059 2748 3219 2822 471
3249 2765 3278 2804 a
3308 2751 3462 2806 Patre
3492 2752 3622 2808 dicit
3655 2771 3770 2809 csse
3843 2811 3846 2816 _

2166 2851 2447 2906 possessas,
2480 2838 2570 2907 qui
2600 2838 2836 2894 cmlcstis
2880 2840 3100 2910 juStitim
3142 2845 3393 2898 firmitate
3435 2849 3766 2914 consistens,

2167 2937 2443 2998 peccatum
2476 2929 2678 3000 fragilis
2720 2932 2962 3001 corporis
3009 2933 3293 3004 ignoravit.
3344 2935 3420 2991 De
3460 2946 3600 2991 utr-ro
3632 2955 3769 2994 vero

2167 3023 2371 3092 matris,
2395 3022 2464 3079 de
2493 3023 2788 3096 Synagogte
2831 3025 3022 3083 ﬁnibus
3047 3025 3196 3094 dicit,
3222 3028 3344 3099 quia
3376 3030 3490 3100 ipse
3518 3046 3614 3100 per
3645 3047 3771 3086 sus-

2166 3124 2375 3186 ceptam
2420 3130 2639 3171 carnem
2683 3132 2712 3171 a
2757 3115 3034 3190 Synagoga
3067 3130 3354 3192 generatus
3407 3129 3510 3189 est,
3543 3123 3770 3193 quando

2167 3225 2289 3265 eum
2333 3210 2437 3266 ritu
2487 3209 2795 3265 Judmorum
2843 3221 3032 3268 octavo
3081 3213 3170 3268 die
3213 3211 3589 3269 circumcisum
3641 3230 3774 3273 esse

2169 3301 2558 3372 cognovimus:
2586 3311 2896 3372 susceptum
2940 3318 3001 3359 se
3033 3295 3321 3375 perliibens
3354 3322 3382 3361 a
3420 3306 3624 3364 deitate
3665 3309 3774 3364 Pa-

2171 3393 2286 3462 tris,
2314 3393 2428 3450 sive
2457 3409 2575 3461 sua,
2606 3396 2858 3463 quoniam
2901 3405 3186 3468 utrumque
3215 3413 3378 3453 unum
3409 3409 3515 3454 est.
3557 3399 3686 3455 Nam
3720 3403 3770 3457 si

2170 3485 2274 3542 hoc
2307 3486 2678 3542 tantummodo
2707 3487 2775 3542 de
2804 3486 3053 3559 virginali
3081 3497 3233 3544 utero
3279 3489 3412 3544 Veiis
3456 3491 3766 3558 advertere,

2170 3595 2276 3636 non
2309 3581 2484 3637 solum
2515 3581 2731 3652 quando
2757 3597 3026 3652 egressus,
3056 3583 3150 3650 sed
3176 3583 3389 3652 quando
3417 3584 3615 3656 Spiritu
3638 3603 3769 3642 san-

2169 3682 2257 3729 cto
2294 3684 2586 3746 conceptus
2612 3683 2718 3742 est,
2749 3689 2778 3729 a
2812 3674 3036 3732 Domino
3065 3676 3321 3746 probatur
3341 3688 3670 3747 assumptus,
3705 3689 3770 3734 ut

2169 3784 2235 3824 ex
2261 3768 2362 3822 hoc
2386 3767 2698 3824 Nestoriana
2719 3768 3032 3823 destruatur
3054 3768 3322 3838 iniquitas.
3349 3767 3432 3824 Ex
3452 3782 3590 3824 utero
3613 3769 3764 3826 enim

2169 3861 2429 3933 signiﬁcat
2451 3861 2504 3916 in
2530 3872 2705 3930 utero,
2735 3861 2872 3918 sicut
2897 3861 3152 3918 Dominus
3174 3861 3247 3916 ait
3269 3862 3502 3918 Jcremia:
3527 3879 3540 3914 :
3569 3861 3758 3916 Prius-

2169 3972 2325 4027 quam
2353 3966 2398 4010 te
2428 3959 2702 4028 formarent
2731 3957 2783 4009 in
2814 3966 2958 4011 utero
2984 3957 3100 4012 novi
3127 3967 3194 4025 te,
3228 3967 3274 4012 et
3303 3957 3352 4012 in
3380 3957 3523 4011 uulua
3551 3959 3762 4010 sancti-

2170 4047 2321 4118 [ἱεαυὶ
2349 4057 2395 4102 te
2423 4047 2555 4119 (Jer.
2589 4063 2628 4114 ι,
2672 4046 2752 4118 5).
2786 4047 2979 4103 Verum
3014 4048 3127 4104 lucc
3151 4047 3329 4103 omnia
3353 4064 3382 4103 a
3413 4059 3601 4103 natura
3632 4064 3768 4103 sus-

2171 4152 2326 4212 cepta
2371 4139 2600 4196 hominis
2643 4140 2694 4196 in
2749 4140 2919 4197 sancti
2968 4141 3138 4196 Patris
3179 4143 3383 4198 honore
3423 4141 3768 4210 referuntur,

2171 4235 2309 4294 sicut
2354 4236 2624 4309 Evangelii
2676 4246 2851 4293 textus
2900 4237 3155 4306 ostendit,
3199 4236 3608 4293 deliberationis
3654 4235 3786 4307 ejus

2173 4332 2336 4388 fuisse
2366 4332 2577 4387 Patrem
2613 4334 2932 4402 prmdicare,
2975 4331 3302 4387 voluntatem
3344 4331 3462 4400 ejus
3516 4331 3780 4400 implere,

2171 4431 2447 4491 acceptum
2478 4423 2544 4478 ab
2573 4437 2638 4476 eo
2665 4423 2886 4477 calicem
2919 4422 3127 4488 bibere,
3159 4430 3212 4476 et
3248 4423 3297 4476 in
3329 4422 3472 4477 nulla
3507 4431 3664 4493 parte
3706 4423 3788 4478 ab

2172 4515 2340 4585 ipsius
2363 4515 2782 4586 dispensationis
2806 4514 2972 4586 gloria
3001 4515 3329 4585 discrepare.

2093 4637 2148 4698 Β
2248 4611 2401 4667 Vers.
2423 4613 2510 4668 15.
2543 4610 2832 4680 Conﬁtebor
2859 4610 2966 4676 tibi,
2997 4609 3237 4678 Domine,
3262 4609 3504 4681 quoniam
3535 4607 3795 4664 terribili-

2171 4711 2246 4756 ter
2275 4702 2578 4770 miri/icatus
2599 4718 2651 4756 es
2674 4717 2693 4756 :
2724 4701 2854 4756 mira
2883 4717 3040 4772 Opera
3067 4711 3175 4768 tua,
3209 4711 3254 4756 et
3283 4703 3458 4756 anima
3486 4718 3602 4755 mea
3635 4704 3794 4756 norit

2171 4795 2326 4866 [_mss.
2352 4797 2440 4859 A.,
2470 4795 2553 4860 8.,
2579 4796 2934 4866 magniﬁcatus
2958 4813 3030 4863 es,
3057 4796 3456 4851 mirabilia......
3483 4795 3796 4870 cognoscit]

2171 4885 2344 4944 nimis.
2378 4887 2534 4942 Venit
2561 4887 2628 4942 ad
2660 4889 2877 4942 tertium
2906 4889 3122 4944 modum
3143 4929 3158 4956 ,
3205 4887 3294 4942 ubi
3319 4889 3500 4944 laudat
3528 4887 3794 4957 Patrem,

2171 4981 2262 5052 qui
2304 4981 2356 5035 in
2399 4996 2524 5036 eum
2564 4981 2822 5037 miracula
2863 4991 3008 5037 tanta
3057 4981 3393 5037 monstravit.
3449 4979 3799 5034 Terribiliter

2173 5077 2316 5132 enim
2342 5076 2647 5144 miriﬁcatus
2674 5083 2747 5130 est
2775 5075 2955 5144 Pater,
2985 5076 3200 5146 quando
3225 5075 3529 5144 passionem
3557 5073 3797 5129 Domini

2171 5168 2377 5226 Christi
2408 5167 2644 5224 tenebras
2673 5177 2799 5223 sunt
2825 5179 3049 5234 secutas,
3080 5177 3222 5222 terra
3251 5166 3607 5230 contremuit,
3641 5181 3799 5222 saxa

2172 5263 2385 5332 dirupta
2413 5271 2569 5328 sunt,
2615 5261 2860 5332 sepulcra
2906 5269 3233 5332 patuerunt,
3278 5259 3480 5315 mortui
3521 5273 3800 5316 resurre-

2172 5353 2356 5410 Ctione
2381 5351 2544 5406 lastati
2566 5361 2712 5417 sunt,
2735 5366 2852 5406 cum
2877 5350 2992 5419 ipse
3021 5350 3216 5404 iterum
3243 5348 3298 5402 in
3329 5346 3520 5402 eodem
3542 5363 3808 5417 corpore

2176 5452 2363 5500 sancta
2392 5446 2787 5501 resurrectione
2809 5451 3129 5513 conspectus
3149 5449 3252 5512 est,
3276 5440 3403 5496 dum
3429 5439 3496 5495 ad
3525 5441 3808 5512 discipu-

2177 5537 2260 5593 los
2293 5551 2418 5592 suos
2441 5537 2622 5607 januis
2651 5536 2847 5591 clausis
2877 5534 3132 5602 intravit,
3169 5533 3296 5589 dum
3340 5533 3508 5589 caelos
3538 5533 3648 5587 sub
3691 5534 3810 5590 ito-

2182 5630 2388 5684 minum
2417 5630 2624 5685 visione
2649 5627 2989 5693 conscendit;
3019 5643 3134 5698 quae
3166 5627 3288 5683 licet
3323 5627 3538 5699 propria
3570 5627 3819 5688 deitate

2182 5723 2565 5792 compleverit,
2602 5736 2747 5776 more
2787 5733 2888 5776 suo
2935 5720 3170 5790 paternis
3217 5719 3318 5775 hoc
3352 5719 3661 5776 virtutibus
3701 5739 3822 5798 ap-

2187 5815 2436 5885 plicavit,
2466 5823 2525 5872 ut
2551 5814 2716 5888 (sicut
2741 5826 2887 5886 saepe
2915 5813 3118 5870 dictum
3146 5814 3251 5885 cst)
3281 5823 3481 5871 sancta:
3510 5829 3821 5886 coopera-
