4114 6362
298 416 396 478 989

1152 386 1505 454 EXPOSITIO
1538 385 1606 442 IN
1645 377 2098 442 PSALTEBlUM.
2139 375 2330 435 PSAL.
2372 371 2703 433 CXXXVIII.

3452 364 3554 420 990

299 534 460 594 “onis
487 527 813 599 pmefacerel
836 523 1113 578 υηιωιρηι,
1140 513 1413 585 sequitur,
1436 510 1565 563 mira
1590 521 1739 575 Opera
1763 514 1869 566 tua,
1899 506 1951 564 Α
1982 496 2188 568 Adjecit
2217 496 2381 559 enim,
2412 503 2460 549 et
2488 494 2539 548 in
2573 493 2702 546 libro
2730 498 2816 545 tuo
2845 505 3013 545 omnes
3041 489 3340 553 scribentur,
3373 485 3555 555 utique

2061 593 2071 599 .
2326 588 2533 599 Α
2723 585 2789 599 ..
2890 584 2991 599 ,υ
3111 577 3555 599 κ.γ,...η,,,,η,

300 639 344 685 ει
374 626 546 680 anima
589 636 698 673 mea
727 617 860 672 novit
899 613 1070 667 nimis.
1101 610 1326 678 Operam
1358 602 1528 657 Patris
1560 601 1746 653 miram
1780 611 1875 648 uo-

309 730 477 783 verat,
509 715 633 786 quia
662 712 823 782 (sicut
853 706 1099 777 superius
1142 699 1299 769 dixit)
1334 712 1436 751 nox
1478 690 1795 749 illuminatio
1826 689 1880 743 in

303 812 509 870 deliciis
541 808 655 876 ejus
681 813 817 871 erat,
850 802 971 872 quia
1006 795 1315 868 possederat
1340 805 1498 845 renes
1528 789 1722 857 ipsius,
1759 785 1880 853 quia

304 908 454 964 illum
484 908 793 969 susceperat
830 912 892 952 ex
922 904 1074 949 utero
1104 888 1289 945 matris
1317 900 1459 951 suae;
1492 896 1711 939 necesse
1740 877 1880 933 enim

309 1001 408 1055 fuit
435 1006 491 1051 ut
522 996 672 1049 illum
700 990 994 1047 mirabilem
1027 991 1396 1055 cognosceret,
1428 992 1586 1049 quem
1618 983 1884 1030 tantorum

311 1089 688 1147 beneficiorum
735 1084 1011 1154 pissimum
1060 1076 1364 1146 largitorem
1419 1068 1720 1125 humanitas
1771 1063 1885 1133 ejus

313 1184 468 1253 plena
498 1179 662 1235 divini
702 1174 915 1232 luminis
958 1173 1201 1228 claritate
1230 1166 1483 1225 cernebat
1517 1180 1530 1218 :
1566 1163 1711 1233 quia,
1752 1160 1888 1213 sicut

311 1252 364 1330 in
397 1272 682 1343 Evangelia
716 1269 883 1324 dicit:
926 1266 1090 1321 Nemo
1119 1264 1255 1318 novit
1305 1260 1515 1315 Patrem
1552 1256 1651 1311 nisi
1693 1252 1741 1306 F
1744 1255 1887 1317 ilius,

312 1380 357 1424 et
388 1370 470 1422 cui
498 1367 710 1421 coluerit
736 1362 907 1417 Filius
930 1360 1152 1416 reuelare
1173 1354 1386 1427 (Matth.
1414 1351 1684 1423 xt,‘27);et
1709 1349 1887 1412 aliter,

315 1462 438 1517 ideo
488 1467 707 1514 noverat
732 1456 891 1511 nimis
929 1466 1146 1524 operam
1187 1448 1381 1515 Patris,
1432 1446 1581 1516 quia,
1614 1443 1752 1499 sicut
1778 1442 1890 1513 ipse

317 1557 476 1613 dicit:
503 1552 614 1627 Ego
635 1556 688 1607 in
717 1551 892 1616 Patre,
920 1558 967 1605 et
994 1546 1151 1602 Pater
1178 1546 1233 1600 in
1255 1559 1334 1598 me
1354 1550 1426 1596 est
1448 1538 1626 1614 (Joan.
1648 1551 1758 1602 xtv,
1778 1535 1801 1588 l
1822 1532 1889 1603 Ι);

319 1668 423 1707 non
442 1651 580 1705 enim
607 1649 685 1703 sic
704 1654 884 1716 potest
911 1657 1092 1707 nosse,
1120 1640 1210 1710 qui
1232 1644 1515 1707 separatur
1535 1632 1890 1687 extrinsecus.

318 1746 460 1802 Istud
476 1745 617 1800 enim
633 1756 792 1797 nosse
809 1734 1200 1799 inaasdmabile,
1221 1730 1493 1800 singulare
1514 1725 1898 1797 atqueincom-

321 1837 681 1911 prclicnsibile
720 1844 802 1891 est
827 1873 844 1900 ,
887 1830 1099 1903 quando
1144 1827 1196 1881 in
1226 1839 1284 1880 se
1312 1825 1632 1879 alterutrum
1678 1830 1898 1872 manere

321 1940 635 1990 noscuntur.

396 2033 549 2089 Vers.
580 2029 666 2085 M.
702 2028 825 2082 Non
854 2036 925 2081 est
952 2022 1258 2080 occultatum
1298 2036 1353 2075 os
1380 2034 1546 2074 meum
1575 2033 1607 2070 a
1637 2023 1686 2070 te
1709 2055 1722 2081 ,
1765 2011 1900 2082 quod

320 2128 481 2199 fecisti
507 2128 559 2179 in
589 2125 820 2187 occulto;
846 2131 890 2175 et
911 2118 1191 2174 substantia
1222 2132 1331 2171 mea
1362 2116 1414 2168 in
1444 2110 1769 2181 inferioribus
1796 2118 1901 2161 ter-

320 2237 412 2277 ra.
445 2218 514 2273 0s
546 2218 629 2271 hic
666 2231 770 2270 non
806 2228 896 2268 ora
939 2210 1238 2281 signiﬁcat,
1272 2207 1367 2262 sed
1412 2205 1540 2260 illud
1581 2202 1721 2271 quod
1755 2200 1904 2255 venit

322 2316 391 2371 ab
415 2313 655 2375 ossibus;
687 2308 826 2379 quod
854 2319 1039 2360 revera
1068 2304 1118 2357 in
1149 2300 1359 2355 occulto
1389 2297 1586 2351 factum
1625 2304 1708 2348 est
1728 2337 1743 2358 ,
1774 2293 1899 2345 dum

321 2410 375 2466 in
409 2404 749 2463 interioribus
775 2399 1016 2469 corporis
1059 2394 1230 2450 nostri
1267 2400 1477 2447 constat
1505 2403 1625 2443 esse
1656 2383 1903 2441 recondi-

320 2512 458 2559 tum.
488 2499 619 2567 Quis
648 2498 791 2553 enim
828 2506 951 2549 ossa
981 2492 1033 2544 in
1062 2489 1277 2544 homine
1310 2484 1505 2547 videat,
1536 2480 1662 2535 dum
1694 2487 1747 2533 et
1775 2490 1902 2530 caro

324 2597 413 2653 illa
455 2593 686 2653 vestiat,
722 2598 778 2644 et.
802 2585 1123 2656 superducta
1155 2580 1291 2634 cutis
1317 2574 1648 2633 abscondat?
1678 2569 1828 2638 Quod
1858 2569 1903 2623 si

325 2690 428 2744 hoc
458 2686 625 2754 magis
645 2674 1001 2749 spiritualiter
1027 2675 1253 2730 velimus
1275 2670 1543 2739 accipere,
1573 2664 1782 2721 facilius
1811 2676 1904 2715 no-

327 2782 410 2838 bis
436 2794 556 2849 quae
603 2776 744 2831 dicta
778 2779 901 2829 sunt
932 2770 1264 2825 intimantur.
1296 2765 1582 2833 Postquam
1626 2760 1678 2814 in
1711 2754 1901 2813 condi-

325 2873 474 2928 tione
512 2883 689 2925 rcrum
733 2869 838 2922 Eva
881 2864 950 2919 de
983 2862 1109 2916 Adae
1149 2867 1295 2915 costa
1336 2856 1568 2911 formata
1614 2860 1724 2920 est,
1770 2849 1903 2904 dixit

326 2966 405 3019 vir
431 2965 543 3033 ejus
572 2982 584 3017 :
620 2962 733 3016 Hoc
760 2977 816 3014 os
842 2961 905 3014 de
932 2957 1124 3014 ossibus
1145 2954 1285 3019 meis,
1312 2962 1358 3006 et
1378 2966 1501 3004 caro
1529 2947 1593 3000 de
1616 2960 1767 3000 carne
1794 2958 1903 2997 mea

328 3058 480 3130 (Gen.
504 3055 700 3124 11,25).
727 3053 1016 3122 Apostolus
1040 3059 1215 3104 autem
1234 3045 1300 3101 ad
1323 3043 1633 3114 conjugatos
1656 3040 1900 3109 loquens,

328 3152 468 3208 istud
513 3149 825 3219 mysterium
855 3146 920 3199 ad
952 3143 1080 3215 quid
1111 3141 1381 3212 pertinere
1410 3135 1617 3206 possit,
1661 3130 1902 3201 exponit,

327 3243 541 3299 dicens:
569 3240 683 3294 Hoc
705 3254 945 3309 magnum
968 3244 1040 3289 est
1068 3240 1458 3292 sacramentum,
1485 3244 1576 3298 ego
1597 3235 1769 3305 autem
1790 3224 1903 3276 dico

326 3337 380 3390 in
403 3335 603 3388 Christo
636 3343 678 3386 et
705 3333 756 3384 in
789 3328 1017 3382 Ecclesia
1047 3324 1267 3397 (Ep/tes.
1300 3338 1360 3387 v,
1392 3318 1665 3391 3:2).Unde
1695 3325 1902 3371 constat

329 3446 383 3484 os
423 3426 632 3483 Domini
664 3423 955 3480 Ecclesiam
979 3420 1066 3477 hic
1086 3418 1283 3474 debere
1314 3414 1559 3485 intelligi.
1596 3413 1661 3467 Et
1688 3420 1745 3465 ut
1768 3425 1906 3480 prac-

329 3522 474 3577 dicto
511 3518 755 3587 exemplo
788 3516 995 3584 plenius
1041 3521 1286 3581 aptemus
1316 3510 1404 3563 illa
1435 3522 1553 3577 (illi!)
1583 3506 1723 3560 dicta
1756 3509 1901 3565 sunt,

329 3623 452 3670 ante
492 3613 777 3667 adventum
818 3607 1027 3664 Domini
1057 3605 1264 3661 occulta
1294 3603 1503 3658 fuerunt
1533 3599 1774 3669 quaedam
1806 3596 1906 3651 Ec-

331 3708 509 3764 clesia:
538 3714 895 3768 sacramenta,
929 3710 984 3756 ut
1012 3700 1334 3769 baptismum
1368 3710 1599 3759 sacrum,
1637 3702 1909 3760 utcorpus

332 3815 384 3857 et
410 3800 625 3869 sanguis
674 3794 916 3863 Domini,
957 3803 1009 3850 et
1038 3801 1232 3848 caetera
1280 3805 1398 3861 qua:
1446 3787 1774 3858 plenitudine
1814 3802 1908 3840 ve-

332 3896 512 3951 niente
541 3894 868 3949 claruerunt.
897 3888 1137 3952 Addidit,
1169 3897 1218 3942 et
1256 3887 1537 3941 substantia
1561 3902 1669 3939 mea
1696 3886 1749 3939 in
1779 3885 1911 3953 iri/2.

329 3990 547 4044 rioribus
570 3997 737 4041 terrae.
754 3983 1004 4040 lnferiora
1028 3992 1183 4038 terrae
1206 3979 1668 4050 fueruntgentium
1688 3977 1911 4032 cultura:

331 4082 633 4147 sordentes,
662 4094 780 4149 qua:
811 4078 967 4146 longe
996 4086 1121 4130 tunc
1145 4090 1177 4131 a
1205 4074 1511 4129 Judaiorum
1544 4071 1800 4139 religione
1831 4069 1912 4124 di-

334 4175 568 4229 stabant.
602 4171 707 4227 Scd
735 4168 866 4238 ipsis
899 4168 1034 4223 facta
1076 4175 1158 4222 est
1202 4177 1325 4221 nota
1374 4164 1668 4220 substantia
1700 4164 1912 4219 Domini

335 4263 666 4328 Salvatoris,
698 4261 909 4333 quando
950 4261 1005 4316 in
1047 4263 1164 4331 ipso
1195 4260 1553 4331 intelligcutcs
1580 4259 1913 4314 leillilalt'lll

335 4359 529 4425 Verbi,
561 4373 654 4428 per
688 4356 1033 4427 apostolicam
1083 4353 1383 4409 doctrinam
1412 4352 1618 4408 devotis
1649 4351 1916 4407 mentibus

335 4464 677 4523 acceperunt.
712 4453 840 4507 Nam
869 4452 995 4507 licet
1023 4456 1207 4506 essent
1232 4450 1459 4504 diversa:
1499 4449 1741 4503 nationes
1762 4487 1775 4511 ,
1823 4462 1917 4516 per

334 4552 744 4623 superstitiones
774 4566 899 4606 suas
927 4551 1174 4619 inferiora
1198 4560 1246 4604 te
1276 4565 1375 4615 rte,
1409 4550 1714 4619 superiores
1739 4557 1917 4604 tamen

337 4643 560 4700 redditae
599 4651 724 4697 sunt
750 4641 972 4711 Judzeis,
1005 4643 1324 4699 Christianae
1352 4642 1625 4715 religionis
1656 4641 1916 4696 salutares

336 4738 550 4809 regulas
584 4737 924 4793 imbibentes.

414 4832 567 4886 Vers.
601 4831 687 4886 15.
718 4828 1089 4900 Imperfectum
1118 4846 1279 4885 meum
1308 4831 1542 4885 uiderunt
1574 4830 1707 4883 oculi
1739 4832 1831 4894 tui,
1866 4839 1918 4883 et

336 4926 393 4979 in
417 4925 545 4980 libro
568 4936 653 4979 tuo
677 4942 847 4980 omnes
868 4927 1147 4980 scribentur
1166 4941 1186 4981 :
1206 4926 1287 4979 die
1313 4926 1445 4998 [ed.,
1472 4923 1565 4997 dii]
1582 4925 1919 4995 ﬁrmabuntur

340 5018 495 5091 (mss.
527 5018 619 5082 A.,
639 5019 723 5084 8.,
746 5017 1147 5091 formabuntur],
1172 5029 1220 5072 et
1241 5034 1386 5073 nemo
1406 5021 1457 5073 in
1482 5021 1575 5077 eis.
1601 5020 1800 5074 Natura
1825 5019 1914 5073 illa

342 5112 603 5179 hominis,
651 5128 770 5182 qua:
799 5126 858 5167 se
892 5112 943 5165 in
973 5112 1260 5181 Evangelia
1288 5112 1536 5183 ignorare
1589 5114 1724 5168 dixit
1764 5114 1926 5169 ﬁnem

341 5204 502 5274 hujus
528 5205 732 5270 mundi,
757 5214 812 5260 et
838 5220 956 5275 quae
977 5206 1052 5258 ait
1075 5222 1087 5257 :
1116 5204 1304 5259 Tristis
1323 5214 1397 5259 est
1428 5206 1601 5259 anima
1624 5222 1739 5259 mea
1766 5220 1926 5277 usque

340 5297 411 5351 ad
434 5306 641 5352 mortem
666 5295 878 5368 (Matth.
894 5312 1038 5362 xxvt,
1057 5293 1168 5366 58),
1187 5306 1239 5354 et
1267 5298 1348 5353 his
1370 5298 1584 5364 similia,
1614 5301 1730 5370 ipsa
1755 5309 1809 5354 et
1832 5300 1929 5353 int-

342 5397 621 5464 perfectum
649 5407 807 5449 suum
834 5392 1047 5448 Patrem
1078 5393 1263 5447 vidisse
1289 5401 1534 5449 testatur.
1562 5392 1929 5466 Imperfectum

343 5484 609 5554 siquidem
638 5486 755 5555 ejus
786 5497 888 5551 est,
917 5486 1058 5555 quod
1089 5485 1263 5540 adhuc
1294 5485 1533 5541 Ecclesia
1570 5501 1737 5555 usque
1766 5486 1830 5540 ad
1861 5486 1927 5540 li-

346 5596 470 5637 nem
499 5581 683 5636 sasculi
708 5590 1097 5651 congregatur,
1129 5580 1267 5650 quod
1312 5581 1363 5635 in
1409 5581 1497 5635 illa
1534 5583 1931 5635 resurrectione

347 5676 518 5731 beatis
551 5682 767 5745 praemia
800 5676 1060 5746 promissa
1085 5675 1303 5731 daturus
1332 5685 1434 5741 est,
1462 5674 1602 5745 quod
1631 5662 1737 5730 erit
1758 5675 1930 5729 omnia

346 5771 402 5823 in
431 5770 663 5825 omnibus
692 5770 742 5844 (Ι
768 5768 885 5825 Cor.
922 5784 1009 5836 xv,
1036 5768 1150 5840 28).
1178 5769 1281 5826 Sed
1316 5769 1490 5825 Deitas
1518 5771 1614 5824 ista
1641 5769 1749 5839 jam
1775 5769 1931 5840 vidit,

350 5876 469 5930 quae
499 5863 672 5916 adhuc
703 5862 873 5931 longis
904 5871 1022 5929 post
1050 5862 1379 5927 temporibus
1412 5861 1584 5916 futura
1621 5868 1930 5918 servantur.

352 5955 486 6011 Nam
516 5957 584 6013 de
607 5958 758 6013 beato
789 5956 984 6027 populo
1014 5955 1153 6011 istud
1183 5956 1287 6011 dici
1319 5957 1599 6028 sequentia
1631 5956 1935 6014 declarant.

1942 4692 1993 4752 D

1985 593 2075 661 qui
2098 600 2296 644 :rterna
2324 588 2571 644 felicitate
2600 585 2928 657 gaudebunt.
2953 584 3079 638 Nam
3104 582 3245 637 sicut
3267 578 3391 634 illud
3417 577 3556 647 quod

1966 681 2035 755 in
2069 681 2205 736 libro
2236 680 2510 745 scribitur,
2539 680 2804 748 scriptura
2836 677 3148 732 continente
3188 681 3453 736 servatur,
3488 669 3559 724 ita

1985 775 2087 831 hoc
2118 774 2284 829 multo
2316 772 2522 827 ﬁrmius
2551 770 2717 826 ﬁxum
2749 777 2966 834 manet,
3000 765 3141 837 quod
3172 763 3429 820 memoria
3462 761 3567 816 Do—

1986 865 2116 923 mini
2144 866 2465 923 continetur.
2500 862 2785 932 Sequitur,
2819 860 2898 914 die
2943 857 3297 929 ﬁrmabuntur,
3342 864 3386 908 et
3418 868 3561 906 nemo

1986 959 2038 1013 in
2061 959 2165 1023 eis;
2189 957 2262 1012 illi
2291 956 2498 1013 scilicet
2522 953 2662 1008 beati
2685 953 2751 1009 de
2778 951 2971 1023 quibus
2990 948 3120 1006 fecit
3142 948 3388 1018 superius
3414 960 3561 999 meu-

1988 1051 2183 1105 tionem
2214 1090 2228 1115 ,
2275 1049 2354 1101 die
2384 1045 2723 1116 ﬁrmabuntur
2752 1086 2764 1109 ,
2806 1040 2858 1098 id
2886 1052 2997 1111 est,
3029 1041 3097 1096 de
3146 1055 3275 1097 vero
3306 1039 3395 1094 illo
3442 1037 3566 1093 Sale

1991 1143 2224 1214 perfecta
2255 1138 2473 1195 luminis
2505 1137 2749 1193 claritate
2780 1134 3085 1205 complendi
3111 1142 3270 1198 sunt,
3306 1139 3361 1186 ut
3391 1130 3481 1184 ﬁat
3510 1131 3571 1185 il-

1994 1235 2083 1290 lud
2117 1234 2258 1304 quod
2288 1234 2490 1288 dictum
2520 1240 2603 1286 est
2634 1248 2647 1283 :
2687 1230 2832 1286 Sicut
2878 1228 3025 1283 stella
3055 1225 3114 1281 ab
3146 1226 3294 1280 stella
3326 1222 3492 1293 cii/fert
3524 1224 3574 1304 in

1992 1327 2251 1391 claritate,
2282 1326 2354 1379 sic
2381 1325 2473 1379 erit
2498 1323 2801 1377 resurrectio
2842 1330 3158 1374 mortuarum
3188 1310 3451 1387 (Ibidem,
3482 1300 3572 1377 bl,

1993 1416 2104 1485 42).
2135 1416 2199 1469 fit
2232 1424 2351 1470 nota
2374 1415 2497 1485 quia
2523 1430 2625 1468 non
2651 1412 2806 1477 dixit,
2836 1412 2923 1466 die
2945 1407 3276 1466 clarificandi
3305 1419 3448 1475 sunt,
3481 1406 3572 1461 sed

1996 1510 2076 1565 die
2113 1509 2357 1579 firmandi
2383 1516 2534 1573 sunt;
2577 1521 2698 1560 nam
2730 1505 2775 1560 si
2804 1502 3048 1569 dixisset,
3076 1499 3402 1557 clarificandi
3433 1508 3575 1562 sunt,

1998 1612 2207 1673 poterat
2256 1601 2501 1656 fortassis
2542 1608 2595 1655 et
2630 1597 2694 1652 ad
2724 1597 2894 1675 breve
2935 1604 3143 1664 tempus
3175 1588 3416 1663 intelligi.
3447 1592 3577 1647 Nam

1998 1707 2119 1747 cum
2148 1691 2276 1746 dicit
2303 1691 2666 1761 ﬁrmabuntur,
2699 1688 3052 1744 aeternitatem
3082 1685 3328 1741 beneﬁcii
3360 1692 3581 1739 testatur

2001 1798 2121 1839 esse
2152 1797 2481 1838 mansuram.
2512 1780 2798 1852 Subjunxit
2819 1822 2834 1849 ,
2881 1790 2928 1834 et
2961 1795 3107 1834 nemo
3154 1778 3205 1831 in
3248 1780 3351 1843 eis;
3383 1777 3582 1830 subau-

1923 1908 1969 1968 Β
2005 1876 2288 1943 diendum,
2341 1874 2729 1938 infirmabitur,
2787 1872 2913 1943 quia
2956 1871 3066 1943 jam
3114 1868 3287 1924 omnis
3332 1867 3584 1938 fragilitas

2003 1970 2178 2024 carnis
2224 1967 2443 2037 explosa
2476 1965 2762 2032 discedet,
2808 1973 2862 2019 ct
2901 1962 3077 2019 omnis
3121 1959 3415 2017 mortalitas
3461 1972 3585 2012 con-

2003 2076 2117 2118 sum
2128 2069 2207 2131 pta
2240 2059 2516 2130 disperiet.

2077 2155 2227 2209 Vcrs.
2261 2155 2347 2209 16.
2389 2151 2521 2206 Mihi
2548 2160 2717 2205 autem
2746 2147 2897 2203 nimis
2928 2144 3255 2215 honoriﬁcati
3284 2148 3405 2197 sunt
3435 2140 3588 2194 amici

2004 2246 2100 2315 tui,
2147 2243 2321 2309 Deus;
2364 2243 2512 2297 nimis
2563 2239 2834 2309 confortati
2877 2247 2995 2295 sunt
3043 2236 3355 2308 principatus
3384 2234 3579 2287 eorum.

2004 2337 2232 2404 Quartus
2260 2334 2448 2389 modus
2475 2332 2665 2402 psalmi
2694 2332 2785 2402 qui
2817 2337 3062 2399 superest
3088 2326 3337 2383 introitur
3365 2344 3377 2379 :
3413 2320 3583 2379 hOuo-

2005 2443 2117 2484 rem
2149 2436 2454 2484 sanctorum
2478 2439 2631 2479 suum
2656 2434 2812 2493 atque
2828 2420 3004 2476 Patris
3037 2433 3281 2475 asserens
3303 2432 3422 2472 esse
3445 2430 3581 2487 pra:-

2004 2522 2238 2579 conium.
2268 2521 2399 2577 Nam
2426 2535 2543 2575 cum
2565 2516 2714 2577 dicit.
2734 2515 2875 2583 mihi,
2901 2530 2958 2571 se
2989 2514 3257 2584 designat;
3282 2527 3401 2568 cum
3430 2509 3581 2577 dicit,

2005 2615 2155 2669 amici
2182 2615 2290 2681 tui,
2331 2614 2544 2667 Patrem
2586 2609 2852 2675 declarat,
2884 2608 3020 2662 sicut
3058 2608 3170 2676 ipse
3196 2605 3248 2660 in
3294 2602 3583 2673 Evangelio

2005 2708 2175 2765 dicit:
2220 2708 2405 2762 Omnia
2448 2716 2561 2761 mea
2605 2704 2778 2759 Patris
2818 2713 2956 2769 sunt,
2988 2713 3033 2759 et
3075 2701 3245 2757 omnia
3274 2700 3445 2755 Patris
3476 2716 3586 2753 mea

2004 2812 2120 2859 sunt
2152 2802 2333 2875 (Joan.
2380 2817 2511 2866 xvu,
2547 2802 2655 2870 l0).
2685 2799 2901 2854 Amicos
2935 2813 3059 2852 vero
3098 2794 3307 2850 Domini
3352 2794 3582 2864 primum

2005 2896 2177 2952 dictos
2208 2894 2437 2965 legimus
2468 2891 2819 2963 patriarchas,
2866 2889 2918 2945 id
2969 2899 3051 2945 est
3098 2884 3392 2954 Abraham,
3439 2886 3588 2958 Moy-

2005 3000 2149 3054 ‘scm;
2178 2996 2231 3043 et
2256 2995 2396 3058 post,
2424 2987 2678 3057 apostolis
2700 2987 2811 3043 suis
2842 2984 3101 3039 Dominus
3130 2983 3378 3037 Salvator
3405 2980 3580 3035 dixit;

2003 3078 2125 3135 Jam
2148 3096 2245 3133 non
2267 3079 2381 3133 dico
2403 3094 2486 3133 vos
2508 3094 2697 3143 servos,
2720 3077 2808 3133 sed
2828 3076 3018 3131 amicos
3041 3075 3061 3146 (
3069 3074 3093 3127 1
3100 3075 3204 3128 bid.
3239 3089 3328 3140 xv,
3360 3071 3473 3142 15).
3499 3070 3587 3126 isti

2006 3191 2134 3247 ergo
2158 3177 2289 3230 tales
2318 3176 2471 3229 amici
2502 3184 2624 3229 sunt
2654 3172 2847 3237 Patris,
2875 3185 3102 3242 quorum
3127 3169 3297 3223 honor
3320 3165 3384 3220 ad
3408 3163 3587 3233 Domi-

1934 3298 1979 3361 ρ
2010 3283 2135 3322 num
2166 3268 2447 3322 revertitur
2474 3266 2802 3322 Salvatorem
2837 3283 2849 3317 :
2885 3262 3009 3333 quia
3039 3276 3198 3318 nemo
3231 3266 3448 3314 sanctos
3473 3256 3589 3325 ejus

2010 3362 2323 3423 veneratur,
2357 3357 2459 3412 nisi
2497 3358 2586 3426 qui
2618 3356 2833 3411 Christo
2859 3354 3090 3409 Domino
3133 3366 3260 3421 pura
3294 3358 3470 3404 mente
3500 3347 3594 3403 de-

2010 3464 2168 3506 votus
2196 3461 2299 3505 est.
2336 3448 2593 3515 Addidit,
2636 3447 2787 3502 nimis
2828 3444 3101 3516 confortati
3134 3454 3250 3499 sunt
3279 3443 3594 3512 principatus

2011 3556 2217 3599 eorum.
2246 3540 2414 3596 Nimis
2444 3538 2597 3595 valde
2626 3537 2909 3611 signiﬁcat.
2939 3535 3269 3609 Confortatus
3290 3549 3417 3589 vero
3442 3535 3591 3604 prin-

2010 3638 2207 3706 cipatus
2228 3635 2589 3705 apostolorum
2611 3632 2941 3704 episcopales
2968 3629 3249 3685 cathedras
3274 3628 3425 3697 dicit,
3445 3643 3578 3697 quas

2013 3729 2064 3784 in
2090 3728 2340 3784 Ecclesiis
2364 3728 2720 3793 instituendis,
2741 3726 2926 3781 divisis
2952 3739 3045 3794 per
3068 3723 3323 3779 mundum
3348 3720 3588 3785 sedibus,

2014 3830 2319 3877 sanctarum
2366 3821 2809 3893 praedicationum
2859 3835 3023 3889 opere
3070 3816 3439 3872 fundavcrunt.
3490 3814 3596 3883 Ipsi

2015 3914 2176 3981 enim,
2213 3923 2500 3985 priestante
2534 3914 2671 3977 Deo,
2718 3913 2965 3981 leguntur
2992 3910 3156 3963 duces
3188 3908 3551 3962 Ecclesiarum
3576 3946 3595 3971 ,

2018 4005 2213 4061 arietes
2253 4018 2471 4074 gregum
2500 4047 2513 4068 ,
2557 4011 2613 4059 et
2642 4002 2906 4072 principes
2938 4000 3174 4055 ﬁdelium
3224 4013 3344 4053 esse
3376 3998 3597 4067 populo-

2016 4115 2131 4154 rum
2154 4116 2168 4165 ;
2189 4098 2350 4171 472
2383 4096 2590 4163 merito,
2617 4100 2843 4167 quorum
2877 4094 3148 4150 laboribus
3178 4103 3367 4147 sancto
3395 4080 3596 4161 Spiritu

2018 4190 2327 4246 conferente
2373 4189 2533 4245 totius
2578 4187 2723 4245 orbis
2777 4186 3002 4243 adnuat-.1
3040 4192 3095 4242 et
3144 4182 3368 4240 solidata
3428 4183 3597 4239 devo-

2020 4285 2095 4341 tio
2124 4294 2225 4341 est.

2096 4376 2247 4430 Vers.
2295 4376 2380 4432 i7.
2414 4374 2760 4430 Dinumerabo
2790 4391 2903 4440 eos,
2934 4384 2980 4429 et
3008 4390 3163 4445 super
3186 4389 3393 4427 arenam
3423 4368 3601 4424 multi-

2021 4468 2386 4541 plicabtmtur:
2415 4470 2703 4535 exsurrexi,
2735 4476 2779 4521 et
2810 4468 2978 4522 adhuc
3007 4484 3121 4521 sum
3169 4476 3351 4520 tecum.
3398 4463 3451 4519 lu
3482 4477 3602 4532 pro-

2023 4560 2369 4616 missionibus
2392 4560 2621 4615 Abrahae
2643 4574 2775 4630 quas
2799 4559 2847 4614 ei
2874 4558 3130 4614 Dominus
3154 4558 3204 4610 in
3230 4554 3426 4611 Genesi
3457 4553 3601 4619 fecit,

2025 4651 2215 4723 legitur
2245 4651 2410 4724 (Gen.
2446 4667 2553 4705 xxu
2580 4693 2595 4719 ,
2636 4652 2739 4720 17)
2776 4649 3231 4719 multiplicandum
3270 4662 3453 4701 semen
3485 4646 3603 4714 ejus

2018 4748 2157 4803 sicut
2179 4762 2398 4803 arenam
2428 4746 2609 4813 maris,
2643 4753 2698 4800 et
2722 4746 2859 4800 sicut
2888 4743 3075 4799 stellas
3105 4742 3229 4797 οωιί
3255 4759 3268 4807 ;
3304 4741 3390 4794 hic
3421 4748 3598 4792 autem

2020 4840 2171 4908 dicit,
2206 4849 2255 4903 et
2278 4854 2430 4911 super
2456 4853 2667 4892 arenam
2699 4836 2877 4902 maris,
2932 4845 2981 4889 ut
3017 4833 3089 4889 ibi
3120 4846 3399 4900 comquare
3430 4844 3606 4883 areuze

2024 4932 2214 4989 factam
2245 4931 2699 5001 comparationem
2722 4973 2737 4998 ,
2783 4928 2872 4982 hic
2897 4935 3074 4981 autem
3115 4921 3493 4979 transcendere
3524 4924 3605 4974 vi-

2026 5027 2232 5084 deatur.
2262 5027 2433 5080 Arena
2458 5027 2601 5082 enim
2632 5024 2797 5080 maris
2828 5021 3094 5093 signiﬁcat
3118 5018 3359 5083 Judzeos,
3396 5026 3607 5088 propter

2031 5122 2389 5177 intellectum-
2420 5126 2691 5177 terrenum
2747 5128 2802 5173 et
2852 5115 3193 5172 sterilitatem
3245 5111 3388 5167 fidei.
3442 5112 3613 5165 Arena

2031 5215 2172 5271 enim
2196 5215 2263 5269 ab
2284 5212 2531 5269 ariditate
2563 5212 2704 5267 dicta
2722 5219 2825 5265 est.
2847 5209 3039 5266 Stellas
3070 5217 3246 5263 autem
3276 5206 3396 5262 coeli
3427 5205 3499 5273 ad
3523 5220 3614 5275 po-

2032 5309 2215 5381 pulum
2242 5307 2457 5378 respicit
2488 5306 2851 5363 Christianum
2871 5345 2884 5371 ,
2918 5313 3137 5375 propter
3166 5300 3466 5358 claritatem
3500 5299 3609 5355 sri-

2034 5403 2160 5458 licet
2198 5402 2475 5473 religionis
2519 5410 2572 5457 et
2601 5399 2940 5469 splendorem
2974 5396 3116 5453 ﬁdei.
3150 5396 3615 5452 Dinumeraturum

2035 5508 2095 5551 se
2115 5510 2241 5565 ergo
2268 5492 2528 5563 promittit
2557 5491 2803 5547 Christus
2829 5490 3085 5546 Dominus
3105 5490 3353 5559 populum
3380 5486 3615 5551 fidelem,

2036 5586 2124 5656 qui
2151 5596 2313 5656 super
2342 5585 2490 5639 illum
2522 5583 2805 5640 Iudaicum
2841 5584 3009 5638 multo
3042 5583 3379 5638 numerosior
3410 5579 3620 5637 inveni-

2042 5686 2146 5735 tur.
2179 5679 2412 5734 Necesse
2443 5679 2586 5732 enim
2622 5676 2719 5732 fuit
2743 5686 2797 5731 ut
2821 5677 3057 5733 vinceret
3087 5691 3246 5730 unam
3278 5683 3488 5745 gentem
3522 5689 3623 5727 nu-

2043 5773 2322 5829 merositas
2354 5781 2636 5843 aggregata
2668 5773 2967 5826 nationum.
3004 5768 3255 5833 Addidit,
3285 5765 3546 5821 exsurrexi
3577 5774 3624 5818 et

2044 5864 2216 5918 adhuc
2242 5881 2354 5918 sum
2397 5874 2579 5919 tecum.
2628 5864 2725 5918 llic
2755 5864 2976 5919 occultis
3008 5862 3226 5917 omnino
3256 5858 3432 5913 verbis
3467 5844 3626 5925 atque

2049 5957 2382 6030 paucissimis
2443 5958 2728 6015 adventum
2791 5974 2945 6013 suum
2998 5951 3292 6011 Secundum
3346 5944 3627 6021 designat,
