4078 6342
506 332 607 392 991

1765 333 1836 391 Μ.
1881 331 2158 392 Αυιιειῐι
2193 331 2595 393 CASSIODORI

3693 337 3806 395 992

509 448 726 522 quando
748 444 1082 522 iudicaturus
1118 462 1201 511 est
1241 453 1522 512 mundum.
1558 453 1844 511 Exsurrexi
1886 461 2094 524 tempus
2123 454 2178 515 Α
2202 454 2499 512 redduntur
2547 454 2785 523 auctori;
2821 464 3152 528 quapropter
3175 452 3323 528 juste
3362 454 3497 512 tales
3537 432 3806 516 horrendi

512 544 779 616 signiﬁcat
810 535 1218 606 resurrectionis
1246 552 1391 606 fsuae.
1417 549 1603 606 Adhuc
1627 559 1791 605 tecum
1812 566 1946 619 sum,
1973 551 2099 607 dum

511 640 665 697 sedet
688 639 754 696 ad
775 639 1047 697 dexteram
1071 642 1243 698 Patris
1259 644 1409 714 quasi
1431 644 1484 698 in
1511 643 1743 710 occulto,
1769 642 1898 699 dum
1921 643 2101 700 adhuc

513 747 600 789 me
621 732 866 789 homines
888 733 1072 792 videre
1098 749 1204 790 non
1223 736 1536 806 praevalent,
1557 750 1728 808 usque
1752 735 1817 790 ad
1842 735 1969 792 illud
1997 735 2102 791 sci-

512 827 637 884 licet
683 835 894 900 tempus
933 830 1148 901 quando
1192 847 1416 904 regnum
1473 847 1652 889 meum
1695 832 2102 889 evidentissima

510 919 817 977 hominibus
839 922 1160 981 innotescat.
1185 924 1371 979 Adhuc
1398 926 1541 982 enim
1575 925 1812 982 futurum
1838 926 2103 997 signiﬁcat

509 1019 739 1084 tempus,
771 1030 878 1072 non
907 1015 1050 1088 quod
1079 1016 1149 1071 ab
1177 1017 1295 1088 ipso
1324 1017 1612 1088 aliquando
1643 1017 1966 1074 dividendus
1997 1025 2098 1086 est,

509 1104 604 1161 sed
634 1107 885 1176 quoniam
911 1109 1002 1179 qui
1027 1116 1111 1164 est
1139 1109 1300 1165 modo
1331 1108 1489 1166 nobis
1522 1108 1831 1178 invisibilis,
1853 1108 2101 1166 omnibus

509 1210 696 1284 postea
725 1201 973 1275 gentibus
999 1205 1300 1275 apparebit.

578 1291 736 1351 Vers.
766 1296 855 1352 18.
883 1296 944 1350 Si
965 1297 1186 1366 occidas,
1217 1297 1378 1367 Deus,
1406 1305 1740 1369 peccatores:
1769 1297 1863 1353 viri
1883 1296 2102 1368 sangui-

510 1394 657 1454 num’,
687 1385 939 1444 declinata
962 1405 995 1442 a
1017 1406 1116 1445 me.

581 1478 740 1536 Vers.
775 1480 863 1538 19.
908 1480 1044 1546 Quia
1074 1481 1242 1536 dicitis
1271 1482 1326 1537 in
1363 1481 1756 1554 cogitationibus
1787 1497 1806 1538 :
1838 1483 2103 1556 Accipient

511 1569 566 1627 in
591 1573 816 1628 uanitate
844 1573 1072 1629 civitates
1101 1591 1244 1631 suas.
1278 1574 1442 1631 ln-his
1463 1575 1674 1632 duobus
1697 1578 1968 1644 versibus,
1994 1576 2106 1647 pri-

512 1679 602 1721 mo
626 1665 746 1721 loco
766 1665 1008 1722 dicamus
1036 1667 1396 1740 hyperbaton,
1431 1678 1486 1724 ut
1508 1668 1733 1739 juvante
1767 1669 1998 1724 Domino
2026 1667 2105 1723 fa-v

501 1753 666 1813 icilius
705 1772 892 1814 eorum
923 1761 1314 1831 expositionem
1349 1777 1444 1832 per
1475 1769 1658 1833 partes
1693 1762 1967 1833 explicare
2011 1776 2106 1816 va-
2135 1809 2140 1814 .

2139 1843 2183 1904 B
2214 1861 2356 1920 pene
2383 1861 2551 1919 usque
2573 1847 2638 1900 ad
2669 1844 2946 1901 interitum
2976 1843 3101 1900 vita:
3129 1855 3360 1912 corpore
3381 1840 3669 1896 deﬁciente
3691 1855 3811 1909 per-

513 1847 744 1905 leamus.
777 1850 871 1906 Est
908 1851 1053 1908 enim
1104 1852 1222 1908 talis
1251 1852 1383 1908 ordo
1424 1853 1712 1910 verborum
1743 1870 1758 1908 :
1790 1854 1851 1909 Si
1879 1854 2103 1922 occidas,

514 1940 681 2012 Deus,
712 1953 1021 2015 peccatores.
1049 1945 1188 2002 Ante
1211 1947 1386 2002 omnia
1419 1945 1574 2002 nobis
1603 1945 1898 2001 cavendum
1927 1955 2010 2002 est
2038 1961 2105 2001 ne

517 2045 765 2107 putemus
816 2036 1100 2094 Dominum
1154 2038 1428 2095 Christum
1485 2031 1767 2110 deprecari
1825 2039 2104 2096 interitum

525 2133 894 2198 peccatorum,
925 2131 1015 2200 qui
1053 2129 1119 2186 ad
1149 2139 1463 2202 peccatores
1494 2141 1714 2188 venerat
1741 2132 1860 2189 sine
1888 2132 2106 2188 dubita-

524 2219 674 2276 tione
700 2221 991 2278 salvandos
1011 2265 1024 2291 ,
1060 2223 1203 2279 sicut
1233 2223 1346 2295 ipse
1375 2224 1428 2280 in
1447 2225 1750 2321 'Evangelio
1778 2225 1907 2282 dicit
1938 2245 1949 2280 :
1986 2225 2108 2282 Non

518 2313 632 2368 ueni
651 2329 832 2370 uocare
851 2318 1036 2385 iustos,
1060 2317 1151 2372 sed
1171 2313 1466 2390 peccatores
1491 2317 1704 2390 (Matth.
1729 2335 1804 2386 Ix,
1829 2319 1940 2391 15).
1955 2319 2108 2388 Quod

516 2405 558 2460 si
591 2405 693 2462 hoc
721 2407 1079 2476 spiritualiter
1108 2410 1467 2479 in.iuiramus,
1497 2419 1691 2466 cuncta
1741 2411 1897 2468 nobis
1925 2426 2110 2468 remo-

518 2507 672 2556 vetur
711 2499 1025 2556 adversitas.
1061 2501 1200 2558 Dicit
1227 2518 1356 2574 ergo
1388 2521 1400 2557 :
1435 2502 1496 2560 Si
1531 2504 1734 2558 occidas
1757 2545 1772 2570 ,
1801 2505 1960 2572 Deus,
1991 2522 2110 2578 pec-

519 2601 732 2649 catores.
764 2594 972 2650 Occidit
1003 2595 1144 2651 Deus
1169 2605 1507 2667 peccatorem
1531 2640 1548 2667 ,
1579 2613 1701 2653 cum
1731 2599 1962 2654 moritur
1987 2613 2112 2670 pec-

519 2696 660 2754 cato,
694 2694 753 2742 ut
779 2687 922 2743 vivat
955 2687 1202 2756 Domino,
1231 2689 1370 2745 sicut
1398 2691 1476 2746 ait
1496 2691 1791 2761 Apostolus
1825 2709 1840 2748 :
1873 2690 2110 2747 Mortuus

519 2792 627 2831 sum
655 2777 776 2851 legi,
822 2786 881 2834 ut
912 2779 1074 2834 uiuam
1104 2779 1308 2836 Christo
1341 2781 1484 2855 (Gal.
1518 2798 1553 2838 ll
1575 2825 1590 2850 ,
1628 2783 1740 2853 19).
1773 2783 2111 2840 Occiduntur

519 2885 644 2944 ergo
687 2882 998 2943 peccatores
1024 2918 1038 2944 ,
1091 2873 1302 2944 quando
1333 2889 1360 2929 a
1400 2875 1818 2947 cogitationibus
1858 2876 2012 2931 malis
2057 2876 2111 2932 in

520 2973 716 3020 bonum
756 2965 1072 3037 dispositum
1104 2967 1524 3024 transferuntur.
1555 2970 1707 3038 Quod
1737 2969 1865 3026 dum
1893 2971 1973 3026 eis
2013 2970 2112 3027 be-

521 3059 710 3116 neﬁcio
733 3061 1103 3117 conversionis
1127 3065 1436 3131 emerserit,
1461 3071 1590 3120 tunc
1608 3065 1664 3119 in
1686 3080 1815 3119 uano
1842 3065 2108 3136 accipiunt

519 3142 727 3226 priores
769 3154 996 3207 civitates
1043 3167 1168 3210 suas
1192 3195 1207 3221 ,
1251 3154 1304 3210 id
1331 3162 1416 3210 est
1445 3154 1820 3212 vitiosissimus
1849 3158 2112 3227 supersti-

2203 556 2359 618 sunt,
2386 548 2477 620 qui
2507 557 2772 604 tantorum
2802 549 3190 605 beneficiorum
3233 563 3504 606 memores
3534 565 3642 607 non
3673 550 3800 608 fue-

2203 651 2349 699 runt.
2391 642 2795 700 Consideranda
2831 651 2916 698 est
2967 643 3124 698 etiam
3171 641 3450 700 distinctio
3493 644 3634 702 facta
3673 662 3804 702 ver-

2204 734 2416 792 borum.
2461 736 2640 793 Primo
2681 735 2826 793 enim
2871 736 3046 803 dixit,
3100 737 3327 793 odicntes
3373 747 3421 794 te
3450 741 3572 794 odio
3622 741 3803 796 habui.

2205 830 2438 886 Possunt
2463 831 2606 888 enim
2639 831 2690 886 in
2724 831 2963 901 maligno
3007 839 3224 900 pectore
3257 831 3405 901 prius
3435 831 3558 888 odia
3587 835 3804 890 occulta

2204 923 2406 978 versari
2423 907 2443 989 ;’
2463 922 2687 992 sedjam
2717 921 3067 978 validissima:
3097 923 3351 993 nequitiae
3375 932 3484 991 est,
3511 927 3606 995 qui
3637 925 3808 995 proﬁ-

2205 1022 2348 1072 tetur
2378 1016 2676 1073 inimicum.
2700 1015 2981 1088 Signiﬁcat
3001 1015 3144 1071 enim
3177 1025 3551 1086 persecutores
3581 1028 3808 1086 apertos

2205 1117 2263 1166 et
2303 1109 2634 1176 obstinatos,
2668 1109 2762 1180 qui
2809 1117 3025 1164 sanctos
3072 1107 3170 1164 Dei
3208 1108 3472 1164 scelerata
3531 1124 3806 1180 praesurn-

2207 1201 2390 1271 ptione
2418 1200 2739 1256 dilacerant.
2759 1198 2843 1254 'Et
2881 1199 3079 1254 merito
3107 1213 3166 1255 se
3197 1213 3360 1270 supra
3388 1214 3480 1255 eos
3523 1200 3809 1258 tabescere

2205 1295 2336 1352 dicit
2375 1303 2560 1350 sancta
2597 1294 2806 1366 pietas,
2853 1293 3107 1364 quoniam
3146 1291 3277 1346 dum
3323 1292 3407 1348 hic
3453 1294 3806 1348 sustinentur

2207 1387 2403 1445 diutius
2430 1386 2497 1442 ad
2527 1385 2918 1442 correctionem
2937 1427 2953 1455 ,
2985 1384 3062 1441 illi
3105 1383 3405 1440 Ecclesiam
3433 1383 3527 1440 Dei
3553 1380 3804 1440 temera-

2207 1479 2303 1536 riis
2333 1479 2552 1534 ausibus
2581 1478 2971 1548 insequuntur;
3020 1475 3166 1530 sicut
3194 1481 3250 1529 et
3280 1473 3410 1529 alibi
3441 1473 3638 1530 dictum
3669 1483 3757 1531 est
3787 1491 3806 1529 :

2210 1569 2481 1627 Tabescere
2505 1587 2582 1624 me
2603 1569 2722 1641 fecit
2747 1568 2886 1622 zelus
2908 1567 3090 1621 domus
3123 1563 3412 1636 tua:(Psai.
3443 1563 3804 1636 cxvnt,159).

2185 1665 2326 1722 Hoc
2350 1665 2577 1720 verbum
2610 1662 2786 1733 magni
2815 1659 3020 1717 doloris
3067 1657 3464 1728 indiciumlest.
3498 1656 3808 1712 Tabescere

2212 1755 2355 1812 enim
2404 1755 2527 1810 illos
2565 1754 2794 1809 dicimus
2821 1751 2910 1823 qui
2945 1752 3093 1807 curis
3123 1748 3345 1820 jugibus
3384 1747 3720 1818 afﬂiguntur,
3754 1757 3810 1802 et

2209 1946 2452 2000 Veniunt.
2492 1943 2750 2014 Sequitur
2789 1941 2856 1998 de
2892 1939 3136 1996 secundo
3181 1953 3386 1994 versu:
3421 1935 3658 2008 Perfecto
3688 1937 3810 1991 odio

2187 2037 2420 2095 oderam
2465 2036 2610 2102 illos,
2655 2045 2700 2091 et
2746 2034 2942 2089 inimici
2980 2033 3104 2103 facti
3141 2039 3258 2086 sunt
3308 2029 3457 2085 mihi.
3505 2029 3804 2085 Perfectum

2209 2133 2389 2190 odium
2429 2141 2512 2187 est
2556 2129 2806 2184 homines
2834 2128 3064 2197 diligere
3105 2134 3162 2182 et
3201 2139 3390 2180 eorum
3420 2124 3548 2178 vitia
3583 2136 3802 2192 semper

2211 2228 2459 2284 horrere.
2493 2222 2623 2280 Nam
2666 2223 2719 2277 in
2763 2221 2853 2276 illa
2886 2230 3038 2291 parte
3075 2233 3180 2290 qua
3209 2226 3464 2273 creatura
3513 2215 3610 2270 Dei
3659 2224 3806 2280 sunt,

2213 2316 2475 2373 amandos
2497 2327 2619 2371 esse
2641 2328 2748 2368 non
2767 2311 2988 2368 dubium
3014 2318 3117 2378 est,
3135 2311 3260 2380 quia
3281 2306 3626 2364 considerata
3647 2320 3812 2376 opera

2211 2413 2328 2478 Dei,
2361 2410 2487 2465 boni
2511 2418 2662 2475 sunt;
2689 2407 2742 2462 in
2774 2407 2863 2462 illa
2897 2421 3026 2462 vero
3057 2397 3342 2475 iniquiiatc
3371 2401 3636 2457 horrendi
3662 2408 3807 2468 sunt,

2211 2506 2266 2564 in
2306 2520 2412 2577 qua
2440 2519 2499 2560 se
2531 2502 2688 2560 {tedis
2713 2500 3008 2556 sceleribus
3037 2499 3364 2570 polluerunt,
3397 2496 3656 2566 quoniam
3679 2495 3814 2550 tales

2211 2600 2427 2672 placere
2455 2613 2560 2654 non
2593 2605 2838 2666 possunt,
2871 2594 2975 2650 nisi
3003 2593 3082 2648 eis
3112 2593 3204 2664 qui
3230 2590 3387 2646 iactis
3417 2590 3693 2645 similibus
3717 2589 3815 2644 im-

2211 2693 2498 2764 plicantur.
2535 2689 2601 2745 Et
2645 2696 2704 2744 ut
2731 2687 2827 2743 tibi
2858 2685 3158 2742 divinitatis
3197 2699 3309 2739 sua:
3339 2683 3662 2739 ostenderet
3695 2682 3809 2737 nni-

2212 2794 2409 2852 tatem,
2440 2784 2565 2840 illos
2596 2782 2729 2838 dicit
2777 2781 2877 2836 sibi
2911 2779 3160 2835 inimicos
3189 2777 3394 2846 factos,
3427 2778 3522 2850 qui
3553 2775 3811 2833 contrarii

2213 2878 2452 2949 paternis
2493 2873 2831 2946 jussionibus
2859 2872 3206 2928 exstiterunt.
3259 2871 3324 2924 Et
3355 2879 3482 2926 nota
3515 2870 3662 2941 quod
3711 2885 3805 2938 per

2212 2972 2454 3043 quintam
2505 2969 2741 3040 speciem
2791 2967 3161 3035 deﬁnitionis,
3208 2981 3328 3037 quae
3371 2963 3564 3020 Grznce
3610 2965 3811 3020 dicitur

2213 3066 2344 3122 κατὰ
2370 3069 2460 3124 τὴν
2483 3063 2614 3128 λέξιν
2635 3105 2650 3130 ,
2683 3061 2868 3116 Latine
2911 3058 2979 3114 ad
3019 3057 3278 3123 verbum,
3321 3056 3511 3112 deﬁnit
3539 3071 3651 3128 quo
3689 3056 3813 3114 odio

2215 3157 2460 3214 inimicos
2499 3154 2690 3211 oderat
2735 3152 2941 3218 Patris,
2988 3153 3229 3222 perfecto
3257 3151 3501 3217 scilicet,
3535 3151 3683 3221 quod
3710 3165 3813 3208 non

522 3244 716 3310 tiones,
765 3259 887 3313 qua:
937 3245 1205 3315 pertinent
1237 3245 1303 3301 ad
1339 3246 1708 3318 Babyloniam,
1760 3248 1974 3320 quando
1998 3249 2113 3321 jam
2140 3237 2187 3300 C
2220 3251 2390 3308 livore
2419 3249 2674 3314 lmmano,
2703 3261 2812 3301 non
2835 3245 3031 3300 invidia
3057 3243 3281 3312 carnali,
3315 3243 3410 3298 sed
3445 3242 3662 3298 Domini
3689 3243 3814 3299 cha-

523 3335 617 3390 Dei
649 3336 911 3392 beneﬁcio
950 3337 1016 3392 ad
1052 3337 1308 3394 Ecclesia:
1343 3339 1628 3396 catholicae
1659 3350 1809 3412 septa
1846 3357 2111 3413 pervene-

526 3427 655 3482 rint.
693 3425 761 3482 Et
789 3428 1043 3498 quoniam
1077 3445 1182 3485 non
1216 3440 1494 3488 merentur
1520 3446 1711 3490 omnes
1737 3434 1804 3490 ad
1833 3434 1990 3491 ﬁdem
2021 3449 2112 3492 ca-

526 3517 781 3574 tholicam
815 3521 1117 3590 pervenire,
1152 3521 1260 3578 illis
1288 3523 1510 3593 perﬁdis
1535 3539 1598 3581 ac
1622 3526 1854 3594 duratis,
1877 3527 1968 3599 qui
1997 3542 2116 3584 cre-

524 3611 652 3668 dere
702 3614 1028 3682 noluerunt,
1075 3615 1217 3686 quod
1270 3624 1352 3672 est
1395 3617 1447 3672 in
1495 3618 1672 3675 medio
1720 3603 1962 3677 dicitur:
2006 3621 2116 3677 Viri

525 3705 856 3776 sanguinum,
882 3705 1134 3761 deciinate
1170 3725 1201 3760 a
1231 3724 1332 3777 me,
1363 3709 1484 3778 quia
1515 3710 1685 3765 dicitis
1708 3711 1763 3766 in
1792 3713 2118 3786 cogitationi-

529 3795 641 3851 bus.
676 3795 770 3851 lsti
801 3811 932 3869 ergo
967 3797 1068 3855 viri
1099 3809 1225 3856 sunt
1273 3802 1592 3874 sanguinum
1622 3845 1637 3870 ,
1672 3805 1796 3874 quia
1823 3805 2120 3864 carnaliter

524 3888 726 3956 vivunt,
755 3897 812 3945 et
840 3905 956 3962 quae
984 3900 1108 3946 sunt
1135 3894 1414 3966 sanguinis
1445 3905 1737 3966 peragunt;
1767 3897 1967 3969 quibus
1995 3913 2111 3955 me-

519 3977 635 4039 rito
664 3983 860 4040 dicitur
883 4025 898 4051 ,
931 3985 1207 4056 discedite,
1253 3988 1376 4058 quia
1424 3989 1600 4046 locum
1631 4007 1738 4047 non
1771 3992 2118 4052 desiderave-

526 4085 650 4133 rnnt
691 4079 742 4132 in
788 4078 1024 4135 Ecclesia
1069 4081 1328 4151 reperire.
1366 4081 1663 4154 Sequitur:
1694 4083 1830 4154 Quia
1856 4085 2026 4141 dicitis
2064 4088 2120 4142 in

527 4172 954 4242 cogitationibus,
997 4174 1052 4229 id
1091 4183 1209 4242 est,
1257 4183 1441 4232 contra
1485 4170 1586 4233 illa
1608 4180 1960 4235 murmuratis
2001 4195 2122 4252 quae

527 4263 683 4320 vobis
715 4265 946 4335 Spiritus
975 4267 1145 4322 sancti
1173 4267 1372 4325 virtute
1403 4269 1692 4340 praedicata
1721 4281 1866 4327 sunt.
1902 4270 1970 4328 Et
1999 4272 2122 4328 ideo

531 4354 580 4410 si
609 4356 922 4423 praedictum
949 4359 1193 4416 ordinem
1219 4369 1427 4431 teneas,
1459 4377 1673 4420 omnem
1701 4379 1731 4420 a
1759 4375 1813 4422 te
1836 4351 2120 4438 caliginem

535 4448 868 4506 confusionis
895 4450 1175 4507 emendas.

521 4547 523 4549 ’
605 4542 756 4598 Vcrs.
785 4544 875 4601 ΞΟ.
935 4544 1124 4601 Nonne
1152 4546 1380 4604 odientes
1419 4556 1466 4603 te
1515 4549 1636 4604 odio
1664 4548 1852 4619 habui,
1900 4559 1947 4606 et
1972 4569 2125 4625 super

528 4635 760 4691 inimicos
790 4645 903 4692 tuos
931 4638 1280 4696 tabescebam?

601 4727 755 4784 Vers.
794 4729 886 4785 21.
936 4729 1172 4802 Perfecto
1216 4732 1334 4787 odio
1384 4733 1596 4789 oderam
1643 4734 1796 4805 illos,
1837 4746 1885 4792 et
1923 4738 2123 4794 inimici

530 4820 657 4890 facti
698 4815 816 4876 sunt
861 4820 1007 4876 mihi.
1056 4821 1170 4876 Non
1212 4825 1482 4895 superflue
1527 4826 1739 4884 videtur
1786 4831 1987 4902 inquiri
2023 4847 2122 4888 cur

531 4912 776 4968 inimicos
799 4924 1013 4971 nostros
1035 4929 1217 4972 amare
1237 4917 1602 4989 praecipimur,
1623 4919 1718 4977 Dei
1736 4933 1915 4978 autem
1940 4924 2122 4982 odisse

532 5004 782 5062 devotum
825 5017 906 5064 est
933 5025 946 5064 :
981 5009 1233 5079 quoniam
1265 5011 1319 5066 in
1350 5015 1595 5083 utrisque
1627 5029 1818 5086 magna
1863 5017 2124 5076 distantia

531 5106 637 5155 est.
659 5097 840 5154 Nostri
870 5102 1065 5172 quippe
1092 5103 1292 5158 inimici
1326 5103 1596 5160 interdum
1628 5115 1818 5162 contra
1846 5125 1946 5166 nos
1975 5110 2122 5182 justa

534 5190 899 5262 inzlignatione
927 5206 1280 5267 consurgunt,
1312 5205 1365 5252 et
1397 5198 1678 5254 irritantur
1708 5215 1876 5271 quare
1907 5201 2016 5258 illis
2046 5204 2127 5260 0i-

537 5284 655 5340 ficia
677 5285 856 5340 debita
881 5302 984 5340 non
1019 5289 1352 5357 praebemus,
1373 5305 1538 5360 quare
1562 5289 1926 5361 detrahimus,
1957 5309 2126 5366 quare

536 5375 690 5432 bonis
720 5390 905 5431 eorum
937 5377 1142 5434 nisibus
1175 5379 1496 5437 invidemus.
1534 5375 1746 5438 Merito
1772 5398 1900 5454 ergo
1929 5385 2122 5441 adver-

535 5473 708 5534 sarios
730 5482 944 5528 nostros
966 5474 1216 5544 iubemur
1235 5475 1482 5548 diligere,
1503 5492 1638 5547 quos
1661 5493 1759 5533 nos
1783 5487 1972 5535 nostro
1995 5480 2126 5536 vitio

535 5569 801 5640 contingit
833 5568 1124 5625 offendere.
1158 5571 1250 5626 Dei
1290 5587 1418 5626 vero
1446 5571 1668 5640 inimici,
1701 5575 1916 5644 quando
1946 5575 2118 5633 obsti-

540 5664 653 5721 nati
681 5673 824 5730 sunt,
859 5663 1187 5730 competenti
1219 5674 1272 5718 et
1297 5665 1546 5735 religiosa
1575 5669 1944 5724 exsecratione
1969 5670 2120 5728 dam-

542 5766 758 5824 nantur,
801 5753 1054 5826 quoniam
1099 5769 1219 5809 cum
1263 5756 1329 5808 ab
1373 5755 1487 5824 ipso
1519 5758 1684 5812 creati
1740 5757 1878 5823 sint,
1913 5760 2128 5834 ipsique

544 5845 776 5907 debeant
813 5860 974 5905 omne
1003 5844 1147 5916 quod
1179 5845 1392 5917 vivunt,
1437 5860 1533 5904 suo
1573 5856 1752 5905 tamen
1783 5859 2128 5914 contumaces

2219 3347 2380 3402 ritate
2402 3352 2713 3417 generatur.
2737 3341 2928 3398 Odium
2950 3339 3147 3412 quippe
3172 3338 3375 3396 dictum
3399 3347 3507 3408 est,
3533 3338 3688 3411 quasi
3711 3337 3814 3396 oris

2217 3438 2525 3510 repudium.

2288 3529 2446 3585 Vcrs.
2472 3528 2564 3584 22.
2591 3526 2766 3584 Proba
2797 3544 2897 3596 me,
2918 3526 3078 3592 Deus,
3097 3534 3145 3581 et
3165 3525 3292 3581 scito
3313 3540 3402 3580 cor
3430 3541 3642 3593 meum;
3663 3525 3814 3581 inter-

2217 3638 2345 3696 roga
2373 3637 2482 3690 nte,
2516 3632 2565 3677 et
2591 3637 2838 3694 cognosce
2863 3620 3070 3675 semitas
3097 3635 3256 3674 meas.

2207 3739 2212 3742 ·
2290 3713 2444 3770 Vers.
2476 3714 2567 3772 2'5.
2596 3711 2662 3767 Et
2692 3713 2807 3768 uide
2835 3713 2880 3767 si
2906 3713 2985 3768 uia
3011 3712 3298 3780 iniquitatis
3324 3712 3380 3766 in
3408 3727 3486 3765 me
3506 3719 3581 3766 est
3599 3728 3624 3777 ;
3652 3718 3702 3764 et
3725 3710 3818 3764 de-
3891 3788 3895 3790 ν

2221 3811 2320 3866 duc
2348 3826 2427 3865 me
2451 3810 2507 3864 in
2533 3809 2666 3864 uiam
2695 3817 2959 3870 aeternam.
2995 3807 3138 3862 Istud
3177 3805 3355 3861 nullus
3381 3815 3554 3875 potest
3578 3803 3717 3859 alter
3737 3802 3813 3860 de

2221 3918 2281 3961 se
2309 3903 2516 3968 dicere,
2549 3901 2654 3957 nisi
2689 3899 2781 3972 qui
2820 3912 2874 3955 et
2902 3898 3034 3953 illud
3063 3898 3138 3952 ait
3170 3917 3184 3952 :
3228 3896 3356 3951 Ecce
3389 3895 3521 3950 venit
3562 3895 3820 3966 princeps

2221 3993 2403 4048 mundi
2431 3992 2618 4066 hujus,
2651 4001 2698 4046 et
2739 3993 2793 4045 in
2816 4007 2894 4045 me
2923 4006 3024 4044 non
3062 3974 3284 4044 inveniet
3313 3987 3591 4058 quidquam
3631 3986 3822 4058 (Joan.

2223 4102 2335 4152 xrv,
2368 4086 2484 4156 50).
2511 4084 2669 4142 Solus
2691 4083 2836 4139 enim
2856 4071 3062 4154 absque
3085 4090 3307 4154 peccato
3334 4095 3458 4138 esse
3485 4080 3828 4152 dignoscitur

2223 4183 2312 4254 qni
2360 4181 2519 4238 etiam
2569 4179 2758 4236 tulisse
2811 4185 3032 4249 peccata
3077 4177 3358 4232 hominum
3415 4175 3825 4245 comprobatur.

2225 4275 2399 4333 Proba
2426 4273 2736 4346 patientiam
2765 4273 3118 4328 demonstrat.
3150 4269 3318 4337 Scito,
3345 4269 3474 4341 quia
3511 4268 3828 4338 delinquere

2227 4367 2282 4426 in
2317 4377 2463 4424 tanta
2493 4381 2671 4423 rerum
2697 4365 3048 4421 ﬂuctuatione
3083 4361 3306 4418 nescivi.
3340 4359 3623 4432 Interroga
3651 4360 3717 4414 ad
3741 4359 3828 4415 iu-

2229 4463 2576 4536 quisitionem
2596 4459 2831 4532 pertinet
2846 4456 3283 4523 minutissimum,
3315 4454 3440 4525 quia
3461 4470 3623 4510 nemo
3636 4453 3829 4508 scienti

2226 4557 2588 4628 interrogatus
2633 4561 2808 4624 potest
2850 4565 3048 4622 negare
3094 4565 3215 4621 qua:
3250 4555 3401 4622 gesta
3431 4557 3580 4602 sunt.
3615 4547 3832 4602 Semita:

2152 4637 2202 4700 ι)
2226 4665 2439 4724 quoque
2467 4649 2535 4706 ad
2571 4648 2916 4719 Operationes
2951 4645 3276 4717 respiciunt,
3319 4657 3453 4714 quas
3495 4643 3591 4698 ille
3628 4639 3834 4712 iugiter

2227 4743 2433 4800 cmlesti
2472 4739 2754 4796 sanctitate
2794 4737 3073 4808 transegit.
3116 4735 3406 4808 Sequitur:
3437 4732 3506 4788 Et
3533 4733 3645 4787 vide
3673 4732 3720 4786 si
3750 4731 3834 4784 sia

2224 4836 2512 4907 iniquitatis
2557 4834 2614 4888 in
2646 4849 2724 4889 me
2751 4842 2828 4889 est
2854 4872 2871 4902 ,
2908 4842 2956 4887 et
2997 4831 3165 4886 deduc
3193 4846 3271 4885 me
3299 4829 3355 4884 in
3383 4829 3521 4883 uiam
3559 4837 3833 4882 externam.

2225 4927 2540 4994 Considera,
2565 4927 2820 4999 magister
2838 4927 3010 4983 bonus
3031 4925 3196 4998 473
3219 4921 3684 5005 quemadmodum
3710 4937 3836 4992 per-

2233 5024 2430 5080 fectum
2461 5022 2704 5078 ordinem
2735 5021 2914 5078 docet.
2946 5021 3102 5078 Prius
3143 5035 3206 5078 se
3231 5019 3368 5075 dixit
3396 5018 3645 5089 probari,
3680 5017 3835 5080 sciri,

2233 5114 2430 5171 deinde
2472 5112 2832 5186 interrogari,
2863 5121 2923 5169 ut
2957 5111 3172 5184 quando
3217 5111 3468 5181 iniquitas
3496 5124 3605 5164 non
3637 5107 3842 5164 fuisset

2234 5209 2477 5276 inventa,
2508 5207 2894 5279 perduceretur
2922 5207 2976 5262 in
3015 5205 3162 5262 illam
3190 5205 3331 5261 viam
3369 5203 3459 5259 ubi
3489 5210 3682 5273 regnat
3711 5216 3842 5258 cum

2235 5310 2424 5356 sancto
2441 5300 2646 5370 Spiritu
2671 5306 2938 5370 potestate
2957 5297 3188 5355 mirabili
3210 5306 3265 5354 et
3284 5295 3454 5367 gloria
3473 5294 3839 5365 sempiterna.

2209 5391 2340 5458 .Via
2368 5393 2655 5464 iniquitatis
2699 5391 2996 5448 diabolicus
3037 5400 3189 5447 actus
3231 5399 3348 5458 est,
3389 5403 3549 5460 quem
3582 5388 3635 5443 in
3673 5387 3849 5458 hujus

2233 5485 2416 5544 saeculi
2445 5501 2606 5542 cursu
2637 5487 2792 5542 malis
2814 5485 3250 5556 instigationibus
3271 5497 3532 5540 exercere
3549 5496 3662 5538 non
3692 5481 3850 5538 desi-

2235 5581 2332 5635 nit.
2363 5578 2508 5636 llanc
2532 5579 2672 5634 viam
2691 5579 2838 5650 juste
2865 5567 2917 5634 in
2943 5593 3003 5636 se
3025 5579 3242 5650 negavit
3267 5591 3407 5643 csse,
3437 5576 3528 5647 qui
3554 5585 3712 5646 petra
3733 5583 3848 5642 est,

2239 5672 2362 5744 quia
2390 5672 2674 5744 vesdgium
2708 5672 2979 5743 serpentis
3001 5671 3204 5741 antiqui
3226 5670 3278 5726 in
3293 5668 3701 5741 ejussoiiditale
3723 5665 3852 5722 nni-

2211 5766 2451 5834 latenus
2484 5767 2654 5825 valuit
2679 5769 2927 5825 inveniri.
2955 5768 3148 5824 Merito
3168 5781 3298 5838 ergo
3321 5766 3558 5822 humana
3581 5764 3842 5820 substan-

2243 5859 2314 5916 tia
2337 5859 2390 5916 in
2419 5866 2679 5918 aeternam
2713 5862 2854 5918 viam
2880 5859 3031 5933 petiit
3059 5873 3119 5917 sc
3145 5857 3371 5928 deduci,
3410 5857 3466 5918 in
3490 5871 3597 5931 qua
3625 5853 3852 5917 diaboli
