4078 6342
238 388 335 449 995

1092 381 1452 443 EXPOSITIO
1490 380 1557 440 IN
1594 374 2053 437 PSAM‘ERIUM.
2093 375 2288 435 PSAL.
2328 372 2612 431 CXXXIX.

3394 373 3505 433 994

236 507 415 564 semita
436 518 542 560 non
566 503 740 575 potuit
760 503 1009 562 inveniri.
1038 506 1371 578 Frequenter
1389 506 1530 562 enim
1556 502 1815 559 Dominus
1847 507 1895 565 Α
1923 517 2044 556 cum
2073 499 2202 555 illud
2235 499 2630 568 inconsequens
2661 494 2728 552 sit
2752 501 2912 567 alque
2939 494 3226 564 nefarium,
3259 494 3508 553 Christus

236 599 474 675 Christus
509 598 696 669 petita
722 598 882 655 Patre
919 614 1037 670 quae
1081 600 1295 669 propria
1344 605 1501 663 sunt,
1549 604 1607 651 ut
1638 596 1833 651 unitas

237 689 531 757 charitatis,
550 688 805 761 potentia:
818 688 900 745 vel
916 699 1119 745 naturae
1133 689 1272 745 inter
1283 703 1376 745 eos
1397 685 1813 759 possitagnosci.

771 780 1043 838 Conclusio
1066 783 1271 853 psalmi.

302 875 443 933 Ecce
467 874 578 946 jam
606 874 834 931 duarum
866 883 1178 931 naturarum
1227 883 1448 931 octavus
1485 874 1641 931 nobis
1672 871 1816 944 psal-

238 983 354 1027 mus
383 967 633 1036 emicuit,
672 968 866 1038 quibus
904 968 1196 1024 errantium
1243 968 1461 1038 perﬁdia
1495 975 1819 1038 praesumpta

240 1061 560 1120 retunditur.
583 1060 684 1128 Qui
711 1068 859 1116 certe
885 1060 970 1114 vel
1001 1059 1092 1115 illo
1118 1059 1545 1116 circumcisionis
1566 1067 1822 1114 curentur

241 1155 507 1222 escmplo,
532 1162 589 1207 ut
616 1154 753 1208 sicut
774 1151 946 1208 Judaei
966 1162 1156 1208 octavo
1183 1152 1271 1208 die
1299 1152 1557 1223 praeputia
1587 1152 1823 1221 depone-

239 1248 382 1313 hant,
412 1247 483 1302 ita
512 1255 567 1302 et
595 1246 680 1302 iSti
709 1255 900 1302 octavo
929 1246 1136 1317 psalmo
1166 1246 1481 1301 commoniti
1514 1244 1641 1317 [ed.,
1672 1259 1822 1299 com-

242 1337 468 1409 muniti],
492 1339 867 1394 obstinationis
890 1352 1001 1394 sua:
1017 1340 1288 1409 superflua
1311 1338 1706 1407 derelinquant.
1727 1337 1824 1393 Est

242 1434 379 1490 enim
406 1432 472 1488 de
501 1433 600 1487 hac
628 1447 687 1487 re
715 1431 877 1502 (sicut
897 1431 1099 1488 dictum
1126 1431 1231 1497 εει)
1260 1431 1552 1498 secundus,
1575 1439 1821 1498 octavus,

241 1524 556 1595 vigesimus,
580 1524 1008 1594 septuagesimus
1044 1522 1274 1591 primus,
1306 1522 1671 1593 octogesimus
1713 1522 1823 1591 pri-

243 1631 377 1683 mus,
392 1615 715 1672 centesimus
735 1616 1015 1686 septimus,
1043 1615 1370 1671 centesimus
1397 1629 1570 1669 nonus
1604 1623 1657 1667 et
1688 1627 1827 1682 pra:-

247 1723 368 1765 sens
382 1708 706 1763 centesimus
721 1706 1277 1775 trigesimusoctavus.
1298 1705 1363 1759 Et
1374 1705 1619 1775 quamvis
1634 1704 1705 1758 alt
1716 1704 1829 1759 issi-

247 1818 329 1857 ma
344 1800 580 1857 surditas
602 1802 680 1855 eis
703 1799 1003 1869 immineat,
1021 1814 1118 1854 nec
1138 1807 1214 1853 tot
1231 1797 1563 1868 praeconibus
1579 1804 1825 1865 superata

1922 604 2100 650 autem
2134 608 2268 649 unus
2295 601 2458 662 atque
2489 592 2628 647 idem
2664 591 2929 661 perfectus
2960 592 3105 648 Deus
3135 600 3219 647 est
3245 602 3302 649 et
3331 595 3507 662 perfe-

1918 699 2036 744 ctus
2074 689 2271 755 homo,
2304 686 2441 742 sicut
2472 686 2630 742 habet
2659 687 2960 742 communis
3004 684 3298 754 confessio,
3341 687 3509 743 habet

1918 784 1971 838 in
2000 797 2061 838 se
2081 781 2244 853 igitur
2265 781 2397 837 duas
2429 790 2648 837 naturas
2678 783 2943 852 perfectas
2970 790 3025 838 et
3052 782 3314 838 adunatas
3332 782 3508 839 deita-

1919 873 1987 928 tis
2012 880 2068 929 et
2093 873 2465 929 humanitatis.
2498 872 2651 930 Unde
2681 874 2841 930 etiam
2873 873 3154 930 Facundos
3175 876 3504 934 venerabilis

1919 964 2223 1036 episcOpus,
2245 964 2619 1022 haereticorum
2642 966 2961 1036 penetrabili
2980 967 3274 1023 subtilitate
3294 967 3507 1024 destru-

1919 1070 2065 1126 ctor,
2097 1075 2267 1129 nuper
2295 1060 2361 1114 ad
2400 1059 2758 1117 Iustinianum
2789 1062 3089 1131 principem
3125 1062 3399 1129 scribens,
3433 1062 3502 1119 de

1922 1154 2131 1210 duabus
2178 1153 2382 1209 naturis
2425 1153 2634 1209 Domini
2679 1151 2884 1209 Christi
2924 1153 3056 1208 duos
3101 1153 3312 1208 libellos
3352 1163 3510 1209 caute

1922 1245 2080 1301 nimis
2121 1246 2521 1316 luculenterque
2571 1246 2852 1311 tractavit,
2897 1260 3033 1315 quos
3063 1246 3218 1301 vobis
3249 1246 3508 1302 transcri-

1923 1346 2042 1408 ptos
2084 1338 2304 1409 reliqui,
2354 1346 2411 1392 ut
2448 1352 2546 1393 nec
2590 1338 2823 1409 antiquis
2874 1339 3076 1408 egeatis
3123 1341 3503 1395 tractatoribus

1935 1446 2035 1487 nec
2082 1429 2378 1485 modernis.
2432 1430 2769 1499 Quapropter
2815 1430 3182 1501 relinquamus
3226 1431 3518 1503 aliquando

1928 1521 2329 1577 adversantium
2372 1521 2745 1577 contentiones
2792 1521 3029 1576 illicitas.
3075 1522 3245 1577 Nemo
3287 1538 3387 1579 nos
3423 1538 3518 1577 au-

1928 1610 2082 1665 debit
2126 1611 2305 1666 dicere
2355 1609 2585 1665 fortasse
2632 1610 2969 1681 culpabiles,
3016 1612 3058 1665 si
3108 1624 3227 1682 post
3272 1624 3514 1668 octavam

1928 1702 2318 1758 correctionem
2349 1700 2476 1757 illttd
2503 1701 2582 1755 eis
2604 1701 2853 1765 dicimus,
2886 1701 3026 1770 quod
3054 1703 3344 1771 Apostolus
3373 1704 3513 1758 scri-

1934 1792 2068 1847 bens
2112 1792 2177 1846 ad
2216 1792 2392 1847 Titum
2440 1800 2560 1862 post
2586 1793 2875 1847 secundam
2912 1793 3334 1861 increpationem
3377 1795 3520 1863 judi-

246 1892 503 1957 discedat,
534 1901 712 1947 tamen
737 1889 785 1946 si
812 1891 987 1946 adhuc
1014 1889 1244 1945 nefanda
1276 1890 1624 1960 persuasione
1652 1886 1826 1942 durati
1857 1884 1906 1945 B
1940 1887 2081 1942 cavit
2108 1901 2228 1941 esse
2256 1886 2590 1950 faciendum;
2622 1886 2752 1941 dicit
2775 1888 2917 1941 enim
2951 1903 2962 1938 :
3001 1885 3322 1940 Htcrelicum
3349 1886 3518 1943 Itami-

245 1993 386 2049 sunt,
420 1983 657 2039 dicamus
680 1982 785 2037 illis
806 1982 1161 2053 syllogisticas
1184 1981 1549 2052 probationes,
1570 1979 1823 2050 quoniam

245 2095 303 2135 se
319 2079 554 2134 maxime
582 2078 891 2133 dialecticos
920 2076 1086 2132 videri
1106 2077 1307 2131 volunt.
1328 2075 1503 2130 Prima
1523 2074 1684 2145 igitur
1698 2086 1826 2142 pro-

246 2172 393 2227 hatio
414 2181 516 2236 est,
546 2171 795 2241 quoniam
827 2186 892 2226 ex
915 2170 1119 2226 duabus
1147 2170 1351 2224 naturis
1373 2166 1620 2223 Christus
1645 2166 1851 2235 Domir

248 2279 354 2319 nus
382 2264 647 2329 consistit,
678 2265 780 2318 ita:
806 2262 864 2319 Si
893 2261 1139 2319 Christus
1169 2278 1307 2317 unus
1338 2271 1495 2331 atque
1527 2259 1664 2315 idem
1708 2273 1827 2328 per-

247 2353 425 2409 fectus
454 2353 596 2408 Deus
623 2361 735 2421 est,
774 2363 827 2408 et
863 2353 1129 2424 perfectus
1160 2354 1319 2406 homo
1344 2391 1359 2416 ,
1411 2352 1551 2405 sicut
1590 2350 1829 2404 omnium

246 2456 559 2502 sanctorum
607 2446 825 2501 Patrum
875 2446 1070 2501 fatetur
1116 2459 1399 2511 assensus,
1428 2459 1499 2499 ex
1541 2442 1740 2497 deitate
1777 2450 1831 2497 et

249 2536 578 2593 humanitate
618 2536 851 2591 adunata
901 2546 954 2592 et
996 2536 1229 2606 perfecta
1268 2535 1531 2590 consistit.
1564 2533 1833 2604 Quidquid

248 2636 426 2681 autem
457 2642 521 2683 ex
554 2627 755 2682 deitate
788 2636 844 2683 et
874 2626 1207 2683 humanitate
1237 2627 1471 2681 adunata
1513 2636 1566 2681 et
1599 2626 1832 2695 perfecta

250 2720 527 2786 consistit,
575 2734 642 2775 ex
688 2719 896 2775 duabus
945 2719 1147 2775 naturis
1191 2720 1438 2774 adunatis
1483 2728 1539 2775 et
1581 2718 1835 2790 perfectis

253 2822 465 2867 constet
493 2828 715 2869 necesse
746 2822 862 2881 est,
893 2813 1101 2869 scilicet
1132 2813 1425 2868 divinitatis
1454 2819 1508 2868 et
1536 2812 1837 2867 humanita-

252 2904 340 2958 tis.
375 2904 619 2960 Christus
656 2904 815 2976 igitur
845 2921 980 2960 unus
1018 2915 1177 2976 atque
1209 2906 1347 2961 idem
1386 2919 1738 2975 permanens,
1769 2920 1838 2961 ex

250 2996 461 3052 duabus
488 2999 693 3053 naturis
723 2998 969 3053 adunatis
1000 3008 1053 3054 et
1087 2999 1335 3068 perfectis
1375 2999 1661 3067 consistit,
1693 3000 1838 3056 scili-

249 3098 340 3145 cet
378 3088 591 3145 deitatis
630 3099 685 3145 et
720 3091 1085 3146 humanitatis.
1117 3091 1360 3147 Seconda
1392 3092 1667 3161 probatio,
1716 3092 1839 3162 quia

250 3180 309 3237 in
362 3182 567 3236 duabus
618 3182 822 3237 naturis
875 3190 959 3238 est
1008 3182 1262 3237 Dominus
1312 3181 1589 3248 Christus,
1638 3182 1746 3237 ita:
1782 3182 1838 3239 Si

1929 1998 2043 2036 nem
2066 1988 2178 2048 post
2194 1980 2414 2050 primum
2436 1989 2483 2033 et
2503 1980 2781 2035 secundum
2799 1980 3165 2050 correptionem
3188 1980 3338 2051 evita,
3354 1982 3517 2036 sciens

1929 2076 2049 2143 quia
2065 2075 2330 2129 subversas
2349 2081 2421 2127 est
2444 2071 2739 2143 ltujusmodi
2760 2080 2804 2125 et
2819 2079 3016 2141 peccat,
3045 2083 3089 2125 et
3106 2081 3177 2127 est
3200 2089 3230 2126 a
3247 2074 3522 2144 semetipso

1931 2168 2202 2222 damnatus
2232 2166 2360 2238 (Tit.
2395 2182 2475 2232 ιιι,
2501 2167 2589 2233 l0,
2623 2165 2732 2236 Η).
2760 2166 2896 2233 Quid
2924 2166 2999 2221 sit.
3027 2179 3207 2221 autem
3240 2169 3525 2224 haereticus

1931 2258 2146 2326 quidam
2179 2258 2394 2312 Patrum
2426 2256 2657 2326 pulchre
2688 2255 2929 2311 definivit
2958 2274 2972 2311 :
3004 2257 3302 2313 [hereticus
3326 2269 3409 2313 est
3434 2261 3521 2329 qui

1934 2348 2129 2404 divina:
2155 2349 2288 2419 legis
2318 2348 2400 2402 vel
2431 2347 2730 2419 ignorantia
2783 2346 2867 2403 vel
2905 2356 3216 2417 contemptu
3256 2358 3521 2419 raptatus,

1938 2452 2030 2500 aut
2057 2444 2180 2498 novi
2204 2444 2450 2513 pertinax
2482 2442 2732 2498 inventor
2764 2442 2965 2496 erroris
2988 2481 3002 2505 ,
3030 2450 3123 2496 aut
3152 2441 3311 2497 alieni
3343 2454 3520 2498 secta-

1936 2545 2041 2607 tor,
2064 2534 2346 2591 catholica:
2378 2534 2568 2590 unitati
2592 2533 2795 2590 mavult
2818 2532 3093 2589 adversari
3117 2549 3278 2604 quam
3301 2534 3522 2606 subjici.

2405 2672 2719 2731 PSALMUS
2757 2671 3049 2729 CXXXIX.

2346 2784 2414 2841 In
2441 2787 2616 2856 ﬁnem,
2651 2787 2875 2858 psalmus
2902 2785 3090 2842 David.

2009 2902 2264 2970 Quamvis
2293 2901 2345 2957 in
2375 2902 2655 2965 superiore
2685 2902 2891 2973 psalmo
2925 2901 3114 2957 titulus
3143 2901 3245 2957 iste
3276 2901 3525 2959 videatur

1938 2998 2240 3067 expositus,
2291 3005 2471 3052 tamen
2511 3013 2618 3053 non
2662 2998 2806 3069 piget
2843 2997 3081 3053 breviter
3110 3007 3357 3068 repetere
3382 2999 3523 3071 quod

1936 3104 2039 3145 nos
2068 3098 2281 3145 constat
2310 3089 2623 3145 salutariter
2652 3104 2867 3161 semper
2895 3088 3105 3146 audire.
3140 3088 3206 3145 In
3235 3091 3389 3161 linem
3420 3091 3526 3147 Do-

1943 3182 2151 3238 minttm
2201 3182 2469 3253 significat
2520 3182 2828 3251 Christum,
2857 3181 2999 3238 sicut
3040 3182 3167 3238 dicit
3194 3185 3525 3253 Apostolus:

249 3269 502 3328 Christus
528 3290 663 3328 unus
689 3284 849 3345 atque
872 3274 1009 3329 idem
1038 3289 1383 3343 permanens,
1408 3289 1476 3330 ex
1509 3274 1715 3330 duabus
1746 3288 1841 3329 na-
1869 3264 1915 3327 C
1951 3273 2097 3331 Finis
2128 3274 2261 3327 enim
2300 3274 2424 3347 legis
2454 3274 2682 3329 Christus
2729 3273 2796 3328 ad
2825 3275 3087 3346 justitiam
3127 3276 3265 3331 omni
3303 3277 3530 3333 credenti

253 3366 396 3421 turis
437 3366 681 3422 adunatis
723 3375 779 3422 et
826 3366 1079 3438 perfectis
1109 3369 1398 3433 consistit,
1438 3368 1578 3423 sicut
1621 3364 1843 3422 demon-

252 3468 488 3517 stratum
520 3469 624 3527 est,
656 3477 721 3516 ex
753 3461 953 3516 deitate
984 3470 1039 3517 et
1068 3460 1419 3515 humanitate.
1453 3460 1717 3531 Quidquid
1746 3474 1842 3514 au-

254 3561 368 3607 tem
392 3567 456 3607 ex
478 3552 684 3608 duabus
708 3553 915 3609 naturis
933 3551 1181 3607 adunatis
1201 3562 1256 3607 et
1276 3551 1528 3621 perfectis
1545 3551 1843 3607 consistens

252 3644 475 3700 deitatis
501 3654 555 3701 ct
584 3645 956 3712 humanitatis,
987 3653 1041 3700 et
1064 3645 1115 3699 in
1142 3644 1349 3700 duabus
1372 3645 1577 3699 naturis
1600 3644 1845 3699 adunatis

253 3745 315 3793 et
335 3737 584 3807 perfectis
605 3738 894 3793 essentiam
910 3736 1092 3793 habet.
1112 3735 1354 3791 Christus
1370 3735 1525 3806 igitur
1538 3746 1847 3805 unusatque

253 3830 403 3885 idem
430 3840 702 3899 constans,
722 3833 773 3885 in
792 3832 999 3886 duabus
1022 3830 1225 3884 naturis
1248 3829 1497 3884 adunatis
1518 3840 1573 3885 et
1593 3829 1845 3900 perfectis

254 3923 552 3978 essentiam
582 3922 761 3978 habet.
792 3922 970 3977 Tertia
1005 3921 1268 3991 probatio,
1302 3921 1425 3990 quia
1456 3918 1590 3975 duas
1622 3930 1847 3974 naturas

257 4015 319 4068 in
342 4025 403 4068 se
420 4012 673 4068 Dominus
694 4012 940 4069 Christus
967 4012 1126 4067 habet
1147 4025 1383 4080 semper,
1409 4010 1476 4064 ita
1496 4011 1580 4064 :Si
1599 4009 1845 4065 Christus

254 4120 405 4163 unus
428 4115 586 4177 atqoe
615 4106 755 4163 idem
786 4116 1066 4174 constans,
1092 4106 1146 4160 in
1176 4104 1382 4160 duabus
1412 4103 1618 4159 naturis
1644 4103 1848 4157 aduna-

256 4197 335 4255 tis
362 4208 416 4254 et
438 4197 689 4270 perfectis
717 4199 931 4255 deitatis
959 4206 1013 4254 et
1041 4196 1386 4252 humanitatis
1430 4196 1721 4252 essentiam
1753 4194 1850 4249 ha-

254 4292 395 4357 bet,
445 4290 582 4348 sicut
627 4291 1054 4348 demonstratum
1098 4298 1198 4345 est.
1249 4286 1515 4357 Quidquid
1568 4296 1745 4341 autem
1792 4286 1847 4341 in

255 4382 471 4439 duabus
495 4384 699 4439 naturis
721 4384 968 4439 adunatis
994 4394 1047 4438 et
1073 4382 1322 4453 perfectis
1345 4379 1558 4436 deitatis
1580 4390 1632 4435 et
1656 4379 1846 4434 huma-

256 4472 448 4529 nitatis
494 4477 786 4531 essentiam
842 4476 1082 4543 habens,
1128 4474 1262 4528 duas
1314 4483 1534 4528 naturas
1585 4472 1848 4542 perfectas

258 4575 426 4636 atque
448 4567 706 4625 adunatas
728 4569 857 4627 inse
881 4570 1057 4625 habet.
1076 4567 1325 4623 Christus
1345 4566 1507 4638 igitur
1530 4583 1665 4622 unus
1686 4577 1848 4636 atque

261 4660 409 4714 idem
445 4675 784 4730 permanens,
815 4662 947 4716 duas
980 4669 1193 4716 naturas
1226 4659 1490 4728 perfectas
1524 4669 1682 4729 atque
1710 4659 1774 4714 ad

259 4759 421 4806 natas
460 4752 514 4806 in
544 4767 601 4808 se
633 4753 829 4819 habet,
870 4754 1074 4809 scilicet
1109 4752 1323 4807 deitatis
1368 4761 1422 4807 et
1467 4751 1842 4807 humanitatis.

259 4846 467 4914 Quarta
498 4848 766 4915 probatio,
796 4858 917 4917 qua:
944 4845 1178 4901 ostendit
1204 4846 1453 4916 quoniam
1482 4844 1529 4900 si
1557 4845 1679 4915 quis
1708 4860 1842 4900 con-

262 4935 443 4991 fessus
469 4935 624 4991 fuerit
653 4936 925 4992 Christum
958 4936 1125 4991 Deum
1156 4934 1451 5005 perfectum
1481 4943 1537 4990 et
1567 4935 1837 4990 homiucm

266 5028 584 5100 perfecmm,
611 5031 879 5102 denegans
901 5032 1034 5086 duas
1061 5039 1298 5093 naturas,
1324 5038 1520 5084 rectam
1546 5030 1846 5086 doctrinam

269 5130 330 5177 et
363 5123 464 5177 hoc
493 5124 633 5193 quod
661 5124 942 5179 confessus
970 5131 1074 5192 est,
1108 5122 1343 5191 perimit,
1372 5121 1423 5174 id
1445 5130 1546 5188 est,
1577 5122 1847 5177 Christum

276 5215 451 5269 Deum
500 5215 794 5286 perfectum
843 5225 898 5270 et
945 5214 1214 5269 hominem
1268 5212 1591 5282 perfectum,
1650 5215 1757 5268 ita:
1792 5216 1849 5272 Si

269 5305 522 5361 Christus
549 5321 685 5361 unus
713 5314 874 5376 atque
898 5305 1042 5360 idem
1073 5304 1340 5374 perfectus
1363 5303 1501 5359 Deus
1530 5312 1611 5359 est
1640 5314 1693 5359 et
1724 5322 1846 5377 per-

268 5394 446 5452 fectus
480 5399 671 5467 homo,
703 5398 835 5454 duas
882 5407 1099 5452 naturas
1133 5396 1398 5465 perfectas
1425 5404 1477 5450 et
1509 5395 1769 5454 adunatas
1797 5399 1850 5455 in

266 5501 332 5541 se
363 5486 520 5543 habet
550 5489 764 5544 deitatis
799 5500 856 5544 et
886 5487 1251 5543 humanitatis.
1298 5486 1356 5541 Si
1388 5486 1530 5541 enim
1566 5487 1618 5541 in
1644 5503 1704 5542 sc
1739 5506 1847 5544 non

268 5576 438 5633 liabet
467 5579 600 5635 duas
637 5588 856 5634 naturas
883 5578 1147 5648 perfectas
1172 5584 1227 5632 et
1247 5575 1507 5631 adunatas
1554 5577 1767 5634 deitatis
1797 5589 1852 5635 et

271 5673 642 5740 humanitatis,
673 5674 812 5728 sicut
841 5672 1057 5743 quidam
1104 5671 1435 5726 dementiam
1479 5669 1698 5736 dicunt,
1745 5689 1851 5728 non

272 5774 362 5818 est
387 5767 648 5834 perlectus
670 5766 810 5821 Deus
851 5776 903 5821 ct
943 5765 1206 5835 perfectus
1231 5764 1390 5819 homo
1410 5804 1426 5831 ,
1449 5764 1541 5819 sed
1566 5773 1656 5820 aut
1677 5766 1849 5821 solum

278 5855 444 5929 Deus,
477 5870 568 5918 aut
597 5860 768 5919 solum
795 5859 978 5927 homo,
1002 5864 1091 5915 aut
1118 5871 1214 5916 nec
1245 5856 1384 5914 Deus
1408 5870 1507 5914 nec
1532 5855 1690 5914 homo
1717 5875 1727 5911 :
1753 5857 1850 5913 sctl

1947 3364 2124 3437 (Rom.
2153 3382 2206 3431 ι,
2230 3365 2307 3435 ὁ).
2336 3364 2414 3419 Ad
2444 3380 2602 3436 quem
2633 3365 2797 3421 corda
2829 3376 3009 3422 nostra
3034 3368 3159 3422 totis
3191 3367 3394 3425 viribus
3417 3369 3530 3424 eri-

1944 3471 2152 3527 gamus,
2179 3458 2303 3528 quia
2330 3456 2559 3512 nobisin
2583 3457 2684 3512 hoc
2709 3456 2915 3526 psalmo
2937 3457 3092 3528 quasi
3116 3459 3378 3529 praeconis
3399 3474 3533 3516 voce

1946 3549 2118 3604 Judex
2150 3548 2432 3615 terribilis,
2462 3549 2824 3620 omnipotens,
2858 3552 2976 3621 pius
2998 3560 3053 3609 et
3072 3552 3295 3609 nimium
3317 3552 3531 3611 deside-

1945 3642 2132 3699 rabilis
2156 3643 2415 3700 advenire
2444 3643 2771 3717 pratdicitur.

2521 3758 2717 3813 Divisio
2746 3759 2953 3829 psalmi.

2019 3873 2122 3928 Per
2149 3880 2316 3928 totum
2350 3874 2613 3943 psalmum
2637 3883 2819 3930 sancta
2853 3875 3091 3932 Ecclesia
3122 3877 3375 3949 loquitur.
3414 3879 3534 3936 Pri-

1947 3980 2036 4021 mo
2053 3966 2296 4021 membro
2313 3967 2593 4021 Dominum
2616 3967 2934 4036 deprecatur
2954 3978 3012 4024 ut
3028 3971 3094 4026 ab
3115 3971 3297 4043 iniquo
3313 3974 3531 4032 diabolo

1948 4074 2063 4116 eam
2115 4060 2347 4115 liberare
2385 4060 2656 4130 dignetur,
2687 4061 2776 4131 qui
2828 4063 3007 4118 multis
3058 4064 3331 4123 fraudibus
3374 4077 3535 4140 atque

1950 4151 2161 4207 insidiis
2202 4152 2541 4207 devotionem
2586 4152 2765 4223 populi
2806 4152 2976 4210 fidelis
3007 4167 3234 4212 conatur
3262 4169 3532 4218 evertere.

1949 4244 2197 4302 Secundo
2241 4244 2475 4315 postulat
2519 4261 2587 4300 ne
2618 4245 2873 4301 tentatori
2914 4249 3244 4320 nequissimo
3273 4252 3535 4323 tradatur,

1949 4353 2105 4408 quam
2131 4337 2238 4408 jam
2272 4346 2483 4393 constat
2527 4339 2737 4395 acerbis
2786 4341 3036 4410 periculis
3082 4343 3197 4412 ipso
3227 4356 3537 4418 protegente

1950 4430 2251 4486 liberatam.
2284 4431 2487 4497 Tertio,
2526 4432 2578 4486 in
2602 4430 2808 4502 judicio
2842 4434 3019 4491 futuro
3049 4437 3342 4494 vindictam
3375 4456 3533 4510 supra

1952 4538 2047 4579 eos
2092 4524 2222 4579 dicit
2263 4539 2382 4580 esse
2416 4534 2695 4581 venturam
2718 4568 2734 4595 ,
2764 4527 2853 4598 qui
2885 4543 3145 4600 pauperes
3187 4531 3306 4601 ejus
3336 4533 3536 4589 insanis

1871 4649 1925 4709 Β
1955 4615 2183 4673 motibus
2214 4626 2628 4687 persequuntur.

2396 4730 2562 4804 474
2602 4730 2868 4805 Expositio
2892 4735 3098 4806 psalmi.

2023 4844 2178 4902 Vers.
2219 4846 2267 4902 Ι.
2299 4846 2459 4917 Eripe
2486 4864 2583 4912 me,
2611 4848 2846 4916 Domine,
2872 4850 2935 4904 ab
2955 4850 3158 4906 homine
3184 4854 3353 4919 malo;
3378 4871 3411 4908 α
3433 4856 3539 4911 viro

1953 4938 2132 5008 iniquo
2178 4938 2338 4992 libera
2378 4955 2479 4994 me.
2518 4940 2706 4996 Sciens
2750 4952 2920 4999 mater
2963 4944 3201 4999 Ecclesia
3243 4957 3439 5016 quanta
3487 4954 3538 5003 in

1955 5031 2213 5087 membris
2244 5032 2359 5087 suis
2385 5032 2581 5088 diaboli
2610 5034 2950 5090 infcstatione
2977 5045 3278 5105 pateretur,
3309 5040 3538 5095 sollicite

1955 5123 2150 5178 clamat
2177 5123 2243 5179 ad
2289 5126 2602 5193 Dominum,
2636 5128 2725 5197 qui
2758 5130 2902 5183 solus
2935 5138 3108 5199 potest
3137 5130 3254 5201 ejus
3282 5147 3538 5203 superare

1958 5216 2268 5285 nequitiam,
2302 5225 2360 5272 ut
2387 5218 2456 5272 ab
2500 5219 2667 5288 ipsius
2702 5220 2981 5290 multiplici
3011 5222 3307 5280 tentatione
3334 5224 3533 5282 libere-

1953 5314 2059 5369 tur,
2079 5322 2147 5362 ne
2164 5309 2361 5364 diutius
2383 5308 2599 5380 fatigata
2616 5313 2948 5368 succumbat.
2969 5314 3250 5372 Hominem
3267 5317 3535 5386 siquidem

1958 5398 2156 5454 malum
2200 5415 2294 5468 pro
2324 5400 2536 5457 diabolo
2561 5403 2685 5472 poni
2726 5403 3013 5475 Evangelio
3056 5416 3192 5465 teste
3219 5410 3525 5478 didicimus,

1958 5487 2169 5545 dicente
2193 5506 2206 5541 :
2240 5488 2412 5543 Malus
2438 5500 2605 5545 autem
2628 5492 2777 5547 homo
2804 5506 2877 5549 est
2907 5497 3140 5552 diabolus
3168 5498 3383 5571 (Matth.
3419 5516 3537 5570 stu,

1958 5578 2072 5649 '59).
2100 5579 2163 5634 Et
2186 5580 2379 5636 merito
2399 5580 2476 5635 sic
2498 5580 2713 5650 dicitur,
2737 5585 2824 5650 qui
2854 5598 3191 5654 peccatorum
3219 5596 3540 5652 contagione

1960 5674 2228 5743 polluitur,
2258 5686 2317 5729 ut
2340 5673 2452 5743 jam
2485 5691 2589 5730 non
2620 5677 2856 5734 cmlestis
2876 5681 3121 5750 angelus,
3155 5681 3250 5736 sed
3280 5683 3445 5737 homo
3470 5682 3539 5737 ab

1961 5764 2123 5819 homo
2160 5765 2334 5819 dictus
2378 5779 2495 5819 csse
2527 5766 2769 5822 videatur
2798 5784 2814 5823 :
2847 5769 2935 5839 qui
2985 5781 3161 5825 tamen
3193 5771 3390 5827 vicaria
3435 5770 3539 5828 sibi

1964 5858 2349 5929 permutatione
2399 5860 2714 5919 succedunt.
2762 5861 2892 5921 Nam
2932 5872 2988 5921 et
3023 5862 3296 5923 hominem
3337 5864 3540 5925 malum
