4078 6342
500 397 607 464 aut:
653 391 656 396 ’

1709 403 1778 460 Μ.
1822 401 2097 460 AURELII
2139 399 2538 462 CASSIODORI

3681 398 3792 458 996

501 516 834 590 appellamus
861 515 1128 588 hodieque
1171 517 1440 573 diabolum
1463 562 1476 586 ,
1510 523 1564 573 et
1593 531 1623 572 e
1655 516 1872 571 diverso
1903 519 2092 572 diabo-
2123 527 2167 584 Α
2201 520 2391 574 nendis
2421 515 2792 572 haereticorum
2821 511 3170 582 pravitatibus
3211 524 3538 584 perseverat.
3565 515 3790 572 Ponunt

502 613 610 668 lum
659 613 839 685 (sicut
879 626 1040 682 supra
1088 611 1372 682 probatum
1400 611 1520 682 est)
1568 611 1768 665 malum
1818 611 2088 666 hominem

503 719 894 774 nuncupamus.
935 705 1188 773 Sequitur
1227 705 1293 759 ad
1338 705 1719 758 discretionem
1754 703 2049 757 faciendam
2077 743 2092 769 ,

503 801 668 852 virum
710 799 959 868 iniquum,
1011 804 1066 850 ut
1107 795 1416 865 specialiter
1448 793 1777 866 terrigenam
1825 793 2088 864 designet,

502 892 652 962 quasi
679 890 876 944 diaboli
901 889 1147 954 militem,
1181 896 1241 942 ut
1266 896 1320 943 et
1348 889 1416 942 ab
1449 897 1670 942 auctore
1698 886 2008 953 criminum,
2037 897 2093 944 et

503 999 534 1038 a
563 983 878 1054 sequacibus
899 982 1016 1050 ejus
1036 982 1168 1051 eripi
1191 996 1250 1036 se
1276 980 1669 1051 perfectissima
1699 981 2093 1050 supplicatione

504 1077 840 1143 deprecetur.
877 1075 1008 1128 Nam
1037 1082 1091 1129 ει
1121 1075 1249 1144 ipsa:
1281 1073 1640 1143 proprietates
1682 1073 1921 1129 diversas
1969 1090 2094 1142 per-

504 1181 663 1221 sonas
705 1165 1004 1236 designant.
1047 1167 1305 1236 Malignus
1329 1167 1630 1234 appellatur
1671 1167 1956 1222 diabolus:
1992 1167 2092 1222 ini-

503 1273 640 1328 quos
661 1258 852 1314 dicitur
883 1258 1042 1314 homo
1070 1273 1267 1327 sequax
1300 1259 1434 1326 ejus.
1475 1258 1588 1312 Duo
1616 1259 1758 1314 enim
1785 1260 1947 1313 simul
1979 1260 2092 1326 cpi-

508 1351 650 1406 theta
699 1352 790 1406 uni
837 1367 1082 1422 personae
1131 1366 1235 1406 non
1289 1361 1537 1422 poterant
1573 1354 1864 1408 convenire
1892 1393 1906 1419 ,
1949 1353 2090 1422 quod

507 1433 830 1516 eloquentiae
862 1447 980 1518 lege
1013 1447 1338 1516 prohibitum
1371 1456 1474 1502 est.

577 1539 732 1612 Vers.
755 1539 810 1593 ἓ.
847 1541 946 1605 Qui
970 1541 1322 1611 cogitaverunt
1353 1539 1579 1594 malitias
1599 1538 1653 1593 in
1679 1538 1849 1605 corde,
1881 1546 1988 1592 tota
2012 1537 2094 1591 die

507 1633 874 1689 constituebant
905 1634 1104 1704 prwtia.
1135 1633 1392 1689 Graviore
1421 1642 1545 1687 sunt
1587 1647 1803 1703 semper
1853 1632 2092 1702 pericula

509 1739 625 1794 qua;
665 1723 925 1778 habentur
959 1725 1168 1779 occulta
1203 1742 1217 1779 :
1245 1725 1367 1794 quia
1395 1725 1569 1779 subita
1601 1725 1838 1788 irruunt,
1874 1721 2090 1790 quando

507 1816 649 1870 velut
669 1816 924 1870 torrentia
956 1816 1173 1871 ﬂumina
1200 1815 1487 1886 improvisa
1516 1815 1873 1871 descendunt.
1905 1813 2090 1884 Signi-

2195 612 2340 667 euim
2375 611 2547 676 funes,
2581 609 2631 664 id
2664 617 2748 662 est
2772 608 2988 663 dolosas
3015 617 3069 663 et
3101 616 3371 664 tortuosas
3425 609 3786 679 objectiones,

2194 703 2388 774 quibus
2416 702 2634 771 capiant
2657 713 2852 756 sensus
2880 701 3162 765 humanos,
3194 703 3420 771 tit-quasi
3455 703 3682 772 pedibus
3706 705 3790 759 la-

2194 815 2391 868 qucum
2415 841 2430 865 ,
2462 797 2534 852 ita
2564 799 2832 854 mentibus
2875 796 3096 851 tendere
3125 797 3416 865 probentur
3444 797 3782 851 scandalum.

2195 889 2434 961 Laqueus
2479 889 2623 944 enim
2675 888 2817 942 funis
2847 887 2981 943 ideo
3012 888 3217 958 positus
3253 897 3373 954 cst,
3404 890 3526 958 quia
3573 890 3788 944 vincula

2194 997 2288 1038 sua
2321 982 2536 1052 gravius
2565 995 2780 1051 semper
2807 981 3075 1050 astringit,
3109 995 3207 1035 nec
3226 981 3506 1050 amplexus~
3537 980 3660 1052 ejus
3690 983 3788 1035 ali-

2201 1089 2305 1144 qua
2339 1075 2558 1129 lenitate
2587 1071 2860 1136 dilabitur,
2894 1087 3014 1127 cum
3046 1071 3268 1152 nodosis
3297 1073 3614 1142 quibusdam
3649 1076 3786 1126 siui-

2195 1165 2294 1220 bus
2339 1166 2626 1235 illaqueata
2664 1163 2955 1220 concludit.
2983 1162 3143 1219 Juxta
3187 1165 3283 1218 iter
3327 1166 3542 1234 proprie
3579 1167 3790 1220 dictum

2195 1270 2299 1326 εει,
2322 1262 2574 1331 quoniam
2608 1275 2714 1314 non
2747 1261 2965 1329 capiunt
2990 1260 3095 1315 nisi
3123 1260 3241 1314 illos
3266 1261 3354 1330 qui
3387 1275 3416 1314 a
3448 1271 3592 1317 recto
3615 1263 3790 1315 virtn~

2195 1362 2306 1408 tum
2351 1354 2488 1408 calle
2539 1352 2839 1408 discedunt.
2873 1353 3128 1422 Sequitur
3171 1353 3402 1422 primum
3450 1354 3786 1424 diapsalma,

2196 1445 2286 1500 ubi
2314 1443 2630 1500 divisionem
2663 1444 2817 1498 nobis
2851 1446 3093 1509 pausatio
3115 1443 3352 1513 jucunda
3379 1447 3632 1500 concedit.

2269 1538 2422 1594 Vers.
2443 1539 2496 1592 7.
2525 1538 2647 1592 Dixi
2666 1536 2886 1592 Domino
2903 1553 2922 1591 :
2945 1535 3085 1591 Deus
3106 1553 3247 1591 meus
3265 1553 3319 1592 es
3339 1547 3429 1604 tu;
3449 1539 3655 1604 exaudi,
3678 1539 3788 1592 Do-

2199 1631 2352 1699 mine,
2381 1645 2550 1684 vocem
2580 1629 2952 1697 deprecationis
2975 1644 3118 1682 meae.
3144 1629 3271 1684 Post
3290 1629 3536 1684 crudeles
3562 1631 3792 1700 laqueos

2197 1730 2551 1790 praeparatos,
2577 1730 2698 1790 post
2729 1729 2998 1776 tortuosos
3021 1720 3175 1775 funes
3209 1721 3432 1791 positos,
3463 1732 3583 1790 post
3607 1722 3789 1792 iniqua

2200 1812 2457 1870 scandala
2485 1814 2747 1870 diabolica
2776 1813 2962 1870 fraude
2987 1815 3308 1880 machinata,
3332 1816 3480 1870 venit
3500 1817 3566 1870 ad
3591 1831 3792 1871 secun-

507 1904 632 1960 ﬁcat
659 1905 800 1959 enim
832 1905 954 1958 illos
979 1906 1069 1974 qui
1103 1906 1168 1959 de
1201 1906 1453 1959 Ecclesia:
1483 1905 1778 1960 visceribus
1807 1913 2090 1972 exeuntes,
2125 1906 2172 1966 B
2199 1905 2321 1961 dam
2358 1915 2586 1976 partem,
2609 1907 2673 1962 ad
2706 1909 2984 1962 hominum
3017 1907 3177 1963 verba
3203 1917 3547 1976 convertens,
3575 1926 3643 1964 ne
3667 1924 3792 1980 pes.

508 2001 686 2068 pravis
728 1997 1066 2067 dogmatibus
1110 1999 1160 2052 in
1192 1999 1450 2068 sacrilega
1483 2001 1778 2054 certamina
1826 2014 2093 2068 prorupe-

509 2100 654 2147 runt.
693 2096 735 2146 Δ
777 2094 969 2162 quibus
1006 2091 1198 2147 merito
1242 2107 1300 2147 se
1343 2093 1578 2162 postulat
1623 2093 1794 2164 eripi,
1827 2109 1894 2147 ne
1927 2093 2096 2163 possit

509 2198 693 2240 eorum
719 2183 1071 2254 pravitatibus
1092 2184 1342 2240 sauciari.
1369 2185 1433 2239 Et
1459 2194 1514 2238 ut
1540 2185 1830 2255 nequitiam
1857 2184 2092 2254 ipsorum

511 2279 814 2334 continuam
839 2293 958 2334 esse
989 2287 1336 2343 mctistraret,
1361 2277 1503 2334 dixit
1529 2297 1541 2332 :
1575 2277 1700 2332 'I'otn
1732 2279 1834 2346 die,
1869 2287 1926 2334 ιιι
1951 2278 2094 2334 nulla

517 2383 614 2424 eos
637 2369 912 2437 lassitudo,
947 2370 1089 2425 nulla
1129 2370 1386 2441 temporis
1414 2371 1778 2441 longinquitas
1807 2371 2091 2443 mitigaret.

576 2461 732 2517 Vers.
763 2464 821 2518 3.
860 2462 1116 2517 Acuerunt
1145 2461 1350 2534 linguas
1380 2481 1500 2517 suas
1532 2461 1662 2517 sicut
1687 2475 1942 2534 serpentes
1965 2505 1978 2529 ,
2008 2479 2094 2517 re-

509 2569 698 2607 nenum
725 2555 965 2622 aspidum
996 2556 1089 2610 sub
1121 2553 1270 2610 labiis
1299 2572 1492 2610 eorum.
1525 2555 1753 2611 Pulchre
1782 2556 1867 2610 hic
1897 2556 2096 2610 malitia

417 2663 424 2670 ’
510 2645 886 2702 haereticorum
905 2647 1161 2720 dolusque
1173 2649 1518 2706 describitur.
1537 2649 1760 2722 Linguas
1773 2651 1912 2704 enim
1929 2651 2095 2705 verba

507 2735 806 2806 signiﬁcat,
835 2753 953 2807 quae
982 2740 1238 2810 nequitiae
1265 2741 1476 2797 cotibus
1505 2742 1741 2812 expolita
1761 2783 1774 2806 ,
1809 2744 2097 2798 vulnerare

507 2831 838 2886 contendunt
862 2831 1025 2887 corda
1057 2832 1399 2903 simplicium.
1433 2835 1563 2901 Quae
1594 2835 1787 2890 merito
1818 2837 2094 2905 serpenti-

508 2921 606 2976 bus
651 2933 1038 2994 exteqtiantur,
1081 2926 1202 2994 quia
1243 2927 1583 2982 sermonibus
1626 2928 1740 2984 suis
1785 2927 1932 2984 virus
1971 2943 2100 2984 evo-

509 3023 679 3080 munt,
707 3017 848 3072 unde
867 3017 1042 3072 surdis
1067 3017 1342 3088 aspidibus
1361 3029 1763 3088 comparantur.
1802 3019 1919 3074 Tali
1949 3021 2094 3076 enim

509 3109 778 3176 preposito
807 3110 1160 3172 contendunt.
1195 3119 1251 3164 ut
1277 3111 1571 3180 pertinacia
1597 3111 1792 3165 mentis
1818 3127 2092 3182 nunquam

509 3199 672 3254 velint
698 3213 725 3252 a
757 3203 983 3260 veritate
1022 3203 1286 3272 superari.
1338 3202 1464 3258 Haec
1511 3201 1677 3273 ﬁgura
1710 3203 1908 3258 dicitur
1939 3219 2096 3274 para-

2200 1999 2354 2054 simis
2382 1999 2623 2055 tradatur
2645 2000 2876 2056 insidiis.
2899 2001 3035 2056 Dicit
3062 2001 3206 2057 enim
3230 2001 3470 2057 Ecclesia
3504 2004 3789 2072 purissima

2200 2088 2306 2144 ﬁde
2336 2091 2706 2160 resplendens,
2731 2101 2785 2146 et
2809 2091 3177 2148 indemutabili
3212 2093 3411 2148 virtute
3441 2094 3738 2149 consistens
3764 2112 3779 2150 :

2199 2182 2326 2236 Dixi
2350 2181 2603 2238 Domino:
2634 2183 2772 2240 Deus
2800 2201 2938 2239 meus
2961 2202 3012 2240 es
3033 2193 3108 2240 tu.
3133 2185 3285 2255 Quod
3312 2195 3462 2242 certe
3483 2203 3586 2241 non
3609 2197 3784 2256 potest

2200 2275 2380 2332 dicere
2427 2291 2546 2347 quae
2589 2277 2805 2332 caducis
2851 2278 3113 2348 probatur
3173 2279 3449 2334 erroribus
3480 2280 3789 2349 implicari;

2201 2383 2310 2422 non
2349 2368 2493 2424 enim
2532 2369 2726 2424 Ariana
2759 2369 3130 2442 congregatio,
3164 2386 3270 2427 non
3314 2372 3645 2439 Sabelliana,
3682 2388 3792 2427 non

2201 2459 2641 2528 Manichmorum,
2679 2477 2785 2516 non
2819 2463 3122 2534 Pelagiana,
3156 2480 3260 2520 non
3292 2465 3652 2534 Apollinaris,
3684 2481 3794 2520 non

2202 2553 2557 2625 Eutychiana,
2609 2571 2713 2610 non
2755 2556 3110 2622 Nestoriana,
3159 2575 3264 2614 non
3307 2571 3501 2616 caetera
3545 2571 3794 2631 portenta

2202 2647 2385 2716 potius
2411 2648 2638 2702 dicenda
2673 2664 2828 2719 quam
2856 2649 3103 2721 dogmata
3123 2696 3136 2720 ,
3167 2652 3266 2706 hoc
3294 2661 3518 2722 possunt
3548 2669 3676 2710 vere
3706 2655 3761 2709 di
3783 2684 3796 2696 -

2201 2753 2330 2795 cere
2371 2740 2637 2795 Domino:
2673 2741 2810 2796 Deus
2843 2759 2982 2797 meus
3009 2761 3062 2798 cs
3089 2752 3165 2799 tu.
3197 2745 3347 2800 Dicat
3374 2761 3504 2816 ergo
3549 2746 3796 2802 Ecclesia

2203 2833 2494 2900 catholica,
2528 2835 2671 2890 dicat
2714 2836 2924 2906 Sponsa
2969 2836 3036 2893 de
3076 2839 3324 2908 gentibus
3355 2839 3638 2907 advocata,
3675 2857 3797 2910 qua:

2203 2937 2444 2982 sanctam
2477 2913 2794 3007 Trinitatem
2826 2928 2928 2986 ﬁde
2959 2931 3299 2985 veracissima
3340 2932 3653 2987 conlitctur.
3689 2933 3793 2988 Sc-

2203 3021 2420 3091 quitur,
2451 3023 2672 3090 exaudi,
2721 3021 2944 3078 Domine
2967 3065 2982 3092 ,
3027 3042 3195 3081 vocem
3237 3027 3616 3095 deprecationis
3645 3045 3793 3083 mete.

2203 3110 2499 3168 Suﬁ'ecerat
2536 3112 2688 3168 dici:
2733 3113 2936 3170 Exaudi
2983 3131 3194 3184 precem
3243 3133 3449 3185 meam,
3499 3120 3602 3174 nisi
3634 3120 3796 3176 altius

2205 3203 2402 3274 aliquid
2428 3205 2688 3261 voluisset
2713 3205 2960 3277 intelligi.
3003 3207 3115 3262 Vox
3138 3208 3276 3264 enim
3303 3209 3684 3279 deprecationis
3711 3221 3796 3268 est

508 3277 663 3357 δοιά,
695 3295 947 3364 quoniam
981 3309 1068 3350 res
1096 3295 1197 3350 sibi
1229 3311 1428 3364 genere
1458 3295 1745 3354 dissimiles
1777 3299 2092 3368 perniciosis
2116 3295 2162 3362 ϐ
2195 3295 2400 3366 puritas
2431 3300 2707 3365 orationis,
2745 3309 2798 3354 et
2837 3299 3044 3356 clamor
3073 3301 3164 3356 ille
3205 3304 3396 3356 tacitus
3428 3301 3519 3371 qui
3547 3305 3795 3358 ascendit

512 3383 860 3453 qualitatibus
889 3397 1294 3455 comparantur.

579 3475 734 3531 Vers.
772 3478 824 3532 4.
857 3478 1068 3533 Custodi
1097 3496 1194 3546 me,
1239 3480 1477 3546 Domine,
1511 3481 1574 3536 de
1601 3498 1757 3536 manu
1787 3487 2091 3553 peccatoris,

509 3579 554 3622 ct
577 3571 638 3621 ab
669 3567 954 3624 hominibus
983 3571 1170 3642 iniquis
1200 3572 1358 3628 libera
1388 3591 1490 3628 me.
1531 3573 1876 3632 Peccatorem
1901 3577 2092 3634 iterum

513 3663 597 3717 hic
636 3661 901 3718 diabolum
943 3664 1246 3734 signiﬁcat,
1291 3668 1378 3736 qui
1419 3669 1559 3723 inter
1589 3684 1777 3726 omnes
1820 3681 2096 3728 creaturas

510 3755 711 3824 primus
736 3756 995 3822 excessit,
1028 3765 1081 3811 et
1107 3756 1178 3813 de
1209 3758 1490 3829 iniquitate
1515 3775 1610 3816 sua
1639 3761 1808 3817 Adam
1855 3765 2096 3819 noscitur

509 3847 802 3920 sauciasse.
847 3848 923 3906 De
967 3848 1124 3917 hujus
1156 3858 1420 3918 potestate
1462 3853 1789 3923 nequissima
1820 3854 2092 3925 (quoniam

505 3937 724 3996 omnino
754 3939 960 3994 validus
1000 3940 1114 4012 est)
1143 3952 1200 3996 ut
1235 3943 1398 3998 etiam
1425 3943 1586 4015 hujus
1617 3947 1802 4002 mundi
1833 3948 2093 4018 princeps

504 4027 735 4095 dicatur,
763 4031 894 4100 petit
915 4046 974 4087 se
997 4043 1183 4088 sancta
1207 4034 1444 4090 Ecclesia
1468 4038 1739 4104 custodiri,
1764 4040 1888 4110 quia
1913 4042 2096 4096 multis

505 4120 663 4187 dolis,
697 4122 876 4177 multis
905 4123 1038 4180 fallit
1060 4125 1291 4193 insidiis,
1321 4136 1378 4182 ut
1401 4129 1691 4195 prarcaveri
1728 4139 1976 4198 nequeat,
1999 4131 2090 4201 qui

506 4214 709 4270 lubrico
733 4229 791 4271 se
814 4217 1037 4287 vestigio
1060 4232 1276 4288 semper
1310 4227 1480 4275 tectus
1509 4221 1765 4276 insinuat.
1788 4222 2094 4292 Sequuntur

508 4307 667 4362 etiam
697 4309 812 4378 ejus
843 4309 1102 4376 ministri,
1135 4313 1387 4381 quoniam
1416 4315 1558 4384 quod
1597 4332 1704 4372 non
1738 4319 1972 4388 potuerit
1999 4335 2092 4388 per

505 4410 563 4451 se
589 4398 896 4472 inspirando
942 4401 1212 4456 mentibus
1250 4405 1448 4459 nostris
1479 4405 1798 4477 subripere,
1831 4423 1926 4479 per
1964 4424 2092 4466 suos

503 4503 763 4562 sequaces
793 4492 1004 4563 publice
1031 4504 1255 4551 conatur
1285 4497 1532 4567 implere.
1579 4479 1582 4482 i

575 4581 730 4638 Vers.
757 4582 810 4639 5.
842 4583 943 4650 Qui
967 4585 1312 4655 cogitaverunt
1334 4589 1677 4668 supplantare
1701 4606 1902 4661 gressus
1928 4609 2084 4660 meos,

2197 3386 2264 3441 ad
2289 3385 2594 3444 Dominum.
2630 3390 2836 3446 Dicitur
2861 3393 3002 3447 enim
3037 3393 3234 3448 tacenti
3263 3392 3431 3464 Moysi
3459 3411 3472 3445 :
3509 3393 3648 3458 Quid
3677 3396 3790 3448 cla-

2198 3493 2306 3530 mas
2334 3480 2401 3531 ad
2435 3495 2512 3533 me
2545 3479 2741 3551 (Exod.
2771 3497 2882 3546 xlv,
2920 3481 3048 3554 15)?
3089 3484 3286 3538 Dicitur
3315 3485 3444 3539 Cain
3474 3502 3489 3538 :
3527 3483 3644 3539 Vox
3670 3501 3794 3539 san-

2196 3570 2366 3640 guinis
2393 3569 2568 3641 fratris
2599 3575 2672 3628 tui
2696 3574 2883 3629 clamat
2911 3577 2980 3629 ad
3009 3591 3084 3630 nte
3113 3576 3177 3630 de
3205 3585 3340 3630 terra
3369 3575 3527 3648 (Gen.
3560 3594 3634 3643 tv,
3671 3578 3790 3648 10).

2197 3662 2536 3736 Quapropter
2565 3675 2765 3720 sanctae
2803 3667 3132 3735 operationis
3175 3683 3280 3724 vox
3319 3680 3403 3723 est
3433 3685 3611 3724 rerum
3645 3670 3788 3740 ipsa-

2198 3772 2315 3812 rum
2370 3757 2776 3826 loquacissimus
2821 3758 3058 3826 clamor,
3098 3775 3204 3814 non
3237 3759 3540 3816 hominibus
3583 3770 3784 3828 notus,

2197 3851 2290 3906 sed
2318 3851 2415 3905 soli
2450 3851 2557 3906 Deo
2602 3853 2867 3922 cognitus.
2896 3851 2962 3907 Et
3001 3853 3120 3907 ideo
3159 3853 3290 3923 petit
3332 3855 3566 3909 exaudiri
3604 3870 3781 3908 vocem

2195 3942 2568 4012 deprecationis
2596 3959 2729 4012 suae,
2755 3945 2874 4015 quia
2897 3959 2958 4002 se
2981 3955 3204 4002 noverat
3228 3961 3434 4002 munera
3454 3945 3777 4016 justissima:

2199 4035 2470 4105 petitionis
2501 4035 2716 4092 offerre.

2273 4128 2422 4183 Vers.
2455 4128 2508 4183 8.
2540 4127 2775 4199 Domine,
2805 4128 3020 4186 Domine
3039 4131 3196 4186 virtus
3221 4132 3403 4186 salutis
3429 4147 3570 4198 mete,
3604 4133 3788 4188 obum-

2195 4219 2352 4272 brasti
2378 4235 2534 4289 super
2565 4231 2716 4290 caput
2747 4236 2914 4274 meum
2955 4222 3006 4276 in
3039 4223 3121 4276 die
3159 4221 3298 4277 belli.
3332 4221 3602 4291 Repetitio
3643 4225 3742 4278 ista
3769 4266 3784 4290 ,

2197 4307 2418 4364 Domine
2458 4311 2698 4376 Domine,
2746 4312 2998 4368 allectum
3044 4315 3143 4383 piae
3172 4315 3496 4385 precationis
3524 4318 3788 4372 ostendit.

2195 4402 2321 4470 Quae
2354 4402 2519 4473 ﬁgura
2549 4403 2744 4458 dicitur
2770 4407 3068 4474 epizeuxis,
3102 4406 3153 4460 id
3187 4414 3291 4473 est,
3321 4407 3374 4462 in
3403 4407 3595 4463 eodem
3625 4423 3790 4464 versu

2192 4493 2436 4563 ejusdem
2460 4495 2604 4550 verbi
2634 4497 2749 4552 sine
2779 4499 2955 4568 aliqua
2984 4498 3238 4555 dilatione
3265 4499 3401 4556 facta
3429 4505 3792 4572 congemina-

2193 4590 2287 4644 tio.
2312 4588 2465 4656 Quod
2495 4589 2712 4645 schema
2752 4590 2912 4661 (sicut
2944 4607 3086 4662 saepe
3117 4593 3318 4649 dictum
3351 4595 3457 4666 est)
3493 4597 3790 4666 plurimum

501 4673 874 4728 absconderant
903 4678 1110 4743 superbi
1137 4678 1345 4749 laqueos
1375 4680 1518 4735 mihi.
1553 4681 1907 4750 Supplantare
1954 4700 2073 4752 pro-
2109 4681 2328 4748 Dvalet
2371 4675 2437 4737 ad
2487 4683 2694 4738 animos
2751 4685 3189 4740 commovendos.
3232 4684 3364 4741 Cum
3413 4689 3560 4743 enim
3607 4689 3738 4744 dicit
3774 4708 3793 4744 :

503 4765 619 4832 prie
647 4764 872 4820 dicimus
892 4807 906 4831 ,
936 4768 1146 4836 quando
1175 4769 1370 4838 plantis
1403 4772 1600 4828 nostris
1646 4783 1787 4829 terra
1822 4775 2082 4830 subduci-

503 4864 618 4922 tur,
663 4864 724 4912 ut
761 4856 812 4912 in
863 4859 1168 4914 tenebrosis.
1200 4863 1446 4918 cavernis
1487 4867 1719 4932 graviter
1761 4866 2080 4923 incidamus.
2121 4881 2126 4892 '

501 4949 650 5014 Quod
674 4950 827 5006 nobis
858 4949 983 5006 facit
1005 4952 1274 5017 inimicus,
1298 4954 1388 5024 qui
1411 4955 1460 5008 in
1487 4955 1568 5010 via
1597 4957 1808 5012 Domfni
1832 4958 2082 5027 gradien-

2196 4770 2368 4826 Virt‘us
2386 4773 2567 4827 salutis
2589 4789 2732 4839 ntere,
2761 4776 3070 4844 patientiam
3103 4793 3252 4831 suam
3285 4780 3799 4847 perseverantiam-

2192 4879 2296 4935 que
2320 4865 2673 4921 demonstrat.
2701 4866 2756 4922 in
2789 4870 3081 4924 certamine
3109 4885 3236 4926 vero
3260 4872 3670 4929 tribulationum
3694 4890 3802 4929 sa-

2193 4957 2276 5014 lus
2307 4973 2429 5015 esse
2457 4976 2561 5015 non
2597 4970 2794 5031 potest,
2830 4964 2931 5018 nisi
2963 4964 3330 5021 misericordia
3364 4966 3577 5022 Domini
3607 4971 3802 5025 virtus

502 5039 643 5092 tibus
678 5039 881 5096 vicinas
923 5050 1264 5110 peccatorqu
1309 5045 1492 5100 foveas
1534 5056 1720 5115 parat,
1769 5057 1822 5101 ut
1867 5049 2081 5117 quando

502 5143 598 5180 nos
627 5127 694 5180 ab
719 5127 808 5183 illa
857 5131 1154 5187 rectissima
1194 5133 1498 5191 intentione
1541 5135 1863 5205 deduxerit,
1897 5139 2082 5195 elusos

500 5220 861 5292 deceptosque
884 5225 1210 5298 submergat.
1242 5229 1319 5282 Ad
1344 5229 1488 5284 illam
1518 5229 1781 5300 siquidem
1807 5234 1944 5286 viam
1972 5249 2078 5290 non

499 5311 700 5368 audent
746 5313 1042 5384 accedere,
1086 5332 1204 5386 qum
1243 5318 1357 5373 sola
1393 5319 1658 5389 iustorum
1705 5329 1808 5377 est.
1853 5323 2084 5392 Superbi

498 5411 678 5458 autem
699 5411 822 5460 sunt
849 5404 976 5460 elati
1005 5406 1264 5472 haeretici,
1292 5410 1381 5478 qui
1413 5411 1556 5464 viam
1586 5411 1798 5467 Domini
1831 5397 2086 5470 ἀεέὲἔειι-

498 5502 604 5563 ιθε,
631 5493 810 5564 pravis
830 5495 1166 5566 dogmatibus
1196 5500 1420 5569 populos
1447 5501 1694 5572 decipere
1719 5506 1896 5574 potius
1915 5521 2076 5577 quam

497 5589 694 5648 docere
729 5589 1003 5645 lestinaut.
1035 5590 1125 5646 Isti
1157 5602 1358 5648 sanctte
1409 5594 1549 5663 plebi
1587 5597 1807 5668 laqueos
1846 5609 2072 5670 ponunt,

2194 5051 2491 5108 tolerantia:
2519 5053 2677 5109 fuerit
2723 5055 2998 5110 attributa.
3034 5055 3213 5112 Virtus
3263 5057 3405 5114 enim
3441 5074 3473 5113 a
3509 5060 3806 5117 viriditate

2189 5143 2328 5198 dicta
2375 5155 2487 5212 est,
2521 5161 2638 5217 quae
2671 5150 2840 5203 nescit
2869 5149 3046 5220 aliquo
3080 5150 3260 5206 labore
3290 5167 3649 5210 marcescere.
3683 5157 3808 5212 Se-

2188 5236 2389 5305 quitur,
2423 5237 2735 5294 obttmbrasti
2763 5251 2918 5312 caput
2941 5257 3108 5296 meum
3136 5243 3187 5295 in
3210 5243 3292 5298 die
3320 5245 3458 5299 belli.
3483 5245 3614 5301 Cum
3649 5248 3812 5306 dicit

2189 5328 2427 5384 Ecclesia
2459 5341 2618 5401 caput
2641 5347 2795 5386 suum
2820 5332 3196 5388 obumbratum
3230 5334 3282 5389 in
3315 5335 3401 5390 die
3427 5337 3576 5396 belli.
3609 5340 3810 5408 signi-

2187 5419 2310 5475 ﬁcat
2343 5421 2549 5476 beatam
2583 5422 2793 5478 Domini
2827 5425 3150 5494 passionem,
3187 5425 3271 5496 qui
3303 5425 3357 5479 in
3382 5425 3474 5482 illo
3496 5427 3660 5500 475
3696 5428 3824 5489 dir!
3857 5429 3860 5432 ’

2186 5513 2550 5569 crnciﬁxionis
2580 5529 2692 5570 sua:
2717 5517 2796 5572 sic
2819 5516 3168 5572 obumbratus
3196 5529 3358 5590 atque
3385 5517 3639 5574 defensus
3668 5533 3814 5594 est,

2187 5617 2242 5661 ιιι
2273 5624 2370 5662 nec
2403 5609 2612 5664 animus
2652 5609 2765 5681 ejus
2810 5611 3176 5668 confusionem
3209 5613 3442 5683 aliquam
3474 5623 3820 5690 pateretur,

495 5682 708 5754 quando
740 5697 838 5739 eos
868 5684 1019 5739 vanis
1047 5685 1420 5755 aenigmatibus
1450 5688 1690 5759 obligare
1716 5694 2069 5748 contendunt.
2187 5715 2287 5755 nec
2337 5716 2464 5756 caro
2513 5702 2674 5772 ipsius
2725 5704 3084 5772 corruptionis
3135 5704 3385 5775 injuriam
3434 5707 3757 5766 suStineret
3788 5756 3812 5780 ,

565 5775 718 5833 Vero.
750 5777 806 5835 ϐ.
837 5776 910 5831 Et
948 5779 1092 5849 funes
1122 5780 1456 5834 extenderunt
1493 5783 1547 5835 in
1587 5784 1822 5853 laqueum
1862 5788 2075 5858 pedibus
2181 5793 2395 5860 quando
2421 5802 2475 5848 et
2509 5794 2622 5862 ipse
2647 5794 2748 5848 sibi
2776 5796 2825 5850 in
2857 5795 3112 5866 vigesimo
3145 5797 3314 5865 primo
3347 5799 3551 5867 psalmo
3584 5775 3820 5864 venire

495 5868 620 5924 meis
641 5887 659 5924 :
688 5875 838 5940 iuxta
863 5876 955 5927 iter
984 5872 1287 5927 scandalum
1329 5884 1604 5942 posuerunt
1641 5879 1784 5931 mihi.
1822 5880 1874 5934 ln
1905 5896 2073 5953 expo-
2180 5883 2498 5955 deprecatur
2519 5886 2794 5943 auxilium.
2822 5887 3055 5947 Decursa
3081 5889 3222 5945 cnitn
3248 5891 3500 5962 passione
3521 5907 3612 5948 sua
3647 5895 3756 5954 ait
3785 5925 3808 5958 ς
