4114 6362
292 310 388 381 997
1163 307 1523 366 EXPOSITIO
1561 307 1626 367 IN
1666 299 2124 363 PSALTEBIUM.
2164 299 2358 361 PSAL.
2398 294 2689 353 CXXXIX.
2733 297 2737 300 ’
3455 280 3559 349 998

298 430 373 485 Tu
398 436 596 495 autem,
625 425 878 493 Domine,
912 441 974 480 ne
1002 426 1148 497 longe
1191 406 1356 495 facias
1386 425 1640 479 auxilium
1671 435 1815 478 tuum
1848 437 1883 475 a
1906 423 1961 483 Α
1986 422 2077 483 Δ.,
2110 418 2193 482 Β..
2228 416 2314 483 F.,
2346 414 2422 487 in]
2449 423 2635 469 terram
2658 428 2676 466 :
2698 413 2862 467 virum
2898 412 3147 483 injustam
3185 410 3325 465 mala
3363 411 3565 479 capient

297 522 508 579 merad
535 522 883 592 defensionem
923 535 1089 575 meam
1132 521 1356 588 respice,
1402 528 1507 575 etc.
1546 516 1725 591 (Psal.
1767 529 1883 581 xxt,

297 616 410 687 20).
435 616 578 673 Bene
598 625 776 671 autem
792 614 1012 670 deﬁnita
1033 623 1121 670 est
1140 613 1319 683 passio
1346 612 1580 677 Domini,
1600 612 1713 667 dies
1734 610 1881 677 belli,

300 711 502 767 scilicet
530 708 768 779 quando,
809 705 1023 761 diabolo
1052 708 1189 759 victo
1217 748 1231 772 ,
1282 704 1613 759 infernarum
1653 704 1888 759 claustra

300 801 506 870 dirupta
529 809 678 864 sunt,
700 798 897 868 captivi
922 797 1134 853 liberali
1157 805 1307 863 sunt,
1326 796 1582 866 solusque
1606 794 1887 850 moriendo

303 891 666 961 triumphavit,
692 890 779 959 qui
802 905 941 945 novo
966 904 1115 946 more
1145 899 1376 945 mortem
1406 898 1578 943 morte
1599 886 1885 944 destruxit.

377 985 528 1038 \‘ers.
559 983 613 1041 9.
654 980 738 1036 Ne
769 982 943 1036 tradas
992 998 1090 1049 me,
1129 979 1367 1049 Domine,
1412 996 1444 1034 a
1480 979 1733 1036 desiderio
1776 994 1890 1033 meo

307 1077 556 1150 peccatori
593 1077 987 1146 :cogilauerunt
1037 1074 1303 1130 adversum
1350 1072 1503 1145 [mss.
1537 1071 1629 1138 A.,
1670 1070 1756 1139 B.,
1800 1070 1885 1135 F.,

306 1168 505 1242 contra]
534 1186 633 1235 me,
675 1185 735 1223 ne
762 1168 1091 1237 derelinquas
1134 1185 1234 1233 me,
1284 1184 1347 1222 ne
1384 1182 1607 1237 unquam
1653 1165 1889 1220 exulten-

307 1274 409 1316 tur.
438 1262 481 1317 A
512 1262 785 1318 desiderio
816 1276 915 1316 suo
958 1260 1181 1316 traditur
1212 1260 1498 1330 peccatori,
1530 1257 1768 1329 quisquis
1797 1271 1892 1326 per

311 1353 773 1423 concupiscentias
799 1353 976 1409 carnis
1004 1352 1218 1407 diabolo
1251 1352 1571 1420 relinquitur
1610 1349 1892 1420 possiden-

308 1446 427 1499 dus.
462 1446 534 1500 De
572 1445 764 1514 quibus
811 1445 939 1500 dicit
982 1444 1271 1514 Apostolus
1309 1442 1634 1514 :Propterea
1679 1441 1893 1496 tradidit

309 1541 425 1595 illos
454 1539 589 1594 Deus
612 1541 666 1594 in
695 1540 946 1594 desideria
980 1539 1153 1594 cordis
1180 1554 1375 1606 eorum,
1409 1537 1474 1607 :in
1512 1535 1895 1591 immunditiam

313 1631 486 1701 (Rom.
518 1645 553 1693 ι,
583 1629 697 1698 21).
728 1630 830 1685 Sed
867 1646 934 1686 ne
980 1629 1079 1684 hoc
1113 1630 1222 1696 ﬁat,
1264 1628 1505 1698 sequitur
1548 1642 1632 1682 res
1676 1624 1897 1682 onmiuo

312 1721 623 1790 probabilis,
656 1730 715 1774 ut
742 1722 880 1777 sicut
918 1721 1121 1779 inimici
1151 1722 1435 1778 consilium
1462 1721 1659 1775 faciunt
1699 1719 1753 1773 in
1783 1732 1896 1772 mtto

1990 512 2043 565 in
2067 511 2323 564 interitum
2349 507 2470 581 ltus.
2500 508 2586 573 F.,
2619 506 2865 577 interitu].
2908 507 3162 572 Quamvis
3188 507 3411 576 linguosi
3442 520 3563 574 pos-

1989 603 2094 659 sint
2127 602 2229 658 dici
2259 611 2313 657 et
2342 600 2416 657 illi
2444 600 2534 670 qui
2562 601 2753 669 linguae
2793 601 3033 655 ubertate
3064 599 3273 654 facundi
3303 607 3448 665 sunt,
3478 607 3560 653 ta-

1990 710 2112 751 men
2149 695 2255 749 illis
2301 694 2400 749 boc
2428 694 2731 763 specialiter
2758 707 2951 748 nomen
2996 699 3204 747 constat
3232 691 3559 759 impositum,

1990 789 2078 858 qui
2112 787 2509 843 inconsiderata
2536 785 2803 841 locutione
2827 784 3042 840 verbosi
3069 792 3211 839 sunt.
3246 782 3383 839 Sunt
3419 784 3562 839 enim

1989 881 2242 934 contrarii
2274 879 2629 948 sapientibus,
2654 886 2707 934 et
2736 878 2950 934 diverso
2978 892 3039 933 se
3070 893 3217 932 more
3248 884 3565 931 tractantes.

1990 971 2168 1027 Monet
2200 974 2341 1027 enim
2372 972 2602 1028 Jacobus
2624 973 2931 1043 apostolus:
2959 972 3040 1028 Sit
3058 973 3224 1025 omnis
3245 973 3396 1025 homo
3421 972 3568 1025 velox

1990 1066 2059 1119 ad
2098 1068 2430 1134 audiendum,
2473 1068 2652 1121 tardus
2686 1067 2755 1121 ad
2799 1066 3105 1136 loquendum
3144 1064 3351 1139 (Iacob.
3383 1081 3423 1132 ι,
3456 1064 3568 1130 ib).

1992 1156 2150 1212 Tales
2188 1160 2329 1213 enim
2375 1174 2535 1225 super
2567 1168 2763 1213 terram
2811 1158 3029 1213 minime
3072 1157 3389 1226 diriguntur,
3423 1155 3510 1225 qui
3541 1171 3568 1206 a

1994 1251 2210 1306 levitate
2237 1266 2332 1305 sua
2380 1250 2687 1321 frequenter
2716 1252 3005 1307 excedunt.
3051 1250 3277 1305 Difficile
3322 1258 3404 1304 est
3431 1252 3571 1303 enim

1994 1342 2402 1398 indeliberatum
2443 1354 2647 1398 rectum
2696 1358 2816 1399 esse
2870 1358 3197 1409 sermonem,
3247 1341 3383 1397 sicut
3438 1343 3575 1396 scri-

1998 1446 2143 1505 ptum
2166 1446 2244 1489 est
2264 1453 2275 1488 :
2297 1434 2360 1487 In
2393 1434 2715 1505 multiloquio
2743 1451 2845 1488 non
2870 1435 3085 1505 effugies
3112 1432 3574 1503 peccatum(Prov.

1996 1544 2053 1589 x,
2087 1528 2195 1598 19).
2249 1526 2481 1601 Injustus
2525 1536 2701 1583 autem
2735 1528 2809 1581 vir
2855 1536 2958 1593 est,
2999 1528 3084 1596 qui
3115 1527 3321 1581 divinas
3366 1528 3578 1595 regulas

1998 1630 2372 1689 contemnens,
2408 1622 2702 1677 voluntatis
2734 1620 2965 1693 propriae
3013 1622 3220 1675 fervore
3261 1618 3573 1675 traducitur.

2001 1715 2106 1771 Iste
2136 1717 2341 1785 Capitur
2386 1718 2541 1772 malis
2584 1717 2717 1785 suis,
2768 1725 2823 1770 et
2868 1715 2919 1768 in
2954 1713 3272 1783 profundum
3321 1713 3579 1767 altissima

313 1812 444 1879 lum,
494 1811 563 1866 ita
603 1812 771 1869 virtus
798 1812 977 1868 divina
1022 1822 1278 1883 prmstare
1320 1813 1566 1885 dignetur
1611 1811 1886 1867 auxilium.
1921 1803 1968 1864 Β
1995 1809 2293 1865 voracitate
2341 1810 2723 1879 submergitur,
2756 1809 2879 1878 quia
2911 1822 3127 1876 semper
3156 1805 3258 1862 sibi
3289 1805 3449 1860 noxia
3487 1819 3581 1860 co-

315 1904 393 1958 Ad
432 1912 758 1972 postremum
800 1904 996 1969 dicitur
1034 1919 1193 1961 causa
1219 1906 1537 1975 justissima,
1590 1920 1658 1959 ne
1706 1917 1892 1958 revera

312 1995 613 2051 exaltentur
643 1996 943 2067 pezditione
971 1996 1260 2067 justorum,
1291 1997 1381 2067 qui
1414 1996 1481 2052 de
1517 1994 1687 2050 ﬁdelis
1716 1994 1895 2063 populi

313 2089 663 2144 subversione
723 2089 1039 2159 gloriantur.
1104 2088 1359 2159 Sequitur
1419 2089 1716 2143 secundum
1784 2084 1900 2141 dia-

312 2180 541 2249 psalma,
580 2179 669 2233 ubi
710 2180 1051 2248 divisionem,
1096 2180 1234 2235 sicut
1279 2179 1680 2246 consuevimus,
1730 2192 1901 2247 appos

315 2290 529 2329 nemus.

392 2365 547 2421 Vers.
607 2364 690 2421 l0.
733 2364 899 2436 Caput
940 2365 1182 2420 circuitus
1227 2380 1423 2430 eorum,
1462 2361 1608 2418 labor
1654 2362 1904 2417 labiorunt

316 2459 548 2527 ipsorum
579 2459 772 2526 aperiet
803 2474 906 2512 eos.
943 2458 1063 2512 Post
1102 2471 1293 2527 preces
1336 2456 1546 2511 habitas
1574 2471 1637 2510 ne
1671 2456 1907 2510 tradere-

322 2558 407 2605 tur
437 2550 689 2616 inimicis,
721 2560 904 2608 sancta
936 2557 1108 2605 mater
1135 2549 1375 2605 Ecclesia
1406 2547 1549 2603 venit
1579 2547 1646 2602 atl
1692 2550 1906 2604 tertium

321 2642 646 2703 membrum,
678 2642 732 2696 in
771 2656 878 2711 quo
907 2640 1191 2711 impiorum
1223 2639 1634 2708 inexplicabiles
1664 2637 1910 2708 designat

322 2746 561 2787 errores.
590 2730 720 2791 Nam
751 2732 891 2787 sicut
917 2732 1187 2801 superius,
1215 2732 1269 2787 in
1296 2732 1384 2787 die
1414 2731 1538 2787 belli
1563 2740 1720 2799 caput
1752 2744 1910 2787 suum

326 2822 641 2878 obumbrari
669 2822 801 2879 dixit
828 2838 859 2877 a
890 2822 1141 2888 Domino,
1191 2824 1262 2879 ita
1298 2824 1517 2878 istorum
1561 2830 1739 2891 caput,
1771 2819 1912 2891 quod

322 2923 407 2991 est
433 2914 703 2981 diabolus,
734 2916 1027 2972 noxabilem
1066 2915 1232 2973 refert
1263 2917 1459 2971 habere
1488 2914 1790 2981 circuitum,
1823 2912 1917 2983 qui

326 3025 599 3079 nunquam
628 3012 695 3064 ad
724 3018 923 3067 rectam
956 3009 1094 3064 viam
1120 3008 1383 3078 pervenit,
1414 3007 1666 3077 quoniam
1699 3020 1791 3073 per
1821 3019 1914 3060 ve-

326 3102 486 3169 stigia
522 3114 616 3155 sua
658 3100 875 3155 rediens
919 3116 977 3156 se
1018 3115 1234 3171 semper
1278 3099 1521 3156 involvit.
1552 3098 1697 3154 Ordo
1735 3107 1913 3153 autem

1999 1902 2151 1974 gitat,
2178 1904 2265 1973 qui
2297 1902 2507 1957 Domini
2535 1912 2797 1972 praecepta
2832 1901 3081 1956 declinat.

2072 1998 2226 2052 Vers.
2261 1997 2347 2052 15.
2378 1997 2602 2070 Cagnovi
2625 1998 2863 2067 quoniam
2889 1998 3038 2066 faciet
3063 1994 3307 2049 Dominus
3325 1992 3583 2065 judicium

2000 2090 2236 2159 inapum,
2268 2100 2312 2145 et
2332 2092 2608 2145 vindictam
2637 2107 2934 2161 pauperum.
2969 2092 3159 2143 Sancta
3200 2087 3439 2143 Ecclesia
3462 2086 3584 2141 bre-

2002 2182 2142 2235 viter
2168 2190 2224 2236 et
2255 2184 2517 2238 veraciter
2548 2183 2797 2253 loquitur,
2829 2183 3014 2253 quales
3041 2197 3224 2236 revera
3257 2181 3437 2235 debuit
3463 2179 3575 2233 cul-
3604 2164 3607 2167 ’

2005 2290 2134 2345 pare
2174 2276 2469 2345 linguosos.
2517 2277 2630 2331 l-loc
2671 2278 2811 2331 enim
2862 2289 2921 2329 se
2950 2275 3077 2329 dicit
3119 2288 3214 2341 per
3252 2271 3410 2326 ﬁdem
3443 2269 3585 2324 dono

2008 2368 2101 2424 Dei
2160 2370 2495 2439 cngnovisse,
2538 2370 2678 2440 quod
2718 2368 3015 2424 certiSsime
3058 2366 3297 2421 creditur
3341 2379 3461 2419 esse
3510 2363 3588 2416 fa-

2008 2460 2278 2516 ciendum.
2327 2460 2506 2515 Faciet
2555 2476 2681 2532 ergo
2724 2460 2985 2531 judicium
3033 2459 3261 2527 inopum,
3295 2453 3505 2526 quando
3535 2453 3587 2507 in

2008 2553 2096 2607 illa
2138 2552 2528 2623 disceptatione
2577 2552 2836 2621 promissa
2892 2551 3157 2614 resﬁtnet,
3208 2556 3263 2604 et
3303 2545 3592 2601 vindicabit

2014 2660 2296 2715 pauperes,
2350 2646 2418 2701 de
2465 2646 2658 2715 quibus
2703 2647 2758 2700 in
2803 2643 3123 2714 Apocalypsi
3175 2641 3433 2710 scriptum
3472 2647 3592 2694 est:

2024 2737 2139 2790 Vidi
2160 2739 2255 2793 sub
2278 2742 2371 2793 ara
2395 2735 2602 2792 Domini
2626 2739 2822 2792 animas
2844 2742 3146 2792 occisorum.
3176 2735 3239 2790 Et
3266 2733 3424 2805 paulo
3444 2738 3593 2802 post:

2014 2829 2302 2886 Clamantes
2333 2847 2350 2885 :
2379 2832 2650 2900 Quousque
2693 2839 2899 2885 sanctus
2940 2840 2987 2884 et
3026 2844 3171 2882 verus
3204 2842 3305 2881 non
3356 2826 3597 2896 judicas,

2015 2936 2062 2980 et
2090 2927 2319 2981 vindicas
2345 2928 2645 2999 sanguinem
2688 2934 2921 2981 nostrum
2946 2922 3011 2979 de
3036 2923 3115 2991 Itis
3142 2922 3230 2993 qui
3259 2920 3490 2973 habitant
3515 2933 3601 2974 sto-

2016 3039 2104 3093 per
2132 3031 2316 3077 terram
2348 3023 2530 3095 (Apoc.
2564 3039 2638 3089 vn,
2671 3022 2725 3089 9,
2760 3022 2889 3092 10)?

2096 3113 2246 3169 Vers.
2285 3115 2367 3169 14.
2426 3114 2788 3168 Verumtamen
2825 3112 2959 3185 justi
2992 3110 3366 3180 conﬁtebuntur
3410 3106 3621 3163 nomini.

328 3192 616 3249 verborum
660 3190 782 3246 talis
813 3200 933 3246 cst:
961 3190 1132 3261 Caput
1170 3207 1355 3247 eorum
1400 3192 1677 3248 circuitus.
1708 3190 1783 3246 De
1810 3203 1913 3259 quo

2025 3215 2136 3275 tuo,
2168 3218 2213 3264 et
2237 3208 2539 3261 habitabant
2570 3209 2692 3261 recti
2716 3176 2999 3259 cum'vultu
3029 3214 3135 3259 tuo.
3165 3205 3481 3272 Designatur
3503 3199 3605 3253 hoc

331 3287 578 3343 similiter
620 3286 810 3342 Petrus
858 3286 988 3342 dicit
1019 3287 1293 3357 apostolus
1332 3287 1714 3343 :Adversarius
1762 3293 1922 3340 vester

331 3380 462 3434 sicut
488 3381 565 3434 leo
587 3380 813 3451 rugiens,
840 3381 1017 3434 circuit
1036 3397 1267 3450 quwrens
1288 3396 1437 3451 quem
1464 3381 1670 3434 devoret
1695 3377 1743 3446 (f
1769 3376 1917 3434 Patr.

261 3500 279 3515 ο
332 3488 391 3538 v,
421 3471 496 3540 8).
523 3472 886 3527 Pulcherrima
919 3473 1128 3541 Species
1149 3471 1475 3528 definitionis
1498 3480 1599 3539 est,
1629 3485 1734 3527 uno
1756 3470 1923 3525 verbo

335 3562 611 3619 declarare
637 3564 762 3633 quid
795 3564 865 3618 sit
898 3578 984 3618 res
1016 3564 1103 3618 illa
1126 3580 1243 3635 qua:
1273 3564 1549 3632 quaeritur.
1584 3562 1692 3618 lloc
1715 3564 1925 3631 Graece,

335 3656 467 3711 κατὰ
494 3661 582 3715 τὴν
608 3656 755 3724 λέξιν,
788 3654 974 3710 Latine
1002 3655 1068 3710 ad
1099 3656 1322 3710 verbum
1349 3654 1561 3710 dicitur.
1594 3653 1766 3708 Labor
1794 3667 1924 3708 vrro

336 3747 610 3813 labiorum,
647 3758 727 3802 est
757 3747 1021 3819 prolatum
1069 3761 1163 3802 ore
1192 3746 1551 3812 mendacium,
1604 3745 1743 3816 quod
1780 3744 1927 3799 labo-

338 3839 484 3894 riose
512 3840 750 3910 ﬁngitur,
781 3839 1031 3909 quoniam
1077 3837 1343 3910 exquisita
1390 3839 1783 3895 machinatione
1822 3838 1928 3893 fur-

340 3939 538 3985 matur.
572 3930 778 3986 Veritas
798 3930 943 3986 enim
966 3930 1081 3984 sine
1111 3930 1295 3984 labore
1322 3929 1538 3995 dicitur,
1570 3934 1690 4000 quia
1714 3930 1926 4001 simpli-

342 4027 479 4080 citer
505 4034 558 4080 et
598 4024 716 4081 sine
760 4024 1072 4079 difficultate
1104 4024 1388 4094 profertur.
1425 4023 1776 4094 'Quapropter
1818 4024 1929 4079 oris

341 4133 530 4173 eorum
557 4116 891 4174 mendacium
916 4132 1009 4172 eos
1037 4117 1235 4185 operit,
1266 4132 1386 4173 cum
1420 4116 1604 4188 perﬁdi
1632 4117 1699 4172 de
1720 4131 1816 4173 sua
1845 4132 1931 4172 as-

339 4211 580 4265 sertione
626 4220 970 4280 superantur.
1007 4208 1285 4280 Nunquam
1333 4211 1478 4265 enim
1518 4210 1597 4267 sic
1643 4219 1724 4266 est
1773 4220 1930 4266 cauta

342 4301 564 4367 malitia,
598 4310 655 4355 ut
682 4302 795 4372 ipsa
827 4300 929 4356 sibi
959 4316 1064 4356 non
1099 4303 1352 4373 loquatur
1376 4303 1624 4359 adversa.

419 4394 571 4449 Vers.
602 4393 687 4449 11.
720 4393 915 4448 Cadent
940 4410 1095 4464 super
1120 4410 1204 4448 eos
1233 4394 1476 4450 carbones
1504 4396 1659 4466 ignis,
1688 4397 1739 4450 in
1762 4396 1934 4469 ignem

341 4489 517 4560 ejicies
547 4505 649 4555 eos,
678 4490 730 4543 in
767 4488 981 4542 miseriis
1014 4505 1117 4542 non
1156 4490 1446 4546 subsistant.
1480 4490 1661 4547 Primo
1700 4491 1931 4563 inexpli-

2023 3301 2223 3363 debcre
2257 3300 2373 3355 ﬁeri
2405 3301 2544 3354 inter
2570 3297 2839 3369 quaslibet
2871 3297 3127 3365 temporis
3153 3309 3343 3367 graves
3368 3306 3606 3363 amaras-

2024 3408 2129 3464 que
2161 3406 2460 3460 prcssuras.
2494 3389 2642 3444 Tunc
2674 3391 2818 3444 enim
2858 3402 3047 3458 magna
3077 3386 3250 3442 virtus
3283 3396 3367 3443 est
3389 3384 3609 3443 laudare

2027 3484 2335 3552 Dominum,
2359 3482 2574 3554 quando
2606 3496 2665 3537 se
2696 3481 2849 3536 istius
2878 3482 3062 3536 sazculi
3088 3480 3449 3534 blandimenta
3478 3476 3608 3531 sub-

2026 3578 2245 3632 ducunt.
2281 3578 2457 3631 Bonus
2501 3576 2645 3633 enim
2688 3576 2782 3630 fuit
2822 3574 2943 3641 Job,
2984 3588 3104 3629 cum
3140 3574 3418 3629 Dominum
3461 3572 3610 3627 dives

2026 3671 2257 3737 colebat,
2289 3671 2384 3727 sed
2418 3679 2620 3740 quanto
2649 3669 2857 3736 melior,
2886 3667 3013 3723 dum
3044 3683 3165 3722 eum
3197 3667 3297 3721 sub
3328 3664 3609 3733 multiplici

2027 3761 2320 3817 afﬂictione
2344 3760 2625 3816 laudabat!
2659 3759 2811 3815 Tunc
2841 3775 2969 3829 ergo
2994 3761 3222 3829 amplius
3244 3759 3612 3813 desideremus

2028 3854 2228 3925 gratias
2253 3868 2430 3923 agere,
2463 3852 2676 3923 quando
2705 3868 2803 3906 nos
2837 3860 3069 3905 tentator
3095 3860 3319 3907 conatur
3349 3851 3608 3921 afﬂigere.

2031 3947 2262 4002 Facilius
2310 3945 2454 4000 enim
2488 3942 2735 3999 inimicus
2776 3942 3026 4009 discedit,
3059 3956 3179 3996 cum
3210 3941 3402 3996 viderit
3448 3955 3605 3996 exce-

2030 4037 2160 4093 dere
2190 4052 2295 4093 non
2342 4051 2497 4107 posse
2537 4050 2671 4107 quos
2718 4035 2991 4103 deprimit.
3033 4034 3164 4089 Nam
3198 4035 3314 4089 vide
3344 4033 3468 4104 quid
3517 4049 3609 4089 sc-

2031 4130 2230 4197 quitur,
2268 4128 2389 4198 quia
2422 4142 2536 4180 cum
2576 4126 2719 4179 vultu
2764 4124 2881 4196 ejus
2911 4124 3142 4180 habitare
3190 4141 3295 4179 non
3340 4124 3610 4191 desinunt,

2033 4223 2121 4292 qui
2150 4223 2283 4277 recti
2320 4228 2462 4277 sunt.
2502 4220 2645 4275 Visio
2675 4220 3039 4275 infastidibilis
3077 4230 3239 4291 atque
3269 4228 3523 4290 perpetua
3558 4220 3614 4274 il-

2028 4306 2143 4370 lum
2175 4329 2389 4385 semper
2412 4313 2612 4378 videre,
2640 4327 2671 4367 a
2698 4326 2804 4384 quo
2830 4326 2890 4367 se
2922 4313 3062 4368 solet
3087 4312 3263 4369 omnis
3285 4311 3616 4367 rationabilis

2035 4416 2282 4463 creatura
2313 4408 2561 4472 reficere,
2612 4408 2749 4461 sicut
2795 4415 2850 4462 et
2889 4408 2941 4461 in
2981 4407 3381 4477 quintodecimo
3415 4408 3619 4475 psalmo

2033 4498 2147 4569 jam
2179 4500 2377 4554 dictum
2408 4507 2489 4553 est
2522 4514 2535 4551 :
2564 4497 2883 4565 Adimplebis
2908 4514 2987 4551 me
3015 4498 3195 4552 lwtitia
3228 4514 3342 4551 cum
3364 4497 3506 4551 vultu
3532 4506 3620 4551 tuo

343 4580 545 4635 cabiles
594 4596 779 4637 eorum
810 4580 943 4636 dixit
986 4597 1236 4639 errores:
1264 4599 1406 4640 nunc
1437 4599 1621 4653 poenas
1669 4595 1936 4643 memorat
1960 4567 2016 4630 Β
2038 4567 2211 4662 lPsal.
2244 4608 2334 4658 xv,
2366 4591 2478 4661 10).
2508 4591 2602 4646 Ille
2629 4591 2772 4645 enim
2805 4590 2983 4645 vnltus
3013 4589 3351 4660 praemiorum
3381 4590 3616 4643 omnium

345 4676 567 4729 Omnino
616 4676 903 4731 salutares.
952 4675 1205 4743 carbones
1236 4679 1394 4753 ignis,
1438 4690 1563 4735 sunt
1608 4681 1937 4750 pmnitentiae

346 4769 638 4834 cruciatus,
669 4768 810 4840 quod
847 4782 1024 4826 tamen
1055 4773 1359 4829 incendium
1397 4776 1637 4835 nascitur
1664 4792 1728 4835 ex
1761 4776 1935 4837 imbre

344 4862 731 4934 lacrymarum,
786 4864 927 4919 sicut
972 4874 1026 4920 et
1071 4864 1125 4918 in
1184 4866 1478 4921 centesimo
1526 4867 1736 4924 decimo
1791 4884 1935 4925 nono

346 4958 555 5025 psalmo
590 4957 789 5012 dictum
820 4968 902 5013 est
930 4976 943 5010 :
979 4958 1197 5030 Sagitta:
1225 4962 1440 5029 potentis
1468 4972 1634 5016 acuta?
1665 4980 1781 5023 cum
1821 4979 1935 5021 car-

348 5050 559 5103 bonibus
601 5050 924 5105 desolaloriis
949 5047 1119 5122 (Psal.
1149 5066 1295 5120 cxrx,
1330 5054 1407 5123 4).
1444 5053 1621 5117 Primo
1651 5056 1796 5111 enim
1829 5071 1925 5111 su-

350 5158 444 5212 pra
491 5158 583 5197 cos
613 5144 758 5199 cadit
801 5143 1041 5199 luctuosa
1085 5148 1446 5215 compunctio,
1493 5156 1611 5215 post
1654 5146 1710 5203 in
1756 5148 1935 5219 ignem

349 5234 694 5304 dejiciuntnr,
720 5236 933 5307 quando
954 5234 1069 5305 iam
1113 5236 1456 5291 miseratione
1487 5237 1697 5293 Domini
1720 5240 1935 5298 ﬂamma

350 5328 629 5384 cbaritatis
667 5327 879 5383 accensi
906 5336 1063 5394 sunt;
1111 5336 1164 5381 et
1198 5327 1407 5384 fervere
1436 5329 1650 5395 sanctis
1680 5332 1935 5400 Operibus

352 5420 629 5489 incipiunt,
679 5421 767 5492 qui
814 5419 1020 5490 pridem
1051 5419 1321 5475 desidioso
1370 5420 1528 5475 nimis
1562 5431 1748 5491 tepore
1790 5424 1938 5481 vixe-

351 5523 494 5569 runt.
529 5513 621 5568 llis
655 5514 829 5569 evenit
871 5523 930 5569 ut
960 5512 1011 5569 in
1043 5512 1273 5570 miseriis
1325 5515 1439 5570 suis
1469 5528 1575 5568 non
1619 5515 1937 5586 subsistant,

351 5604 564 5685 quando
611 5605 665 5661 in
715 5605 908 5662 bonam
947 5616 1155 5678 partem
1198 5604 1382 5663 divino
1430 5621 1657 5665 munere
1704 5608 1936 5666 transfe-

354 5706 565 5752 runtur.

433 5787 579 5845 γεγε.
621 5789 707 5847 12.
752 5790 846 5847 Vir
882 5793 1145 5864 linguosus
1171 5810 1273 5850 non
1319 5794 1570 5868 dirigetur
1604 5811 1755 5867 super
1782 5796 1933 5864 lmss.

2042 4700 2235 4740 munus
2265 4694 2367 4750 est,
2393 4699 2494 4738 nec
2521 4690 2696 4753 potest
2716 4696 2838 4738 esse
2862 4683 3175 4753 cuiusquam
3205 4682 3461 4737 bonitatis
3484 4681 3622 4737 indi-

2040 4791 2159 4847 με,
2205 4775 2294 4845 qui
2342 4774 2493 4830 illum
2544 4773 2802 4829 meruerit
2850 4773 3050 4829 habere
3090 4783 3456 4844 conspectum.
3511 4772 3620 4827 Sed

2039 4884 2161 4924 cum
2191 4870 2397 4939 legatur
2422 4885 2435 4922 :
2464 4866 2627 4922 Nemo
2657 4868 2819 4922 Deum
2843 4868 2967 4921 cidit
2990 4883 3215 4939 unquam
3237 4867 3417 4939 (Joan.
3443 4882 3483 4933 t,
3510 4865 3621 4936 18),

2043 4962 2188 5019 istud
2217 4962 2284 5017 ad
2314 4961 2445 5017 illud
2477 4969 2687 5030 tempus
2718 4959 3059 5015 referendum
3098 4968 3201 5024 est,
3244 4959 3454 5028 quando
3483 4959 3624 5015 beati

2042 5053 2328 5110 Dominum
2358 5070 2462 5108 non
2493 5069 2583 5122 per
2630 5046 2914 5121 speculum,
2958 5053 3075 5117 sed,
3117 5058 3175 5105 ut
3212 5052 3287 5106 ait
3315 5052 3624 5122 Apostolus,

2044 5147 2176 5217 facie
2211 5147 2279 5201 ad
2302 5146 2486 5216 [aciem
2517 5155 2820 5200 contuentur
2844 5145 2893 5216 (Ι
2926 5143 3044 5199 Cor.
3075 5159 3188 5213 xm,
3221 5145 3333 5218 12).

2577 5240 2847 5294 Conclusio
2885 5241 3088 5311 psalmi.

2113 5334 2287 5404 Quam
2309 5333 2583 5399 salutaria,
2608 5348 2767 5403 quam
2798 5334 2980 5388 suavia
3013 5334 3173 5389 verba
3208 5343 3412 5391 sanctae
3440 5335 3628 5390 matris

2044 5428 2226 5487 audita
2276 5437 2403 5483 sunt
2430 5427 2444 5482 Ξ
2476 5426 2660 5482 Oravit
2694 5439 2798 5496 pro
2847 5426 3023 5493 nobis,
3070 5436 3127 5481 ut
3168 5441 3197 5482 a
3246 5426 3629 5483 tentationibus

2044 5519 2327 5578 diabolicis
2350 5534 2637 5583 exuamur,
2663 5532 2795 5588 quas
2823 5517 2977 5571 nobis
3007 5519 3224 5573 omnino
3255 5528 3482 5575 noverat
3508 5532 3630 5573 esse

2044 5614 2328 5669 violentas.
2379 5613 2644 5669 Liberatis
2690 5622 2869 5667 autem
2912 5613 3118 5667 vultum
3160 5613 3368 5668 Domini
3405 5612 3628 5679 pollice-

2048 5718 2168 5777 tur,
2197 5717 2253 5763 ut
2276 5709 2411 5763 nihil
2440 5709 2791 5775 laboriosum,
2824 5708 2959 5764 nihil
2987 5710 3140 5764 triste
3171 5719 3488 5768 metuamus,
3513 5704 3633 5772 qui-

2049 5806 2147 5860 bus
2178 5808 2280 5861 ttle
2314 5825 2503 5861 tur-nn:
2537 5820 2849 5876 :autumqne
2878 5801 3228 5873 promittitur.
3258 5800 3483 5863 Prmsta,
3529 5795 3634 5853 Do-
