4078 6342
467 349 574 408 999

1659 338 1734 398 Μ.
1784 331 2064 396 AURELII
2098 326 2495 390 CASSIODORI

3299 277 3304 280 -
3319 277 3354 284 -υ

3606 322 3754 390 1000

471 464 638 531 mine,
668 468 726 518 ut
754 461 892 518 sicut
917 459 1087 517 servis
1118 457 1218 515 tuis
1249 471 1308 513 es
1337 453 1741 538 desiderabilis,
1773 453 2053 523 indulgcn-
2085 452 2129 511 Α
2161 446 2276 516 pius
2323 445 2440 500 facit
2491 409 2949 508 Dentinus,.dutn
2995 455 3100 496 non
3143 439 3261 496 vult
3306 438 3566 496 damnare
3614 453 3754 511 quos

473 555 564 611 tiae
584 565 686 611 tua:
709 548 951 611 claritate
974 553 1307 609 tuonstrcris.
1339 550 1454 605 Non
1488 547 1778 619 impediant
1808 555 2049 616 peccata,

470 665 592 722 quas
620 650 837 721 prepria
874 647 1246 705 exsecratione
1281 645 1620 702 damnamus.
1655 642 1908 697 Fatemur
1937 641 2054 696 cul—

473 757 590 814 pas,
639 753 697 798 ut
728 749 783 798 te
829 742 1094 812 placatum
1149 741 1350 796 habere
1384 738 1673 808 possimus.
1706 736 1866 794 Solus
1911 733 2056 790 enim

471 834 633 908 iudex
654 849 713 892 es
736 834 832 906 qui
857 833 1071 889 veniam
1097 831 1287 888 tribuis
1313 829 1626 895 confitenti;
1656 836 1710 884 et
1737 842 1858 884 cum
1889 834 1942 882 te
1973 824 2058 880 ni-

475 927 548 982 hil
579 927 766 995 lateat,
811 927 881 983 ab
909 925 1129 981 homine
1157 934 1336 980 tamen
1380 922 1642 993 publicari
1670 919 1888 992 quaeris,
1917 915 2060 990 quod

476 1023 646 1077 multo
669 1019 915 1076 veracius
942 1033 1103 1074 nosse
1133 1016 1446 1074 declararis.

917 1131 1081 1204 (.76
1108 1129 1426 1186 rsamus
1460 1125 1620 1185 CXL.

1039 1243 1288 1300 Psalmus
1312 1241 1500 1299 David.

547 1362 812 1436 Quoniam
861 1360 1025 1417 verba
1079 1359 1216 1416 tituli
1263 1355 1531 1429 frequenti
1583 1353 1911 1425 repetitione
1952 1349 2064 1422 jam

481 1471 608 1515 nota
646 1467 789 1525 sunt,
822 1455 1174 1512 intentionem
1218 1463 1458 1508 nostram
1493 1449 1559 1506 ad
1583 1448 1867 1505 Dominum
1905 1447 2068 1502 debe-

486 1565 606 1606 mus
637 1550 844 1620 erigere
870 1549 1228 1604 Salvatorem.
1258 1543 1395 1600 Nam
1416 1543 1636 1598 dubium
1659 1529 1742 1597 est
1774 1539 2068 1606 interdum,

487 1643 629 1715 quod
655 1643 822 1699 semel
849 1640 1044 1698 dicitur
1065 1655 1082 1695 :
1103 1631 1464 1695 certissimum
1485 1650 1617 1693 vero
1654 1644 1815 1704 atque
1859 1631 2071 1688 indubi-

484 1744 652 1792 tatum
697 1742 799 1802 est,
851 1733 996 1804 quod
1043 1732 1310 1802 frequenti
1358 1731 1677 1800 repetitione
1727 1726 2068 1798 praedicatur.

2157 545 2484 608 praemonet;
2531 535 2726 590 clamat
2764 535 2908 590 enim
2953 533 3131 603 epifex
3164 547 3381 588 rerum:
3420 531 3562 586 Νοέο
3609 548 3749 587 mor-

2158 638 2258 684 tem
2301 627 2606 698 peccatoris,
2655 626 2744 682 sed
2792 635 2850 682 ut
2893 633 3214 680 convertatur
3255 631 3302 678 et
3348 622 3484 678 vivat
3531 621 3752 695 (Emit.

2158 737 2315 788 xvtu,
2348 720 2464 792 32).

2231 814 2386 870 Vers.
2420 813 2477 871 2.
2529 811 2801 883 Dirigatur
2838 810 3002 866 oratio
3051 825 3164 864 mea
3212 808 3342 864 sicut
3389 807 3653 862 incensum
3700 807 3758 862 in

2163 918 2438 981 conspectu
2482 920 2601 975 tuo;
2646 906 2858 963 elevatio
2904 921 3152 961 manuum
3182 920 3408 959 mearum
3433 903 3760 974 sacrificium

2165 1004 2528 1074 vespertinum.
2556 1002 2840 1059 lncensum
2871 1011 2955 1057 est
2985 998 3243 1056 odoriferi
3274 997 3534 1070 pigmenti
3575 998 3761 1053 suavis

2164 1098 2395 1165 adustio,
2439 1111 2557 1167 qua:
2601 1094 2925 1150 carbonibus
2973 1101 3338 1156 concremata,
3389 1089 3761 1162 gratissimum

2167 1171 2370 1243 fumum
2405 1185 2631 1258 porrigit
2659 1185 2726 1241 ad
2749 1198 3007 1255 superna,
3038 1191 3094 1239 et
3116 1182 3404 1237 odorantes
3432 1195 3491 1236 se
3517 1180 3757 1237 delecta-

2166 1279 2264 1335 bili
2286 1277 2625 1348 iucunditate
2655 1277 2972 1347 permulcet.
3011 1274 3099 1330 Sic
3129 1273 3409 1328 beatorum
3439 1271 3612 1328 oratio
3635 1273 3764 1342 igne

2169 1370 2446 1428 citaritatis
2502 1369 2754 1435 incensa,
2807 1366 3002 1422 divinis
3049 1365 3429 1435 conspectibus
3471 1364 3754 1434 ingeritur,

2171 1478 2293 1534 qua:
2346 1461 2516 1532 magis
2568 1458 2883 1515 humilitatis
2934 1469 2989 1514 et
3045 1455 3468 1526 compunctiouis
3517 1454 3762 1523 pondere

2172 1554 2506 1610 sublevatur.
2558 1550 2858 1608 Virtutibus
2899 1549 3041 1605 enim
3091 1546 3351 1602 Dominus
3398 1545 3596 1600 nostris
3646 1553 3770 1598 tan-

2173 1663 2332 1721 quam
2382 1647 2540 1704 bouis
2589 1645 2893 1702 delectatur
2937 1643 3218 1700 odoribus.
3275 1643 3406 1698 Nam
3461 1644 3770 1698 orationem

2175 1750 2417 1796 sanctam
2446 1739 2590 1794 velut
2611 1738 2831 1794 odorem
2859 1736 3238 1793 suavissimum
3278 1734 3555 1804 suscipere
3589 1733 3772 1788 Domi-

484 1829 611 1886 ldeo
666 1829 811 1884 enim
872 1826 1300 1897 praesidentibus
1365 1823 1680 1894 quibusdam
1733 1821 2071 1894 praeconibus

2190 1851 2307 1892 num
2333 1843 2390 1890 et
2417 1835 2469 1888 in
2497 1831 2821 1904 Apocalypsi
2853 1831 3067 1902 legitur,
3096 1828 3183 1884 ubi
3215 1828 3416 1883 dictum
3456 1836 3541 1882 est
3570 1843 3584 1881 :
3610 1827 3772 1882 Stetit

487 1919 860 1986 admonemur,
902 1925 961 1972 ut
989 1916 1158 1974 aciem
1201 1915 1397 1971 mentis
1425 1924 1623 1970 nostrae
1666 1913 1733 1970 ad
1761 1927 1850 1968 res
1877 1921 2071 1968 ventu-

488 2028 577 2069 ras
616 2021 914 2087 opportuna
943 2010 1230 2068 devotione
1276 2023 1642 2081 praeparemus
1667 2028 1681 2067 :
1706 2023 1772 2063 ne
1823 2008 1948 2064 dum
1984 2008 2072 2063 in-

489 2105 700 2177 cognita
728 2103 931 2161 fuerint
973 2118 1092 2176 quae
1135 2103 1410 2170 dicuntur,
1467 2101 1822 2173 negligentius
1851 2099 2073 2156 forsitan

489 2197 797 2254 audiantur.
839 2196 1116 2268 Supplicat
1149 2195 1293 2252 enim
1325 2193 1606 2266 propheta,
1647 2199 1703 2248 ut
1745 2191 2076 2248 cautioribus

489 2290 662 2345 visum
709 2297 812 2356 est,
856 2297 1118 2360 quatenus
1167 2288 1308 2344 inter
1353 2295 1503 2343 actus
1542 2287 1677 2343 istos
1714 2285 2018 2342 mundanos
2045 2299 2078 2342 a

490 2383 724 2440 diversis
757 2383 1016 2440 liberetur
1059 2381 1378 2440 erroribus:
1405 2395 1472 2438 ne
1520 2381 1573 2437 in
1605 2391 1946 2453 peccatorum
1986 2395 2077 2438 re-

491 2476 749 2533 tiaculum
791 2475 970 2543 cadat,
1013 2489 1141 2532 cum
1186 2473 1381 2547 quibus
1425 2487 1486 2532 se
1533 2487 1643 2530 non
1689 2483 1838 2546 optat
1877 2472 2080 2531 habere

495 2571 728 2644 aliquam
752 2570 1078 2643 portionem.

1061 2702 1258 2760 Divisio
1299 2701 1509 2775 psalmi.

570 2815 885 2888 lntelligens
925 2814 1184 2886 propheta
1217 2813 1502 2870 humanam
1529 2810 1866 2884 fragilitatem
1896 2809 2082 2866 diver-

498 2908 575 2966 sis
601 2919 942 2979 peccatorum
973 2906 1198 2963 nexibus
1239 2906 1588 2978 implicatam,
1629 2904 1798 2975 prima
1839 2904 2084 2960 sectione

493 3000 792 3056 'Dominum
822 3009 974 3072 rogat
1012 3008 1071 3056 ut
1105 2997 1225 3070 ejus
1253 2999 1499 3054 audiatur
1527 2995 1724 3064 oratio,
1751 2995 2084 3067 subjungens

503 3108 533 3148 a
561 3094 755 3164 quibus
788 3108 849 3150 se
883 3095 1117 3149 maxime
1158 3092 1372 3148 liberari
1417 3092 1738 3162 deprecetur
1786 3090 2080 3146 erroribus.

499 3185 767 3256 Secunda,
811 3185 958 3257 eligit
997 3200 1059 3242 se
1103 3200 1132 3238 a
1158 3185 1304 3255 justo
1342 3185 1490 3254 argui
1521 3198 1680 3254 quam
1723 3198 1754 3237 a
1799 3192 2086 3252 peccatore

502 3277 728 3346 laudari,
757 3277 1070 3348 supplicans
1097 3284 1156 3330 ut
1193 3275 1526 3330 custodiatur
1549 3291 1579 3330 a
1607 3274 1814 3345 laqueis
1844 3281 2090 3345 peccato-

503 3384 645 3438 rum,
675 3369 928 3439 quoniam
955 3368 1156 3424 nullam
1190 3367 1626 3424 communionem
1651 3379 1773 3423 cum
1805 3367 1883 3423 eis
1907 3379 1967 3423 se
1998 3363 2092 3422 ha-

505 3460 636 3518 bere
672 3466 914 3516 testatur.

1043 3570 1317 3646 Expositio
1351 3574 1556 3646 psalmi.

581 3683 734 3744 Vcrs.
783 3683 835 3741 1.
885 3683 1124 3754 Domine,
1160 3686 1376 3742 clamaui
1414 3688 1484 3743 ad
1529 3695 1598 3757 te,
1634 3688 1823 3744 exaudi
1847 3704 1961 3756 me;
2007 3689 2094 3744 in-

511 3777 660 3836 tende
700 3779 809 3833 voci
837 3777 1080 3833 orationis
1109 3793 1255 3847 mete,
1302 3794 1419 3834 cum
1460 3779 1742 3835 clamauero
1785 3780 1854 3833 ad
1895 3793 1962 3834 te.
1997 3779 2095 3836 Hic

507 3885 812 3942 quaeramus
832 3872 1197 3943 enthymema.
1230 3871 1485 3943 Proponit
1511 3872 1676 3941 enim,
1714 3874 1961 3939 Domine,
1993 3888 2094 3945 ego

510 3968 743 4024 clamavi
771 3967 837 4024 ad
859 3977 947 4036 te;
973 3967 1216 4038 sequitur
1237 3967 1536 4036 conclusio,
1564 3968 1768 4024 Exaudi
1799 3967 1960 4039 igitur
1985 3982 2089 4024 me.

509 4061 600 4119 Sic
627 4059 799 4119 virtus
827 4063 918 4118 illa
954 4062 1388 4134 enthymematici
1419 4063 1718 4135 syllogismi
1761 4063 1910 4119 brevi
1947 4078 2097 4120 com—

508 4154 761 4228 plexione
790 4165 1001 4226 peracta
1031 4164 1133 4212 est.
1171 4153 1367 4212 Volens
1387 4157 1528 4213 enim
1567 4157 1826 4228 propheta
1859 4155 2096 4212 humano

511 4252 696 4323 generi
739 4251 990 4308 affectum
1034 4253 1303 4309 continuae
1339 4252 1598 4308 orationis
1643 4251 1944 4320 infundere,
1989 4252 2096 4307 duo

513 4354 756 4417 tempora
805 4347 1015 4404 videtur
1057 4347 1417 4430 discrepantia
1470 4347 1732 4416 posuisse.
1770 4346 1908 4402 Dicit
1947 4345 2094 4402 enim

513 4440 583 4496 de
608 4441 898 4511 prmterito,
924 4443 1166 4510 clamavi,
1197 4441 1337 4512 quod
1363 4439 1654 4510 perfectam
1679 4440 1950 4510 significat
1973 4454 2098 4494 ora-

513 4534 735 4592 tionem.
760 4534 828 4590 Et
848 4535 1042 4592 iterum
1071 4537 1286 4606 repetit,
1319 4535 1443 4590 dum
1463 4534 1743 4588 clamauero
1763 4533 1833 4587 ad
1859 4543 1926 4599 te,
1949 4532 2108 4604 quod‘

2176 1929 2385 2001 angelus
2402 1941 2554 1996 super
2573 1941 2718 1980 aram
2740 1923 2948 1978 Domini
2971 1922 3160 1976 habens
3175 1919 3497 1974 thuribulum
3515 1935 3730 1972 aureum
3750 1935 3772 1986 ;

2175 2031 2224 2076 et
2264 2020 2496 2075 ascendit
2527 2019 2696 2090 fumus
2737 2015 3173 2088 supplicationum
3217 2013 3281 2068 de
3307 2028 3462 2066 manu
3502 2012 3678 2082 angeli
3714 2012 3771 2067 in

2179 2121 2448 2181 conspectu
2483 2109 2726 2175 Domini;
2751 2115 2805 2162 ut
2835 2107 2981 2161 daret
3009 2107 3072 2159 de
3108 2093 3425 2159 orationibus
3453 2111 3763 2169 sanctorum,

2178 2205 2313 2278 quod
2343 2212 2418 2259 est
2446 2211 2569 2256 ante
2601 2199 2767 2256 Deum
2811 2197 2995 2271 (Apoc.
3028 2211 3143 2261 vm,
3175 2195 3253 2264 ‘5).
3289 2192 3565 2263 Sequitur,
3603 2192 3772 2246 eleru-

2182 2296 2254 2351 tio
2279 2310 2530 2349 manuum
2571 2306 2797 2346 mearum
2835 2287 3147 2357 sacriﬁcium
3189 2285 3555 2356 vespertinum.
3589 2282 3778 2338 Eleva-

2183 2390 2252 2444 tio
2278 2401 2522 2442 manuum
2550 2377 3052 2455 significatoperam
3085 2377 3246 2448 piam,
3275 2391 3393 2446 quze
3423 2385 3517 2430 aut
3550 2374 3603 2430 in
3631 2373 3778 2429 elec-

2185 2479 2430 2554 mosynis
2474 2485 2782 2545 exercetur,
2816 2482 2908 2528 aut
2952 2472 3006 2528 in
3045 2469 3218 2540 aliqua
3249 2467 3518 2538 probabili
3548 2479 3780 2522 conver-

2184 2575 2397 2633 satione
2429 2570 2725 2642 peragitur.
2763 2563 3096 2635 Sacriﬁcium
3140 2575 3272 2618 vero
3301 2559 3670 2629 vespertinum,
3713 2556 3782 2612 il~

2187 2668 2295 2724 lam
2323 2665 2652 2722 oblationem
2679 2661 2912 2716 fortasse
2939 2653 3227 2726 significat,
3254 2665 3415 2723 quam
3441 2649 3495 2706 in
3525 2648 3633 2705 ﬁne
3659 2649 3786 2704 vita:

2187 2757 2418 2816 Domino
2458 2754 2600 2811 solet
2627 2750 2825 2808 offerre
2869 2747 3124 2819 religiosa
3169 2742 3411 2811 devotio,
3456 2757 3581 2799 cum
3611 2739 3788 2812 paeni-

2189 2851 2410 2908 tentiam
2443 2848 2702 2920 gerimus,
2735 2852 2792 2900 et
2823 2843 3008 2898 humili
3036 2854 3136 2896 nos
3164 2837 3559 2909 supplicatione
3586 2849 3787 2907 purga-

2191 2959 2343 3010 mus,
2386 2940 2525 2996 sicut
2577 2941 2630 2996 in
2679 2933 3120 3010 quinquagesimo
3159 2931 3366 3004 psalmo
3409 2931 3614 2986 dictum
3660 2935 3788 2986 est:

2193 3033 2517 3103 Sacriﬁcium
2549 3030 2656 3086 Deo
2704 3029 2916 3101 spiritus
2961 3023 3334 3082 contribulatus
3371 3021 3550 3093 (Psal.
3577 3038 3633 3091 ι,
3669 3021 3792 3092 19).

2190 3130 2431 3200 Vespera
2482 3136 2666 3183 nostra
2713 3133 2816 3187 est,
2848 3121 3064 3194 quando
3094 3121 3252 3176 istam
3283 3120 3458 3174 lucem
3485 3128 3665 3173 morte
3689 3131 3792 3172 ve-

2117 3228 2162 3294 (ζ
2195 3222 2376 3278 niente
2423 3218 2747 3275 deserimus.
2793 3216 2932 3272 Ecce
2974 3212 3117 3284 quod
3147 3213 3457 3283 frequenter
3506 3208 3792 3264 admonui-

2194 3328 2316 3369 mus
2347 3310 2619 3368 neminem
2661 3308 2864 3365 debere
2891 3307 3204 3376 desperare,
3252 3303 3297 3360 si
3335 3303 3527 3358 ultima
3568 3316 3666 3357 sua
3697 3316 3793 3372 po-

2196 3406 2302 3462 tius
2331 3404 2698 3476 lacrymarum
2729 3401 2879 3457 fonte
2899 3399 3163 3469 deterget.

2265 3519 2420 3576 Vere.
2465 3519 2521 3574 5.
2575 3515 2750 3585 Pone,
2802 3512 3052 3580 Domine,
3102 3509 3387 3566 custodiam
3439 3508 3519 3564 ori
3564 3513 3795 3562 meo:et

2197 3613 2386 3671 ostium
2427 3609 2826 3666 sircuntstantite
2864 3606 3014 3662 labiis
3055 3606 3204 3661 meis.
3246 3603 3390 3660 Petit
3418 3602 3794 3659 sanctissimus

2196 3706 2458 3780 propheta
2488 3719 2556 3761 ne
2584 3702 2712 3775 quid
2744 3701 2851 3758 tale
2895 3700 3042 3756 dicat
3076 3694 3218 3770 quod
3265 3697 3552 3767 pervenire
3596 3693 3796 3750 debeat

2196 3802 2265 3858 ad
2300 3809 2531 3858 reatum.
2563 3799 2670 3855 Sed
2698 3795 2799 3854 hoc
2824 3795 3022 3867 duplici
3056 3793 3324 3866 supplicat
3353 3792 3610 3848 tutamiue
3635 3806 3795 3846 com-

2198 3894 2430 3960 muniri;
2482 3903 2538 3949 ut
2582 3906 2684 3948 nec
2729 3890 2983 3962 cogitatio
3030 3889 3150 3960 ejus
3207 3887 3385 3958 iniqua
3429 3884 3622 3955 sapiat,
3675 3898 3788 3938 nec

2200 4005 2360 4062 prava
2391 3987 2639 4044 voluntas
2679 3985 2733 4062 in
2775 3984 2917 4040 fatua
2941 3983 3105 4039 verba
3147 3980 3408 4053 prosiliat.
3450 3978 3506 4032 in
3546 3984 3795 4044 utroque

2198 4083 2342 4140 enim
2373 4088 2597 4138 noverat
2625 4093 2747 4136 esse
2772 4085 3071 4148 peccatum,
3100 4075 3245 4131 unde
3289 4087 3349 4130 se
3379 4072 3493 4128 fieri
3524 4070 3589 4125 de
3601 4083 3802 4140 preca-

2200 4180 2286 4229 tur
2314 4174 2571 4240 alienum,
2615 4171 2756 4227 sicut
2801 4168 3056 4226 Salomon
3093 4166 3226 4223 dicit
3251 4183 3264 4220 :
3292 4165 3644 4221 Circumvella
3674 4179 3800 4234 pos-

2199 4267 2478 4322 sessionem
2523 4274 2664 4319 tuam
2705 4262 2760 4318 in
2789 4262 2975 4333 spinis,
3023 4267 3292 4333 argentum
3337 4266 3385 4313 et
3427 4272 3616 4311 aurum
3650 4267 3799 4310 tuum

2201 4361 2470 4427 constitue,
2502 4367 2551 4414 et
2579 4358 2657 4414 ori
2683 4367 2771 4412 tuo
2799 4357 2880 4428 fac
2906 4356 3093 4411 ostium
3121 4364 3168 4408 et
3202 4369 3393 4422 seram,
3425 4360 3473 4406 et
3509 4351 3668 4406 rerbis
3698 4352 3800 4404 tuis

2202 4452 2287 4524 fac
2343 4451 2525 4524 iugum
2575 4459 2621 4506 et
2677 4464 2970 4504 mensuram
3020 4445 3223 4519 (,Eccli.
3279 4461 3466 4510 xxvut,
3521 4441 3614 4508 28,
3669 4442 3796 4511 29).

2203 4543 2411 4600 Ostium
2443 4545 2641 4614 quippe
2671 4541 2739 4597 ab
2767 4540 3034 4597 obstando
3079 4539 3280 4596 dictum
3325 4547 3432 4604 est,
3482 4537 3623 4608 quod
3667 4536 3802 4591 dum

513 4628 698 4701 utique
736 4637 946 4686 constat
989 4630 1220 4701 positum
1269 4629 1338 4685 de
1378 4628 1588 4693 futuro;
1622 4636 1682 4682 ut
1713 4627 1854 4683 sicut
1888 4627 2086 4682 nullum

2207 4634 2477 4694 clauditur
2522 4635 2704 4690 obstat
2748 4632 3092 4689 intrantibus.
3146 4629 3470 4701 [inspiciebat
3516 4630 3662 4685 enim
3719 4628 3804 4683 vir

517 4730 726 4792 tempus
745 4736 776 4777 a
799 4721 972 4793 culpis
996 4731 1080 4778 est
1110 4737 1355 4790 vacuum,
1388 4722 1458 4776 ita
1489 4735 1588 4779 nec
1614 4735 1645 4776 a
1675 4720 1884 4776 devotis
1921 4719 2096 4790 preci-

517 4813 616 4872 bus
636 4815 892 4872 reddatur
918 4815 1172 4872 otiosum.
1205 4815 1402 4872 Contra
1435 4825 1652 4886 peccata
1678 4813 1945 4884 siquidem
1968 4825 2100 4868 con-

517 4908 682 4977 tinua,
729 4910 965 4967 salutare
1011 4908 1311 4966 remedium
1364 4919 1450 4966 est
1487 4909 1688 4980 jugiter
1733 4908 1821 4979 pio
1871 4907 2098 4963 Domino

518 5000 839 5070 supplicare.
877 5001 1011 5058 Nam
1049 4999 1176 5072 quid
1215 5000 1455 5071 proderit
1495 5000 1692 5056 dimitti
1725 4999 2017 5070 praeterita,
2052 5000 2102 5055 si

517 5089 800 5147 videantur
827 5093 1068 5166 obligare
1095 5095 1358 5150 ventura?
1405 5091 1552 5149 Finis
1585 5107 1714 5163 ergo
1741 5091 1912 5148 bonus
1951 5107 2099 5162 quae-

520 5183 656 5237 ritur
679 5181 992 5252 Christiani,
1024 5193 1083 5240 ut
1110 5186 1164 5241 in
1205 5186 1460 5242 extremis
1505 5200 1631 5242 cum
1661 5187 1813 5242 venia
1846 5195 2106 5257 transeat,

522 5287 591 5328 ne
619 5273 726 5329 vita
765 5273 835 5329 sit
863 5273 1048 5332 ultima
1077 5292 1200 5349 quae
1227 5277 1526 5351 delinquat.
1569 5279 1804 5351 Respice
1833 5281 1976 5352 quod
2017 5281 2108 5338 hic

523 5374 578 5422 et
599 5365 655 5422 in
681 5369 928 5438 sequenti
953 5385 1115 5426 versu
1142 5373 1412 5431 orationes
1443 5388 1570 5430 suas
1597 5383 1790 5446 quarto
1820 5375 1984 5432 modo
2007 5389 2106 5446 ge-

524 5458 787 5528 minavit,
813 5463 938 5532 quia
981 5472 1173 5520 sancto
1219 5464 1333 5522 viro
1378 5476 1540 5522 tanta:
1586 5467 1663 5523 rei
1706 5468 1848 5524 nulla
1893 5474 2106 5539 poterat

524 5567 648 5610 esse
674 5554 915 5614 satietas.
948 5556 1132 5613 Oratio
1153 5565 1240 5614 est
1264 5559 1408 5616 enim
1436 5575 1556 5630 quae
1585 5575 1685 5617 nos
1705 5576 1735 5616 a
1764 5559 1938 5630 culpis
1971 5559 2108 5616 libe-

526 5656 628 5714 rat,
653 5645 851 5718 judicis
887 5649 1126 5706 animum
1173 5652 1443 5719 conciliat,
1485 5652 1680 5708 delicta
1723 5652 1971 5718 mundat;
2007 5666 2110 5707 nec

525 5739 701 5796 oranti
730 5739 919 5798 deesse
950 5750 1123 5812 potest
1151 5743 1542 5811 misericordia,
1573 5743 1712 5815 quod
1756 5759 1857 5801 nos
1887 5743 2104 5799 humili-

529 5840 634 5906 tas,
665 5843 720 5914 ut
739 5833 939 5908 jugiter
965 5835 1336 5912 deprecemur,
1377 5840 1613 5916 instigat.
1663 5846 1766 5903 Sed
1812 5847 1910 5905 hoc
1939 5855 2105 5904 totum

2207 4735 2427 4784 sanctus
2454 4727 2662 4797 magnis
2693 4723 2941 4796 precibus
2963 4738 3084 4780 esse
3114 4721 3490 4787 nfuniendum,
3524 4721 3665 4775 unde
3692 4729 3800 4775 tam

2207 4819 2363 4874 facile
2391 4826 2614 4874 noverat
2660 4816 2846 4874 venire
2886 4824 3190 4886 peccatum.
3221 4813 3475 4868 Proxime
3501 4811 3706 4882 quippe
3748 4811 3804 4864 in

2214 4913 2482 4984 superiori
2516 4911 2721 4983 psalmo
2747 4901 2959 4966 dixerat
2993 4926 3004 4960 :
3036 4905 3130 4961 Vir
3157 4907 3426 4977 linguosus
3472 4919 3575 4958 non
3612 4903 3806 4973 dirige-

2209 5016 2290 5060 tur
2315 5019 2470 5074 super
2492 5014 2680 5059 terram
2708 5001 2884 5074 (Psal.
2903 5015 3128 5066 cxxxrx,
3162 4998 3278 5068 η).

2283 5097 2439 5155 Vers.
2466 5095 2522 5152 4.
2556 5096 2679 5152 Non
2718 5097 2939 5151 declines
2970 5109 3058 5151 cor
3085 5107 3253 5147 meum
3280 5091 3334 5145 in
3354 5088 3508 5145 verba
3537 5088 3701 5155 mala,
3730 5087 3804 5140 ad

2207 5190 2526 5248 excusandas
2557 5189 2905 5244 excusationes
2933 5189 2985 5242 in
3018 5185 3256 5258 peccatis.
3281 5181 3535 5253 Sequitur
3560 5179 3802 5236 secunda

2207 5284 2484 5357 precatio;
2512 5289 2572 5338 ut
2599 5281 2700 5338 etsi
2741 5296 2864 5338 eum
2912 5279 3251 5351 continger’et
3289 5275 3660 5348 paenitendum
3703 5270 3806 5326 ali-

2212 5377 2339 5451 quid
2365 5375 2534 5448 loqui,
2557 5389 2664 5431 non
2692 5390 2752 5432 se
2780 5388 2877 5446 per
2905 5374 3164 5430 falsitates
3189 5369 3643 5428 sceleratissimas
3672 5380 3807 5422 con-

2215 5471 2462 5528 tenderet
2502 5483 2784 5526 excusare.
2835 5467 2948 5522 Hoc
2975 5467 3116 5523 enim
3161 5464 3456 5521 maximum
3486 5462 3675 5518 vitium
3716 5464 3808 5513 est

2219 5577 2326 5634 quo
2354 5561 2563 5617 laborat
2604 5559 2944 5626 humanitas,
2978 5567 3035 5614 ut
3064 5567 3186 5629 post
3217 5565 3495 5629 peccatum
3539 5568 3694 5609 suum
3731 5548 3806 5604 ad

2224 5652 2608 5711 excusationes
2651 5651 2941 5722 confugiat,
2981 5665 3139 5721 quam
3169 5645 3520 5720 paenitudinis
3570 5658 3629 5700 se
3675 5657 3808 5698 con-

2217 5747 2453 5804 fessione
2477 5753 2802 5815 prosternat.
2846 5742 2999 5812 Quod
3032 5741 3238 5796 facinus
3267 5741 3409 5796 inter
3435 5751 3646 5794 summa
3675 5747 3810 5805 pec-

2218 5851 2335 5898 cata
2382 5845 2594 5896 constat
2639 5851 2759 5895 esse
2808 5835 3220 5906 numerandum,
3262 5833 3386 5895 ttuia
3435 5833 3563 5892 inde
3612 5839 3808 5887 revera
