4114 6362
251 324 374 379 κ)οι

1185 325 1548 384 EXPUSITIO
1589 326 1652 382 IN
1697 324 2150 382 PSALTERIUM.
2194 326 2389 384 PSAL.
2431 325 2586 382 CXL.

3379 316 3518 383 tom

245 435 500 502 nascitur,
536 435 676 491 unde
701 434 767 491 ad
815 435 1184 504 ptenitentiam
1239 452 1362 492 reus
1407 439 1610 493 tardius
1639 439 1824 493 venire
1858 439 1910 500 Α
1941 437 2266 506 ingrediens,
2301 437 2533 507 rigorem
2566 436 2810 492 veritatis
2855 434 3081 505 emollit,
3129 448 3182 494 et
3213 437 3279 495 ad
3327 442 3515 498 noxias

247 526 519 590 rideatur;
560 527 696 582 sicut
726 528 777 581 in
810 527 944 581 libro
976 529 1148 596 primo
1199 527 1401 598 Regum
1448 530 1649 585 dictum
1699 538 1826 584 est:

247 617 406 682 Quasi
428 626 692 686 peccatum
716 618 973 672 ariolandi
1002 630 1074 672 est
1095 635 1410 691 repugnare,
1431 631 1476 676 et
1493 622 1642 690 quasi
1663 623 1829 676 scelus

243 708 553 772 idololatria:
570 710 706 762 nolle
721 713 1039 779 acquiescere
1062 711 1114 778 (Ι
1136 711 1261 783 Reg.
1284 727 1369 777 xv,
1390 712 1508 782 25).
1530 712 1665 767 Nam
1687 713 1829 782 quod

245 799 394 865 dicit,
420 801 489 853 ad
512 801 834 855 excusandas
873 804 1222 857 excusationes
1251 805 1302 856 in
1329 804 1570 874 peccatis,
1601 819 1832 861 consue-

247 892 488 947 tudinem
518 893 790 964 significat
823 895 1236 964 impudentium,
1266 897 1355 963 qui
1385 897 1602 966 quando
1631 897 1828 953 fuerint

246 983 592 1053 deprehensi,
625 987 854 1054 primum
885 1002 944 1042 se
973 989 1147 1057 aliqua
1170 988 1406 1043 falsitate
1446 1004 1708 1043 excusare
1740 1005 1836 1043 no-

245 1088 500 1141 scuntur,
532 1087 738 1131 etcum
766 1080 966 1132 fuerint
1008 1079 1131 1132 inde
1160 1080 1420 1147 convicti,
1452 1080 1587 1135 alias
1619 1096 1834 1150 semper

247 1175 620 1228 excusationes
668 1183 968 1237 assumunt,
1022 1175 1305 1244 nequando
1352 1175 1563 1228 veritati
1612 1178 1834 1243 aequie-

244 1273 361 1320 scat
402 1264 760 1320 inverecunda
795 1267 1161 1331 protervitas:
1197 1265 1355 1320 modo
1393 1267 1535 1320 enim
1581 1263 1830 1334 tempori,

244 1356 405 1412 modo
428 1356 762 1418 necessitati,
788 1357 946 1410 modo
959 1357 1078 1410 aliis
1097 1357 1410 1426 imputanda
1427 1357 1567 1425 quod
1590 1367 1833 1427 peccant.

244 1449 376 1517 Qua:
407 1449 573 1518 figura
597 1447 792 1501 dicitur
822 1446 1146 1511 metastasis,
1181 1447 1231 1500 id
1257 1456 1341 1502 est
1371 1448 1667 1512 translatio,
1708 1447 1836 1502 dum

243 1543 457 1610 culpam
485 1551 724 1594 nostram
755 1540 805 1593 in
837 1541 998 1592 alium
1032 1538 1322 1592 transferre
1366 1540 1762 1593 contendimus.

315 1634 475 1688 Vers.
506 1632 561 1687 5.
604 1631 732 1686 Cum
777 1632 1064 1685 hominibus
1107 1632 1436 1702 aperantibus
1479 1633 1838 1701 iniquitatem:

240 1735 291 1779 et
321 1741 424 1777 non
451 1723 780 1777 combinabor
811 1739 927 1774 cum
960 1722 1132 1776 electis
1170 1738 1368 1776 eorum.
1401 1722 1585 1778 Tertia
1631 1723 1837 1792 suppli-

1933 527 2287 596 cogitationes
2331 530 2529 581 amoris
2568 527 2673 581 ficti
2705 529 2882 596 potius
2929 531 3304 619 ostentatiou
3323 532 3519 603 perdu-

1933 618 2042 682 cit;
2078 619 2217 673 sicut
2245 618 2298 672 in
2330 619 2438 673 alio
2461 620 2666 688 psalmo
2696 619 2898 674 dictum
2937 632 3019 675 est
3049 639 3062 674 :
3091 618 3390 679 Mollierunt
3414 639 3520 678 ser-

1934 726 2106 763 mones
2134 727 2252 764 suos
2281 727 2432 780 super
2457 713 2647 775 ofeum,
2693 723 2740 765 et
2780 712 2882 778 ipsi
2910 723 3027 766 sunt
3035 713 3237 784 jacula.
3275 714 3344 769 Et
3369 715 3521 774 Salo-

1935 818 2059 857 m0n
2091 805 2165 857 ait
2193 820 2205 856 :
2239 803 2404 857 Verba
2431 804 2760 858 adulatorum
2792 805 2991 871 mollia,
3038 809 3310 862 novissima
3350 817 3520 863 autem

1934 909 2111 946 eorum
2143 897 2438 960 perueniunt
2481 901 2534 948 tu
2573 897 2753 949 intima
2798 899 2985 952 uentris
3017 898 3200 968 (Prov.
3245 915 3394 970 xvttt,
3435 901 3525 975 8}.

1938 984 2276 1053 Quapropter
2304 986 2392 1038 illa
2438 989 2637 1041 monita
2687 1003 2899 1058 semper
2925 989 3168 1060 eligenda
3215 1001 3360 1060 sunt,
3395 1007 3521 1063 qua:

1936 1090 2044 1128 non
2072 1075 2137 1126 ad
2163 1075 2505 1130 dilectionem
2537 1077 2722 1131 saeculi
2763 1081 2998 1144 trahunt,
3031 1079 3125 1134 sed
3156 1080 3224 1135 ad
3249 1092 3522 1154 praecepta

1936 1180 2040 1218 nos
2063 1166 2362 1219 Diviuitalis
2401 1167 2647 1221 inxitaut.
2685 1168 2867 1222 Potest
2899 1179 3077 1225 autem
3108 1179 3164 1225 et
3190 1170 3336 1234 illud,
3357 1187 3526 1228 evan-

1939 1256 2172 1325 gelicum
2221 1257 2286 1309 de
2333 1257 2517 1313 decem
2568 1259 2867 1328 virginibus
2911 1261 2998 1317 hic
3047 1261 3302 1319 decenter
3348 1267 3526 1335 aptari

1942 1345 2158 1416 (Matth.
2197 1363 2328 1412 xxv,
2365 1347 2440 1418 1),
2487 1350 2631 1415 quod
2659 1352 2896 1422 quinque
2930 1353 3186 1424 virgines,
3229 1371 3352 1426 qua:
3376 1367 3528 1413 actus

1939 1451 2065 1492 suos
2113 1439 2521 1506 probatissimos
2571 1439 2800 1496 Domino
2839 1443 3244 1514 dedicaverunt,
3291 1459 3348 1504 et
3390 1464 3528 1506 coe-

1939 1529 2194 1586 scientias
2241 1531 2446 1587 lucidas
2473 1543 2860 1590 conservantes
2890 1537 3168 1595 cbaritatis
3195 1541 3316 1596 oleo
3359 1543 3529 1600 refer-

1943 1630 2046 1687 tze,
2103 1623 2422 1691 semetipsas
2476 1632 2730 1695 tanquam
2794 1626 3072 1697 lampades
3119 1631 3528 1690 ardentissimas

1948 1712 2158 1769 Domini
2189 1715 2569 1786 conspectibus
2604 1718 2935 1774 obtulerunt.
2973 1719 3093 1776 Istat
3125 1721 3290 1792 (sicut
3334 1725 3421 1780 ltic
3447 1727 3531 1781 di-

241 1817 388 1872 eatio
414 1824 516 1880 est,
550 1822 606 1868 ut
632 1813 889 1869 liberetur
910 1829 937 1866 a
968 1814 1197 1884 collegio
1219 1829 1406 1868 eorum
1434 1814 1524 1883 qui
1548 1821 1841 1884 operantur
1871 1809 1918 1870 B
1944 1804 2041 1873 οίῐ)
2074 1808 2266 1860 merito
2303 1808 2587 1863 οτθάεηάω
2617 1819 2744 1864 sum
2768 1825 2798 1864 8
2823 1809 2985 1880 iHSIiS
3023 1812 3170 1868 holni
3198 1815 3331 1870 .ilms
3359 1816 3526 1872 fuisse

243 1907 583 1977 iniquitatem
617 1921 631 1958 :
664 1919 734 1960 ne
777 1918 900 1961 cum
954 1903 1086 1972 ipsis
1125 1905 1276 1972 quasi
1326 1905 1641 1957 combinntus
1676 1902 1835 1974 47⁵1

240 1995 441 2052 debeat
497 1994 781 2066 implicari.
850 1995 1152 2051 Combinati
1212 1996 1356 2050 enim
1415 1995 1668 2049 dicuntur
1725 1996 1835 2060 rei,

239 2088 461 2158 quando
485 2088 592 2143 duo
621 2087 781 2143 simul
822 2087 877 2141 in
909 2102 1014 2141 uno
1045 2087 1264 2140 vinculo
1301 2088 1646 2157 colligantur,
1681 2095 1738 2143 ut
1762 2087 1841 2140 al-

241 2193 328 2238 ter
355 2184 587 2236 alterum
629 2179 988 2250 praepediens,
1023 2179 1200 2248 fugam
1244 2180 1467 2234 liberam
1495 2179 1695 2234 habere
1730 2194 1836 2234 non

238 2274 478 2344 possint.
528 2271 658 2326 Orat
686 2285 814 2340 ergo
847 2270 1130 2340 prOpbeta,
1185 2287 1253 2326 ne
1293 2287 1416 2325 eum
1453 2271 1645 2326 talibus
1673 2273 1842 2341 illige-

249 2377 364 2430 tur,
399 2365 487 2433 qui
523 2363 887 2434 inplicatione
933 2372 1119 2417 mutua
1164 2363 1482 2417 alterutrum
1527 2364 1629 2418 sibi
1665 2363 1840 2433 impe-

239 2457 364 2510 dire
395 2464 710 2510 noscuntur.
747 2453 872 2507 Non
911 2453 1245 2506 combinabor
1283 2453 1501 2522 respicit
1531 2452 1596 2507 ad
1637 2466 1841 2508 utrum-

239 2551 372 2615 q'ue,
430 2557 483 2602 et
523 2546 591 2601 ad
640 2545 891 2601 homines
929 2557 1220 2615 operatttes
1268 2545 1625 2615 iniquitatem,
1675 2557 1730 2601 et
1774 2548 1838 2600 ad

238 2641 451 2696 electos
481 2654 686 2694 eorum.
721 2639 789 2693 Et
819 2649 941 2694 nota
973 2639 1115 2707 quod
1151 2638 1378 2702 addidit,
1412 2654 1610 2703 eorum,
1644 2655 1710 2693 ne
1742 2656 1840 2709 pu-

240 2746 395 2788 tares
424 2746 610 2786 revera
641 2732 843 2786 electos
879 2730 1108 2796 Domini,
1159 2731 1249 2800 qui
1294 2730 1386 2785 tali
1418 2731 1639 2785 nomine
1680 2747 1837 2786 voca-

238 2827 464 2881 bantur.
500 2824 664 2878 Multo
694 2823 835 2879 enim
886 2822 1259 2878 sceleratiores
1310 2833 1434 2876 sunt
1459 2823 1533 2877 illi
1579 2823 1668 2893 qui
1702 2823 1842 2878 inter

241 2918 424 2974 malos
449 2918 703 2972 videntur
723 2932 844 2972 esse
867 2915 1144 2985 praecipui,
1169 2915 1320 2985 quasi
1345 2914 1511 2970 duces
1532 2917 1837 2978 criminum,

237 3010 400 3081 quasi
417 3009 686 3079 principes
700 3010 986 3076 latronum,
1005 3009 1476 3079 etcaputomnium
1495 3009 1841 3078 perditorum.

325 3101 480 3156 Vers.
511 3101 562 3156 6.
599 3100 854 3170 Corripiet
885 3102 1152 3170 mejustus
1179 3103 1233 3153 in
1275 3101 1653 3167 misericordia,
1688 3112 1732 3155 rt
1764 3102 1844 3155 iu-

1943 1910 2224 1962 correctae,
2271 1906 2325 1952 et
2372 1899 2758 1956 misericordia:
2800 1903 2983 1958 studio
3026 1905 3380 1963 nihilominus
3411 1923 3534 1964 esse

1943 1989 2308 2058 reprehensas.
2361 1991 2604 2060 Reliquae
2647 2009 2778 2050 vero
2814 1995 2939 2051 alia:
2987 1999 3222 2069 quinque
3267 2003 3530 2073 virgines,

1942 2094 2061 2148 qua:
2091 2081 2424 2136 adulantium
2459 2085 2683 2139 vocibus
2714 2086 2918 2144 infelici
2964 2098 3114 2145 sorte
3158 2093 3525 2163 crediderunt,

1943 2181 2104 2240 caput
2127 2188 2312 2229 earum
2337 2175 2539 2231 factum
2573 2186 2657 2234 est
2691 2180 2742 2234 in
2773 2195 2868 2236 sua
2901 2181 3220 2254 deceptione
3251 2186 3535 2257 pinguissi-

1945 2277 2127 2329 mum;
2157 2275 2211 2319 et
2240 2267 2359 2322 ideo
2391 2269 2672 2325 exstinctis
2707 2271 3043 2342 lampadibus
3087 2292 3193 2331 non
3223 2288 3349 2334 sunt
3376 2295 3530 2336 rece-

1944 2366 2049 2425 pta:
2076 2374 2089 2411 :
2120 2360 2372 2428 quoniam
2403 2371 2594 2416 tetram
2625 2365 2786 2419 vitam
2814 2380 2940 2422 ante
2973 2368 3260 2424 Dominum
3289 2372 3398 2426 veri
3443 2373 3530 2428 lti-

1945 2447 2106 2502 minis
2133 2465 2241 2504 non
2269 2449 2498 2508 decebat
2538 2453 2742 2510 offerri.
2786 2456 2955 2524 Quam
2989 2462 3297 2529 parabolam
3344 2465 3532 2522 beatus

1947 2540 2277 2610 Augustinus
2346 2544 2398 2598 in
2458 2546 2599 2601 libro
2661 2549 3031 2614 Quaestionum
3083 2554 3534 2628 quinquagesimo

1947 2647 2090 2686 nono
2118 2633 2278 2690 latius
2309 2645 2364 2690 et
2394 2635 2648 2694 decenter
2670 2640 2941 2709 exposuit.
2979 2643 3041 2697 Et
3064 2644 3186 2699 ideo
3215 2647 3532 2704 considere-

1947 2741 2066 2780 mus
2108 2742 2268 2795 quam
2322 2729 2625 2797 periculosa
2663 2734 2730 2785 sit
2776 2732 3035 2801 adulatio,
3078 2751 3201 2806 qum
3240 2739 3532 2796 excludere

1949 2817 2206 2886 probatur
2226 2832 2256 2872 a
2286 2817 2533 2875 Domino.

2019 2909 2174 2966 Vers.
2207 2910 2261 2965 7.
2296 2911 2550 2978 Quoniam
2574 2917 2744 2970 adhuc
2776 2926 2847 2970 cst
2877 2920 3042 2972 oratio
3069 2935 3182 2974 mea
3209 2922 3261 2976 in
3287 2922 3531 2994 bsuepla-

1945 3002 2060 3056 citis
2089 3019 2284 3058 eorum.
2315 3003 2391 3060 De
2418 3005 2695 3075 superiore
2722 3021 2884 3063 sensu
2915 3010 3112 3078 pendet
3159 3013 3259 3069 iste
3292 3015 3500 3071 versicu
3525 3044 3534 3057 -

1948 3094 2030 3148 lus
2055 3113 2070 3161 ;
2096 3096 2169 3150 ait
2198 3098 2342 3158 enim
2369 3115 2380 3149 :
2415 3097 2597 3152 Oleum
2623 3112 2792 3155 autem
2819 3105 3102 3171 peccatoris
3128 3121 3228 3159 non
3254 3105 3536 3179 impingite!

237 3193 471 3264 crepabit
512 3209 626 3255 me;
675 3194 842 3247 oleum
883 3201 1054 3245 autent
1081 3194 1363 3262 peccatoris
1409 3209 1511 3247 non
1555 3195 1836 3272 impinguet

1949 3198 2094 3256 caput
2121 3203 2330 3254 meum;
2371 3198 2427 3244 et
2467 3189 2787 3246 subsecutus
2824 3192 3105 3263 adiunxit:
3134 3196 3389 3262 Quoniam
3437 3199 3536 3253 ad-

241 3295 404 3356 caput
455 3300 640 3338 meum.
688 3283 963 3339 Postulata
1014 3283 1209 3354 lingua:
1249 3285 1516 3351 custodia,
1567 3295 1623 3339 et
1660 3285 1840 3340 crimi-

245 3391 381 3432 num
413 3374 758 3431 excusatione
802 3375 1076 3440 dautnata,
1125 3375 1274 3429 venit
1309 3374 1374 3428 ad
1422 3374 1712 3429 secundam
1751 3389 1841 3430 se-

245 3469 514 3535 ctionem,
562 3467 612 3521 in
644 3483 748 3535 qua
781 3467 859 3520 vir
897 3476 1116 3521 sanctus
1148 3467 1542 3533 increpationes
1585 3465 1733 3535 eligit
1760 3465 1844 3534 ju-

247 3569 484 3626 storum,
512 3574 670 3630 quam
699 3557 1064 3612 blandimenta
1098 3557 1456 3626 peccantium.
1489 3556 1598 3613 Sed
1625 3572 1742 3626 qua:
1770 3557 1845 3611 sit

248 3650 523 3704 correctio
547 3649 676 3717 justi
703 3647 940 3701 breviter
962 3646 1250 3711 intimavit,
1276 3645 1530 3710 dicendo,
1561 3648 1615 3698 in
1645 3647 1845 3699 miseri—

251 3742 479 3796 cordia:
506 3739 756 3808 quoniam
789 3739 867 3791 vir
894 3745 1110 3791 sanctus
1139 3751 1246 3790 non
1277 3736 1327 3788 in
1359 3738 1435 3787 ira
1463 3735 1713 3804 corripit,
1746 3737 1843 3791 sed

252 3848 354 3903 per
382 3831 728 3885 dilectionem
756 3830 1062 3896 iucrepator
1089 3827 1320 3881 accedit.
1346 3825 1477 3880 Nam
1506 3826 1609 3880 etsi
1639 3827 1845 3881 vultum

254 3926 383 3980 irati
427 3923 685 3990 ostendit,
727 3936 822 3976 cor
865 3931 1042 3975 tamen
1085 3919 1279 3988 placati
1316 3934 1535 3987 semper
1581 3919 1843 3983 assumit;

253 4017 399 4070 sicut
419 4022 602 4067 mouet
629 4011 956 4080 Apostolus:
987 4007 1226 4073 Fratres,
1246 4010 1292 4063 si
1321 4019 1705 4081 pratoccupatus
1735 4009 1849 4078 fue-

252 4105 325 4159 rit
352 4107 502 4157 Itomo
523 4104 574 4156 in
597 4105 769 4172 aliqua
800 4102 1004 4166 delicto,
1038 4116 1124 4156 vos
1144 4101 1232 4172 qui
1264 4099 1564 4171 spirituales
1595 4101 1739 4167 estis,
1767 4102 1850 4154 in-

253 4197 439 4251 struite
495 4193 794 4267 Itujusntodi
850 4194 905 4246 iit
949 4193 1137 4261 spiritu
1195 4192 1464 4258 lenitatis,
1515 4191 1847 4249 considerans

254 4289 501 4357 teipsum,
530 4302 593 4339 ne
638 4296 685 4340 et
732 4295 786 4337 tu
825 4284 1034 4338 tenteris
1082 4283 1228 4354 (Gal.
1269 4299 1342 4348 γι,
1379 4283 1457 4352 1).
1507 4282 1850 4352 Quapropter

255 4381 379 4435 bazc
407 4379 740 4434 consuetudo
764 4376 1026 4432 bonorum
1070 4385 1175 4443 est,
1209 4384 1265 4430 ut
1311 4375 1499 4430 malint
1529 4389 1591 4430 se
1619 4390 1649 4428 a
1690 4374 1848 4430 bouis

255 4473 481 4542 corripi,
533 4486 693 4540 quam
736 4471 1124 4525 sceleratorum
1173 4468 1486 4523 adulatione
1529 4467 1846 4538 praedicari;

1946 3276 2044 3330 huc
2065 3285 2138 3332 est
2165 3281 2331 3333 oratio
2356 3296 2468 3334 mea
2496 3283 2550 3334 in
2574 3281 2899 3353 bcueplacitis
2919 3300 3115 3338 eorum.
3146 3285 3277 3342 Nam
3302 3303 3426 3343 cum
3446 3289 3534 3346 dl-

1945 3369 2018 3423 cit
2042 3369 2213 3425 adhuc
2243 3389 2351 3428 esse
2377 3377 2661 3429 orationem
2685 3392 2838 3431 suam
2872 3378 2926 3432 in
2965 3379 3296 3449 beneplacitis
3333 3396 3530 3449 eorum,

1945 3461 1998 3516 id
2028 3475 2108 3516 est
2137 3463 2469 3533 iniquorum,
2503 3467 2702 3522 indicat
2729 3482 2789 3522 se
2833 3469 3066 3537 perfecte
3103 3469 3342 3528 nondum
3371 3472 3539 3527 fuisse

1946 3567 2307 3608 conversum:
2337 3557 2551 3624 quando
2587 3566 2642 3612 et
2691 3558 2794 3612 sibi
2844 3559 3051 3614 orando
3090 3560 3214 3615 talia
3256 3563 3539 3630 provenire

1947 3643 2312 3713 desiderabat,
2344 3649 2519 3714 qualia
2566 3649 2781 3704 illorum
2808 3661 2930 3705 vota
2970 3667 3090 3708 esse
3117 3663 3461 3722 cognoverat.
3492 3656 3537 3710 Α

1947 3739 2416 3804 quibusomnibus
2447 3755 2505 3794 se
2538 3741 2772 3796 alienum
2800 3741 2940 3796 eflici
2971 3744 3329 3812 precabatur:
3355 3761 3422 3801 ne
3446 3761 3539 3801 ca-

1951 3837 2046 3892 put
2071 3843 2224 3880 suum
2251 3829 2374 3884 oleo
2397 3832 2723 3898 peccatoris,
2756 3831 2807 3886 id
2831 3843 2914 3886 est
2941 3834 3094 3888 malae
3121 3836 3384 3892 suasionis
3407 3838 3540 3891 adu-

1951 3915 2148 3970 latione
2186 3918 2582 3986 pinguescere‘t.

2027 4005 2179 4060 Vers.
2213 4007 2268 4062 8.
2303 4009 2544 4075 Absorpti
2573 4019 2693 4062 sunt
2720 4011 2870 4077 iuxta
2894 4021 3087 4078 petram
3106 4015 3310 4085 judices
3331 4033 3541 4073 eorum:

1951 4097 2160 4151 audient
2192 4098 2341 4151 verba
2367 4115 2479 4152 mea
2499 4102 2740 4168 quoniam
2770 4111 3060 4171 potuerunt.
3088 4104 3244 4160 Petra
3272 4106 3379 4172 llit',
3404 4107 3546 4163 sicut

1956 4187 2137 4242 tnultis
2171 4188 2304 4243 locis
2333 4189 2689 4259 signiﬁcatur.
2714 4191 2971 4248 Dominus
2993 4194 3240 4252 Christus
3261 4209 3364 4268 est,
3393 4199 3544 4268 juxta

1954 4292 2114 4347 quem
2161 4287 2368 4333 stantes
2409 4278 2665 4336 doctores
2706 4281 2968 4349 hatretici,
3009 4286 3161 4355 quasi
3186 4285 3399 4357 iudices
3444 4307 3546 4361 po-

1955 4373 2067 4442 puli
2099 4372 2180 4426 sui
2211 4372 2386 4427 subita
2419 4374 2716 4430 voracitate
2759 4387 3106 4446 merguntur;
3135 4381 3226 4450 qui
3257 4381 3378 4438 ideo
3420 4398 3546 4438 cor-

1956 4474 2118 4518 ruunt
2157 4463 2210 4518 in
2252 4463 2600 4532 profundum,
2641 4467 2896 4536 quoniam
2943 4484 3102 4540 supra
3148 4481 3354 4540 petram
3403 4483 3550 4530 stare

257 4568 402 4623 sicut
438 4566 696 4634 scriptum
725 4571 807 4618 est
832 4580 846 4616 :
877 4561 1098 4616 Meliora
1130 4569 1254 4616 sunt
1279 4561 1488 4614 vulnera
1518 4560 1672 4613 amici
1698 4576 1852 4629 quam
1883 4554 1934 4612 Ι)
1961 4571 2066 4611 non
2093 4556 2319 4626 eligunt.
2345 4556 2480 4611 Nam
2507 4557 2632 4627 quid
2664 4558 2770 4614 illis
2800 4560 3016 4628 prodest
3037 4563 3192 4631 juxta
3221 4563 3546 4620 soliditatem

253 4659 553 4715 voluntaria
602 4656 776 4710 oscula
812 4655 1008 4709 inimici
1037 4653 1220 4726 (Prov.
1254 4668 1421 4719 xxvn,
1455 4652 1534 4724 6).
1576 4652 1852 4720 Sequitur,

258 4754 431 4804 oleum
463 4758 636 4801 autem
687 4747 963 4814 peccatoris
1001 4762 1104 4799 non
1146 4745 1429 4813 impinguet
1469 4753 1621 4814 caput
1665 4760 1852 4796 mrum.

267 4843 455 4898 Oleum
491 4849 546 4894 et
585 4840 640 4894 in
672 4839 812 4893 bono
842 4849 896 4893 et
926 4840 978 4893 in
1009 4839 1155 4894 malo
1183 4838 1504 4907 plerumque
1529 4836 1762 4906 ponitur.
1799 4835 1854 4888 lu

262 4935 428 5000 bono,
464 4941 521 4986 ut
547 4939 631 4986 est
658 4931 787 4985 illud
824 4931 1101 5000 Evangelii
1131 4948 1143 4982 :
1171 4929 1250 4983 Tu
1280 4940 1452 4983 autem
1485 4946 1602 4984 cum
1617 4933 1855 5000 jejunus,

260 5039 396 5095 unge
443 5033 595 5094 caput
625 5032 767 5075 tuuut
809 5022 942 5085 oleo,
989 5031 1036 5074 et
1077 5021 1262 5087 {aciem
1311 5030 1448 5074 tuam
1489 5021 1605 5072 lava
1633 5017 1851 5088 (Matth.

260 5131 338 5180 vt,
379 5113 499 5183 l7);
543 5121 598 5169 et
641 5113 694 5166 in
743 5111 1157 5181 quadragesimo
1205 5122 1403 5178 quarto
1447 5111 1693 5178 psalmo:
1725 5108 1856 5163 Pro-

265 5220 440 5278 pterea
478 5209 626 5261 unxit
648 5213 697 5259 te
740 5204 878 5258 Deus
920 5203 1061 5258 Deus
1092 5213 1207 5256 tuus
1241 5203 1353 5256 oleo
1376 5203 1571 5256 lwtitite
1597 5217 1704 5271 pra:
1728 5217 1856 5256 con-

265 5303 492 5357 sortibus
524 5302 622 5354 tuis
647 5297 819 5369 (Psal.
853 5311 997 5360 thv,
1041 5294 1124 5365 8).
1158 5295 1252 5349 Est
1290 5295 1434 5348 enim
1464 5294 1641 5348 oleum
1674 5293 1728 5347 in
1762 5292 1858 5348 b0-

269 5411 393 5451 nam
440 5403 643 5463 partem
699 5406 859 5446 eausa
914 5387 1247 5458 Splendoris,
1296 5386 1546 5456 pabulum
1601 5387 1852 5451 luminis,

269 5495 532 5558 praestans
560 5487 790 5540 nitorem
817 5481 1019 5552 pariter
1047 5489 1100 5537 et
1131 5479 1384 5535 salutem.
1410 5479 1467 5533 In
1503 5479 1700 5533 malam
1729 5492 1860 5532 vero

270 5587 498 5650 partem,
526 5577 665 5632 sicut
694 5575 780 5630 bic
807 5574 1026 5645 ponitur
1053 5590 1066 5628 :
1091 5574 1260 5628 oleum
1290 5572 1573 5641 peccatoris
1605 5579 1689 5624 est
1719 5570 1856 5625 dile-

272 5671 382 5724 ctio
411 5667 661 5723 s.mulata
700 5665 1013 5729 verborum,
1041 5678 1160 5734 qua:
1195 5660 1592 5717 adulationibus
1622 5672 1676 5716 et
1707 5659 1862 5714 blan-

276 5761 530 5818 dimentis
562 5767 772 5814 nostras
799 5763 1009 5812 mentes
1049 5755 1196 5812 velut
1233 5754 1339 5814 olei
1371 5752 1639 5826 pinguedo
1669 5751 1862 5810 leniter

559 5897 831 5959 Parnm.
883 5895 983 5955 LX
996 5896 1070 5955 Χ.

1959 4655 2124 4712 stare,
2155 4647 2370 4716 quando
2401 4651 2456 4702 in
2495 4649 2606 4716 ipsa
2640 4648 2954 4704 fortitudine
2997 4666 3103 4706 non
3149 4652 3306 4708 viden
3328 4671 3394 4708 ur
3419 4655 3548 4708 insi-

1959 4737 2144 4793 stere?
2182 4736 2337 4804 Quod
2370 4738 2591 4791 verbum
2623 4739 2986 4810 Hieronymus
3016 4741 3310 4798 translator
3347 4746 3546 4813 posuit,

1959 4837 2015 4884 et
2043 4831 2327 4899 expositor
2359 4830 2519 4885 Pater
2554 4831 2887 4900 Augustinus
2917 4843 3131 4889 secutus
3158 4845 3276 4900 est;
3308 4845 3364 4891 ut
3391 4850 3554 4892 nemo

1960 4923 2159 4976 audeat
2209 4936 2469 4977 accusare
2513 4924 2657 4990 quod
2712 4925 2897 4979 talium
2944 4924 3184 4980 virorum
3233 4927 3554 4983 auctoritate

1966 5012 2247 5080 probatum
2280 5021 2383 5066 est.
2420 5012 2546 5068 Haec
2575 5014 2718 5068 enim
2753 5015 2900 5071 verbi
2925 5015 3207 5072 translatio
3251 5017 3409 5072 nimis
3437 5019 3555 5074 bae-

1966 5103 2261 5158 reticorum
2313 5104 2524 5161 videtur
2577 5106 2861 5177 designare
2906 5106 3215 5176 perfidiam;
3268 5123 3391 5164 nam
3431 5124 3556 5166 cum

1966 5196 2257 5264 baptizent,
2286 5211 2410 5252 cum
2450 5199 2870 5263 communicent,
2913 5211 3034 5260 cum
3065 5211 3246 5254 sacras
3276 5199 3555 5256 nobiscum

1968 5287 2175 5342 litteras
2201 5288 2400 5358 legant,
2441 5289 2691 5345 dicuntur
2717 5288 2868 5358 juxta
2909 5298 3117 5358 petram
3165 5298 3331 5356 stare,
3362 5305 3469 5346 non
3500 5293 3555 5345 in

1969 5391 2138 5453 petra.
2179 5383 2293 5440 Soli
2331 5383 2476 5440 enim
2525 5384 2579 5438 in
2626 5384 2726 5439 hac
2775 5383 3051 5440 soliditate
3093 5385 3413 5450 consistunt,
3463 5387 3558 5454 qui

1967 5494 2131 5551 super
2155 5493 2377 5536 arenam
2409 5479 2616 5549 fragilia
2657 5477 3004 5534 fundamenta
3047 5493 3154 5534 non
3201 5487 3423 5548 ponunt.
3458 5480 3558 5535 Se-

1967 5573 2169 5642 quitur,
2201 5575 2423 5629 Audient
2453 5575 2602 5628 verba
2639 5589 2748 5628 mea
2790 5574 3031 5643 quoniam
3057 5583 3352 5642 potuerunt.
3392 5572 3557 5628 Verba

1968 5678 2063 5718 sua
2107 5665 2174 5722 ab
2222 5665 2489 5722 haereticis
2536 5666 2668 5722 dicit
2707 5665 2907 5732 audita,
2953 5680 3075 5737 quae
3103 5664 3385 5736 praesentis
3433 5662 3554 5719 libri

1972 5766 2149 5818 textus
2204 5759 2495 5831 eloquitur.
2558 5759 2784 5829 Quantis
2845 5760 2988 5817 enim
3044 5759 3176 5812 locis
3223 5762 3556 5828 arguuntur,

3046 5891 3125 5950 32
