4078 6342
578 326 611 381 1
624 324 726 381 005

1783 320 1852 376 Μ.
1894 317 2171 378 AURELll
2209 318 2609 377 CASSIODORI

3710 318 3855 374 ’1004

584 444 798 515 quantis
827 436 1279 497 admonitionibus
1309 436 1679 507 increpantur,
1706 443 1766 491 ut
1792 436 2022 493 debeant
2039 450 2159 492 coro
2187 437 2241 496 Δ
2264 436 2354 506 qui
2380 442 2723 506 peccatorum
2757 431 3075 490 circuitione
3116 426 3461 491 clauduntur.
3494 433 3747 506 Legimus
3774 446 3859 492 ta-

583 536 709 607 rigi,
739 535 876 591 etin
904 534 1015 591 suis
1036 529 1389 602 pravitatibus
1417 544 1522 584 non
1552 529 1789 585 morari?
1810 528 1922 596 Qua
1953 537 2163 585 senten-

585 629 657 686 tia
686 627 997 697 plenissime
1043 626 1297 680 docemur
1328 623 1452 678 illos
1492 637 1615 679 esse
1643 622 1970 678 omnimodis
2012 637 2159 689 reos,

582 720 676 791 qui
714 728 769 776 et
815 719 975 774 verba
1026 716 1235 772 Domini
1282 716 1526 784 audiunt,
1560 724 1615 770 et
1650 730 1715 771 ca
1766 714 1942 771 l‘accre
1983 714 2161 785 iniqua

581 812 939 881 perversitate
975 817 1347 865 contemnunt.
1372 808 1669 862 Potuerunt
1697 808 1841 863 enim
1880 808 2036 862 toties
2066 806 2163 887 ade

581 903 772 959 moniti
813 915 1169 972 cognoscere,
1218 901 1261 954 si
1294 915 1398 955 non
1439 900 1809 956 decrevissent
1837 900 1951 954 suis
1992 899 2161 969 magis

577 993 1019 1065 persuasionibus
1042 993 1330 1048 inhaerere.

650 1085 803 1141 Vers.
836 1084 889 1140 9.
934 1085 1079 1140 Sicut
1110 1084 1394 1137 crassitudo
1450 1090 1601 1137 terra:
1638 1090 1863 1137 eruerata
1903 1091 1974 1135 est
2003 1097 2159 1149 super

576 1184 806 1231 terram:
834 1176 1081 1243 dissipata
1126 1185 1246 1228 sunt
1292 1189 1408 1243 ossa
1464 1183 1639 1227 nostra
1685 1189 1825 1227 secus
1876 1173 2154 1242 infernum.

576 1269 709 1326 Cum
738 1270 884 1338 prius
906 1268 975 1324 de
996 1267 1274 1323 hmreticis
1305 1267 1511 1322 diceret
1535 1274 1589 1321 et
1616 1266 1857 1337 tyrannis
1880 1265 1969 1334 qui
1994 1264 2157 1320 verba

578 1361 786 1417 Domini
820 1358 1018 1415 'audire
1058 1359 1343 1414 noluerunt
1371 1376 1385 1411 :
1412 1373 1554 1413 nunc
1580 1358 1729 1412 venit
1756 1358 1824 1411 ad
1869 1350 2152 1427 martyres,

581 1466 709 1522 quos
756 1452 905 1507 ferali
956 1449 1288 1506 insecutione
1335 1448 1629 1503 laniabant.
1675 1446 1975 1501 Crassitudo
2012 1446 2156 1502 enim

571 1554 745 1613 terris,
768 1545 982 1615 quando
1006 1552 1223 1611 eructat,
1263 1541 1481 1595 morbos
1525 1539 1674 1608 iacit,
1706 1553 1889 1594 aerem
1915 1552 2158 1594 corrum-

571 1638 672 1708 pit,
703 1646 760 1693 et
787 1638 902 1692 lues
930 1636 1238 1691 hominibus
1270 1634 1571 1705 periculosa
1613 1633 1770 1704 longe
1810 1634 2023 1704 lateque
2053 1633 2153 1689 dif-

572 1730 837 1786 funditur.
865 1727 958 1784 Sic
985 1737 1332 1798 tyrannorum
1363 1726 1590 1781 nefanda
1620 1726 1870 1795 superbia
1896 1727 2016 1781 tabe
2042 1740 2156 1780 sua:

572 1821 790 1877 malitiae
818 1834 1043 1890 corpora
1075 1829 1369 1890 martyrum
1415 1819 1708 1885 sauciabat,
1739 1834 1875 1889 quos
1918 1834 2154 1889 congrue
2183 1841 2225 1900 ﬂ

569 1913 831 1984 propheta
857 1912 994 1968 dixit
1023 1926 1146 1967 ossa
1178 1926 1297 1977 sua,
1328 1912 1449 1981 quia
1481 1921 1689 1966 constat
1713 1926 1806 1967 eos
1831 1909 2158 1967 Christianae

571 2004 698 2069 fidei
741 2018 866 2062 esse
910 2003 1239 2059 validissima
1291 2004 1657 2067 ﬁrmamenta;
1706 2018 1932 2072 quorum
1962 2004 2159 2072 praedi-

570 2097 740 2157 canda
769 2096 1069 2152 constantia
1098 2096 1338 2166 (juvante
1379 2095 1630 2166 Domino)
1663 2110 1761 2151 nec
1791 2098 1964 2166 ptenis
1993 2098 2154 2161 victa,

570 2204 671 2245 nec
702 2189 862 2259 longa
890 2188 1224 2244 insecutione
1275 2187 1483 2242 mollita
1532 2196 1635 2243 est.
1668 2187 1737 2241 Et
1776 2188 1983 2256 reSpice
2027 2202 2157 2254 pro-

566 2283 821 2352 prietates
868 2281 1161 2338 verborum
1202 2281 1348 2337 velut
1393 2282 1708 2336 suavissima
1762 2281 1921 2336 mella
1963 2281 2158 2338 decur-

573 2388 715 2429 rere.
748 2372 868 2428 Non
909 2373 1063 2436 dixit,
1096 2374 1150 2427 in
1178 2372 1443 2429 infernum
1471 2390 1483 2425 :
1514 2372 1635 2443 quia
1664 2373 1791 2429 licet
1827 2373 1966 2427 mori
2009 2389 2158 2429 com-

564 2464 712 2520 muni
739 2472 889 2519 sorte
910 2463 1213 2529 videantur,
1239 2465 1347 2519 vita
1376 2464 1481 2518 illis
1512 2473 1709 2518 acterna
1739 2464 2076 2520 conceditur.

640 2556 795 2613 Vers.
842 2557 929 2612 10.
966 2556 1099 2623 Quia
1119 2558 1186 2609 ad
1208 2566 1277 2622 te,
1310 2555 1547 2623 Domine,
1579 2555 1816 2623 Domine,
1848 2556 1986 2611 oculi
2014 2557 2114 2610 mei
2135 2571 2155 2611 :

564 2646 620 2701 in
654 2657 702 2700 te
743 2646 964 2716 speravi,
1012 2663 1075 2699 ne
1121 2646 1328 2713 auferas
1368 2647 1596 2699 animant
1638 2661 1819 2701 meam.
1867 2647 2151 2717 Postquam

567 2737 703 2794 dixit
728 2738 950 2792 humani
975 2738 1188 2807 generis
1224 2737 1586 2808 fragilitatem,
1619 2753 1761 2792 nunc
1805 2738 1870 2791 ad
1912 2739 2151 2794 remedia

567 2829 748 2885 divina
790 2828 1049 2899 confugit,
1084 2843 1345 2884 converso
1376 2828 1564 2884 ordine
1600 2838 1811 2898 petens,
1844 2827 2009 2899 478
2029 2829 2153 2899 quia

565 2935 718 2991 spem
745 2930 898 2975 suam
928 2919 1115 2975 habuit
1142 2920 1196 2974 in
1222 2920 1470 2985 Domino,
1502 2920 1736 2975 animam
1767 2936 1916 2974 suam
1948 2920 2154 2977 debere

566 3012 806 3070 liberari.
846 3012 999 3080 Quod
1028 3012 1082 3067 in
1109 3011 1403 3081 Scripturis
1429 3012 1623 3067 divinis
1644 3012 1806 3083 (sicut
1835 3025 1978 3081 srepe
2003 3012 2150 3067 dixi-

566 3104 709 3177 mus)
756 3103 1064 3174 frequenter
1112 3103 1481 3169 invenies;ut
1531 3103 1690 3158 modo
1736 3117 1954 3158 causam
2004 3104 2144 3158 ratio

564 3196 855 3267 praecedat,
883 3196 1043 3252 modo
1072 3211 1192 3252 eam
1218 3198 1459 3266 protinus
1484 3196 1859 3266 subsequatur.

562 3289 839 3344 beatorum
868 3289 1214 3344 consuetudo
1254 3287 1324 3343 sit
1365 3288 1433 3345 de
1464 3289 1565 3343 hoc
1611 3288 1808 3342 sarculo
1832 3289 1976 3344 velle
2018 3289 2152 3345 libe-

562 3380 692 3443 rari,
740 3379 880 3433 sicut
919 3388 974 3434 et
1017 3378 1152 3433 alius
1191 3380 1426 3450 psalmus
1467 3380 1631 3434 dicit:
1657 3379 1809 3433 Educ
1848 3382 1912 3435 de
1951 3396 2151 3437 carcere

560 3472 788 3524 animant
814 3485 979 3525 meam
1006 3468 1180 3541 (Psal.
1212 3487 1361 3540 CXLI,
1386 3473 1470 3541 8);
1495 3479 1569 3536 et,
1597 3468 1921 3526 Desiderium
1956 3473 2150 3528 habens

560 3562 789 3625 dissolvi,
818 3571 994 3637 etesse
1017 3578 1133 3615 cum
1157 3563 1378 3628 Christo,
1410 3564 1570 3617 multo
1599 3564 1761 3636 magis
1790 3564 1972 3618 melius
1995 3564 2150 3634 (Phi-

565 3654 657 3723 lip.
692 3668 733 3720 t,
760 3653 890 3725 23);
919 3653 1192 3724 quomodo
1221 3654 1306 3708 llic
1338 3654 1595 3725 propheta
1628 3656 1756 3724 petit
1784 3672 1798 3709 :
1826 3655 1910 3711 Ne
1937 3660 2147 3727 auferas

563 3744 790 3799 animam
810 3760 993 3799 meam.
1016 3744 1099 3800 Ne
1115 3745 1341 3814 auferas,
1359 3746 1563 3801 scilicet
1580 3746 1731 3801 bonis
1756 3749 1886 3814 tuis;
1912 3749 2003 3803 sed
2023 3765 2146 3819 spes

561 3849 679 3891 mea
696 3836 963 3907 jugiterin
986 3846 1039 3893 te
1054 3837 1143 3904 sit,
1168 3851 1219 3892 et
1243 3838 1383 3893 oculi
1407 3840 1510 3894 mei
1531 3850 1582 3894 te
1602 3855 1817 3910 semper
1843 3842 2140 3898 intendant.

626 3923 781 3981 Vers.
834 3928 920 3981 11.
972 3926 1183 3983 Custodi
1235 3945 1314 3983 me
1365 3946 1396 3982 a
1442 3929 1622 3999 laqueo
1663 3948 1812 4001 quem
1858 3943 2143 3988 statuerunt

555 4020 703 4085 mihi,
741 4029 789 4074 et
816 4022 881 4074 ab
921 4022 1182 4075 scandalis
1207 4023 1532 4090 operantibus
1560 4025 1901 4094 iniquitatem.
1944 4026 2047 4081 Per
2076 4028 2144 4081 la-

554 4125 723 4180 queos
748 4120 806 4169 et
833 4112 1108 4177 scandala,
1140 4114 1304 4168 totius
1346 4115 1531 4169 mundi
1577 4118 1715 4169 mala
1755 4117 1986 4172 breviter
2019 4134 2138 4188 pra-

554 4201 714 4269 pheta
756 4202 1073 4273 complexus
1112 4211 1230 4268 est;
1276 4217 1305 4257 a
1346 4206 1543 4275 quibus
1573 4221 1631 4261 se
1669 4208 1934 4276 supplicat
1960 4218 2140 4265 custo-

450 4324 455 4329 ο
553 4290 674 4359 diri,
707 4305 777 4347 ue
818 4307 913 4361 per
941 4292 1162 4348 insidias
1190 4308 1375 4371 eorum
1420 4296 1588 4364 possit
1630 4297 1900 4369 intercipi.
1934 4300 2135 4371 Laquei

552 4392 677 4437 sunt
705 4383 919 4438 diversa
948 4385 1129 4439 carnis
1157 4385 1445 4452 desideria,
1479 4389 1673 4458 quibus
1712 4401 1919 4446 mentes
1950 4393 2137 4448 huma-

549 4489 635 4529 nm
676 4472 890 4529 blandis
939 4474 1165 4531 nexibus
1210 4477 1510 4546 illigantur.
1556 4479 1847 4548 Scandala,
1880 4499 1999 4551 qua:
2040 4499 2136 4554 per

2266 541 2389 583 men
2429 536 2484 583 et
2513 527 2651 583 bona
2696 527 2834 582 retia
2886 526 2996 587 illa.
3046 541 3169 597 quae
3207 534 3424 583 centum
3468 528 3853 598 quinquaginta

2265 627 2374 675 tres
2411 619 2609 690 pisces,
2655 619 2880 674 Domino
2900 618 3145 688 iubente,
3190 619 3534 685 clauserunt;
3561 635 3679 691 qua:
3706 619 3844 693 [ed.,

2262 709 2373 782 qui]
2427 721 2583 782 typus
2638 724 2759 767 esse
2809 721 3014 765 sancta:
3069 709 3363 781 probantur
3408 710 3690 766 Ecclesiae.
3742 712 3847 768 Sed

2262 804 2403 859 beati
2443 805 2531 874 qui
2576 804 2628 859 in
2668 803 2773 858 illis
2824 803 3067 873 piscibus
3116 813 3558 870 annumerantur,
3606 804 3847 862 infelices

2262 895 2352 965 qni
2398 894 2596 949 cadunt
2648 895 2702 950 in
2753 895 2912 950 istum
2962 909 3244 949 numerum
3289 895 3645 963 perditorum.
3697 896 3847 951 Retia

2260 987 2404 1041 enim
2434 987 2572 1041 dicta
2603 996 2727 1041 sunt
2750 987 2899 1055 quasi
2927 987 3236 1041 retinentia.
3282 986 3521 1054 Addidit,
3566 989 3847 1057 singulari-

2260 1087 2337 1131 ter
2363 1092 2477 1130 sum
2506 1093 2598 1149 ego
2635 1078 2797 1131 donec
2827 1090 3105 1131 transeam.
3137 1076 3434 1146 Singularis
3458 1085 3542 1132 est
3569 1081 3656 1147 qui
3691 1080 3846 1145 (sicut

2262 1173 2509 1240 superius
2538 1171 2693 1241 dixit)
2724 1186 2844 1226 cum
2876 1170 3128 1240 pessimis
3153 1169 3456 1224 hominibus
3484 1184 3590 1224 non
3610 1171 3846 1225 ambulat

2260 1261 2617 1326 combinatus,
2647 1262 2735 1332 qui
2774 1262 3095 1317 Trinitatem
3126 1272 3366 1318 sanctam
3404 1280 3565 1319 unum
3599 1266 3764 1321 Deum
3792 1274 3849 1321 et

2263 1351 2542 1405 Dominum
2583 1352 2887 1417 conﬁtetur,
2933 1352 3025 1421 qui
3055 1366 3206 1422 spem
3253 1367 3404 1407 suam
3445 1354 3497 1409 in
3535 1356 3683 1410 nullo
3709 1355 3844 1423 alio,

2261 1443 2355 1499 sed
2387 1452 2592 1498 tantum
2627 1444 2777 1513 ponit
2801 1444 2852 1497 in
2880 1444 3127 1499 Domino.
3165 1443 3343 1499 Donec
3391 1456 3659 1509 transeam,
3681 1446 3736 1501 id
3758 1455 3848 1502 est

2261 1538 2495 1607 quandiu
2528 1537 2582 1591 in
2610 1537 2712 1592 hoc
2738 1538 2936 1592 mundo
2960 1538 3112 1592 fuero
3139 1548 3524 1593 commoratus.
3556 1540 3673 1594 Hoc
3698 1540 3847 1594 enim

2263 1630 2516 1684 saeculum
2549 1630 2687 1685 beati
2710 1631 2859 1685 velut
2897 1632 3102 1686 viantes
3151 1632 3382 1687 transire
3419 1632 3696 1699 dicuntur,
3726 1631 3848 1702 quia

2262 1720 2421 1776 nullis
2449 1720 2565 1790 ejus
2597 1720 3042 1777 delectationibus
3069 1736 3420 1791 occupantur.

2796 1836 3066 1891 Conclusio
3105 1838 3308 1907 psalnti.

2331 1945 2711 2014 Cognovimus,
2748 1944 3049 1999 charissimi
3085 1945 3302 2012 fratres,
3336 1947 3497 2016 quale
3527 1948 3597 2002 sit
3629 1948 3844 2018 pericu-

2262 2038 2394 2101 lum,
2420 2037 2465 2092 si
2494 2038 2775 2102 loquamur
2803 2037 3043 2103 incaute;
3077 2039 3428 2109 cognovimus
3462 2050 3719 2111 quantum
3748 2057 3849 2100 nos

2260 2138 2501 2184 metuere
2525 2129 2841 2195 debeamus,
2871 2129 3010 2198 quod
3044 2130 3414 2186 sanctissimus
3448 2134 3701 2202 propheta
3730 2134 3844 2191 l‘or-

2261 2221 2447 2275 midat.
2477 2222 2700 2289 Quando
2727 2222 2870 2277 enim
2915 2238 3023 2277 non
3062 2234 3154 2277 aut
3197 2226 3560 2295 vaniloquium
3590 2228 3843 2298 subripit,

2257 2324 2351 2367 aut
2370 2312 2693 2368 desiderium
2722 2312 2969 2369 falsitatis
2991 2313 3192 2370 inducit
3213 2317 3262 2369 *.
3290 2316 3494 2387 Lingua
3508 2328 3594 2373 est
3608 2335 3731 2388 qua:
3753 2337 3848 2377 nos

2263 2405 2425 2460 trahit
2447 2406 2753 2475 frequenter
2778 2406 2843 2460 ad
2877 2406 3027 2474 vitia,
3059 2422 3217 2477 quam
3258 2424 3364 2463 uno
3395 2409 3558 2465 modo
3582 2412 3851 2469 tutissime

2260 2498 2544 2562 vincimus,
2588 2498 2632 2552 si
2680 2513 2797 2552 eam
2842 2514 3057 2567 semper
3090 2499 3291 2553 Domini
3327 2499 3575 2555 laudibus
3618 2517 3851 2571 occupe—

2260 2603 2399 2642 mus.
2433 2588 2706 2658 Loquatur
2730 2589 2857 2643 illud
2886 2605 3121 2660 semper,
3156 2591 3244 2644 ubi
3276 2591 3449 2645 nescit
3480 2607 3696 2659 errare,
3730 2605 3851 2665 agat

2262 2696 2396 2749 opus
2426 2680 2618 2735 anima:
2648 2680 3010 2751 profuturum,
3041 2683 3239 2736 serviat
3269 2694 3592 2739 veneranter
3619 2688 3846 2740 auctori.

2258 2771 2409 2825 Tunc
2436 2771 2578 2827 enim
2611 2770 2693 2826 ori
2723 2780 2907 2826 nostro
2936 2773 3237 2826 custodiam
3281 2775 3551 2843 ponimus,
3579 2775 3626 2829 si
3653 2776 3852 2846 jugitet'

2261 2865 2474 2919 Domini
2507 2865 2753 2919 mundata
2784 2865 3124 2921 meditemur.
3157 2866 3294 2923 Silet
3318 2869 3459 2921 enim
3486 2870 3536 2922 in
3563 2870 3729 2935 malo,
3759 2870 3848 2940 qui

2257 2972 2363 3011 non
2406 2965 2541 3012 taret
2575 2957 2807 3024 bonum;
2840 2973 2937 3013 nec
2965 2974 3116 3012 error
3141 2959 3390 3028 subripit,
3426 2960 3513 3014 ubi
3544 2975 3603 3015 se
3646 2964 3846 3015 veritas

2255 3046 2495 3103 caelestis
2542 3048 2814 3105 infuderit.
2858 3050 2988 3104 Nam
3038 3049 3084 3103 si
3127 3064 3156 3103 a
3213 3050 3367 3105 nobis
3404 3053 3661 3120 cogitatio
3707 3052 3852 3105 mala

2257 3142 2606 3207 subducatur,
2632 3144 2677 3197 si
2708 3156 2858 3198 actus
2882 3143 3218 3212 turpissimus
3238 3154 3574 3213 segregatur,
3606 3145 3707 3199 sia
3738 3160 3851 3196 ma-

1891 3196 2145 3307 ?d
2178 3210 2222 3272 (ἶ
2258 3235 2432 3289 lorum
2480 3236 2887 3290 conversatione
2924 3196 3248 3301 dividamur,
3294 3196 3427 3291 run;
3463 3238 3549 3306 (ut
3586 3235 3848 3307 prepbeta

2255 3332 2407 3404 dicit)
2443 3333 2672 3388 Domino
2699 3333 2998 3402 singulares
3023 3333 3345 3401 elﬁciemur,
3378 3337 3597 3404 quando
3622 3333 3873 3399 minime,

2255 3427 2503 3497 pessimis
2535 3426 2949 3496 agitationibus
2988 3425 3343 3494 implicantur.

2776 3538 3091 3594 PSALMUS
3131 3537 3310 3593 CXLI.

2342 3649 2641 3704 Intellectus
2670 3648 2861 3717 David,
2891 3667 3006 3704 cum
3047 3661 3175 3707 esset
3203 3653 3257 3705 in
3287 3652 3534 3723 spelunca
3563 3655 3745 3709 oraIio.

2323 3742 2526 3797 Psaltni
2557 3756 2717 3797 causa
2763 3744 3015 3812 praesenti
3052 3745 3268 3813 quidem
3301 3745 3454 3799 titulo
3480 3749 3793 3801 cuntinetur
3822 3762 3841 3801 :

2249 3834 2345 3889 sed
2373 3850 2470 3904 per
2497 3834 2884 3891 similitudines
2921 3836 3278 3905 corporalium
3329 3852 3505 3892 rerum
3538 3840 3842 3907 spiritualis

2249 3928 2326 3984 rei
2357 3929 2511 3984 nobis
2539 3939 2855 3999 competens
2882 3931 3152 4002 praebetur
3180 3932 3447 4002 indicium.
3481 3932 3647 3986 David
3674 3935 3833 3990 enim

2248 4018 2387 4073 lilius
2408 4019 2561 4075 Jesse
2591 4018 2805 4077 Saulem
2844 4022 3139 4091 principem
3173 4022 3325 4092 fugit,
3364 4033 3423 4079 et
3449 4037 3570 4077 cum
3613 4023 3670 4077 in
3701 4039 3842 4095 spe-

2246 4112 2401 4167 lunca
2436 4113 2626 4168 lateret
2668 4115 2844 4169 oravit
2889 4114 2944 4184 (Ι
2986 4114 3112 4186 Reg.
3155 4116 3327 4187 χειν),
3372 4116 3514 4186 quod
3547 4116 3841 4173 Dominum

2244 4202 2512 4259 Christum
2541 4207 2594 4259 in
2631 4220 2861 4275 corpore
2888 4216 3012 4262 ante
3043 4210 3346 4277 passionem
3375 4224 3527 4264 suam
3558 4210 3841 4281 signiﬁca-

2244 4301 2333 4353 bat
2358 4314 2480 4353 esse
2511 4298 2793 4353 iacturum.
2823 4298 2956 4353 Nam
2984 4314 3105 4356 cum
3140 4300 3265 4356 huic
3293 4304 3517 4356 orationi
3548 4301 3844 4357 intellectus

2241 4390 2603 4459 praemittitur,
2626 4390 2693 4445 ad
2725 4392 2875 4445 illum
2910 4391 3030 4447 talis
3055 4394 3388 4461 comparatio
3410 4394 3605 4449 referri
3636 4394 3843 4450 debere

2242 4491 2595 4550 monstratur,
2619 4483 2711 4552 qui
2735 4492 3107 4552 persecutores
3129 4499 3262 4540 suos
3282 4485 3492 4541 orando
3520 4487 3722 4549 vitans,
3756 4487 3845 4541 di-

544 4568 744 4624 fratres
773 4571 1093 4639 proveniunt
1137 4572 1429 4641 inquietos,
1460 4575 1549 4642 qui
1580 4576 1691 4641 lite,
1720 4580 1968 4647 superbia
2008 4596 2129 4636 san-

2251 4588 2524 4629 versorum
2550 4574 2789 4630 locorum
2830 4576 3229 4645 permutatione
3265 4576 3471 4631 celatus
3496 4588 3607 4642 est;
3641 4587 3839 4647 quate-

544 4668 686 4713 ctam
709 4659 981 4730 refugiunt
1004 4661 1342 4717 charitatem.
1367 4663 1503 4730 Quid
1529 4664 1757 4720 habituri
1788 4679 1911 4721 sunt
1935 4669 2131 4735 simile,

548 4751 593 4805 si
623 4764 717 4806 eos
743 4760 850 4806 tam
883 4753 1208 4821 praecipuum
1234 4769 1429 4809 munus
1458 4757 1735 4828 contingat
1762 4761 2042 4817 amittere?
2069 4764 2135 4819 Et

544 4844 755 4914 respice
795 4846 917 4915 quia
960 4855 1081 4915 post
1114 4847 1331 4917 laqueos
1375 4851 1625 4907 scandala
1657 4854 1843 4922 ponit:
1878 4857 2129 4926 quoniam

537 4936 868 4992 inveterator
910 4938 1003 4994 ille
1051 4940 1336 5007 pessimus,
1381 4942 1593 5009 quando
1626 4960 1721 5012 per
1751 4946 1968 5016 laqueos
2018 4964 2124 5004 non

538 5027 774 5096 potuerit
813 5026 1091 5098 decipere,
1146 5030 1416 5084 scandalis
1463 5034 1649 5087 nititur
1687 5037 1916 5105 gratiam
1967 5040 2123 5096 nobis

537 5117 846 5173 Divinitatis
872 5120 1106 5176 auferre.

606 5208 762 5265 Vera.
791 5210 882 5265 12.
934 5209 1133 5281 Cadent
1173 5212 1227 5265 in
1268 5214 1575 5268 retiaculum
1623 5217 1737 5287 ejus
1786 5228 2121 5285 peccatores:

532 5304 861 5374 singulariter
901 5321 1017 5359 sum
1063 5322 1156 5375 ego
1190 5306 1349 5362 donec
1379 5318 1660 5364 transeam.
1705 5310 1842 5365 Ecce
1879 5313 2023 5368 unde
2066 5328 2124 5367 se

530 5396 785 5465 superius
820 5396 1038 5466 petebat
1066 5398 1227 5465 eripi,
1261 5415 1329 5454 ne
1368 5401 1642 5457 debuisset
1671 5404 1966 5458 combinari
1998 5418 2122 5459 cum
2154 5444 2157 5447 λ

531 5486 748 5542 talibus.
795 5486 863 5541 Et
905 5487 1030 5542 vide
1054 5489 1500 5557 quemadmodum
1530 5495 1919 5562 comparationi
1963 5494 2121 5549 lactat

532 5587 655 5649 apta
685 5578 843 5635 verba
870 5580 1225 5635 consentiant.
1268 5582 1326 5639 In
1350 5584 1549 5639 diaboli
1573 5587 1891 5641 retiaculum
1919 5587 2119 5643 cadent

597 5755 629 5791 ν
668 5753 852 5813 Melius
880 5755 950 5812 ibi
973 5764 1260 5824 poneretur
1281 5758 1917 5830 punctumintcrrogans.
1957 5762 2109 5817 Eutr.

2241 4682 2342 4722 nus
2371 4676 2425 4721 et
2456 4668 2549 4721 Dei
2578 4667 2766 4733 Filius,
2797 4668 2940 4738 quod
2969 4669 3037 4724 de
3077 4686 3136 4725 se
3165 4684 3261 4740 per
3302 4670 3596 4740 prophetas
3626 4664 3838 4742 promi-

2240 4768 2387 4814 serat
2409 4759 2745 4828 adimpleret,
2777 4769 2833 4815 et
2857 4762 3137 4816 veritatem
3167 4774 3460 4829 assumpta:
3500 4762 3835 4817 incarnatio-

2238 4852 2323 4905 nis
2366 4850 2698 4906 ostenderet.
2724 4851 2860 4906 Sunt
2892 4854 3036 4907 enim
3071 4854 3123 4909 in
3156 4853 3255 4908 hoc
3288 4855 3498 4924 psalmo
3525 4855 3698 4909 verba
3732 4856 3838 4910 Do-

2240 4942 2368 4997 mini
2419 4943 2757 5010 Salvatoris,
2822 4958 2944 4999 cum
2991 4945 3465 5000 sceleratissimam
3515 4946 3834 5002 Judasorum

2236 5035 2433 5091 vitaret
2472 5036 2761 5091 insaniam.
2799 5035 2953 5092 Unde
3000 5038 3195 5092 merito
3230 5041 3423 5092 tactum
3459 5047 3565 5105 est,
3610 5047 3669 5092 ut
3706 5052 3831 5108 pro-

2232 5133 2350 5195 pter
2377 5125 2783 5196 signilicandam
2826 5126 3172 5182 Hehrmorum
3205 5128 3665 5198 persecutionem,
3711 5130 3829 5197 fuga

2231 5213 2399 5268 David
2436 5224 2727 5282 poneretur
2757 5216 2814 5268 in
2862 5216 3036 5271 titulo.
3084 5216 3248 5271 David
3300 5218 3445 5272 enim
3470 5218 3639 5289 (sicut
3682 5231 3832 5287 saepe

2232 5304 2491 5374 diximus)
2535 5314 2590 5360 et
2631 5321 2813 5375 regem
2871 5315 3142 5362 terrenum
3190 5307 3387 5362 indicat
3428 5316 3485 5363 et
3519 5309 3826 5364 ctelestem.

2230 5396 2321 5451 Sic
2366 5398 2424 5452 in
2472 5414 2580 5453 uno
2628 5400 2849 5454 nomine
2891 5401 3120 5454 duarum
3166 5415 3451 5456 causarum
3501 5400 3830 5472 signiﬁcatio

2227 5490 2553 5544 continetur.
2587 5490 2719 5545 Illud
2764 5500 2943 5547 autem
2993 5493 3307 5549 meminisse
3344 5493 3637 5559 debemus,
3681 5492 3829 5546 hunc

2228 5581 2489 5651 psalmum
2506 5584 2749 5653 quintum
2769 5598 2890 5641 esse
2907 5584 2975 5640 de
2998 5584 3080 5641 his
3098 5586 3187 5656 qui
3215 5585 3588 5643 inscribuntur
3615 5582 3827 5641 Oratio.
