4078 6342
210 336 341 393 1003)

770 437 964 495 Dieisio
1001 437 1209 506 psalmi.

273 538 452 595 Prima
484 541 635 605 parte
667 531 924 587 Dominus
943 528 1186 584 Christus
1225 528 1423 583 clamat
1449 523 1515 580 ad
1547 524 1780 589 Patrem,

210 628 468 688 nefandos
494 626 647 681 dolos
671 622 909 679 Iudaica:
934 618 1327 690 persecutionis
1359 630 1654 686 exponens.
1686 614 1792 670 Se-

205 721 373 779 cunda
431 718 646 774 liberari
700 730 761 770 se
804 713 873 768 de
922 725 1141 768 carcere
1196 710 1390 765 inferni
1433 708 1790 778 deprecatur:

210 812 457 884 quoniam
488 809 727 866 omnium
773 816 1085 862 sanctorum
1114 803 1248 859 ﬁdes
1294 804 1349 858 in
1392 801 1508 873 ejus
1549 814 1794 857 resurrec

208 903 386 961 ctione
411 899 708 972 pendebat.

743 965 1011 1035 Expositio
1053 964 1255 1034 psalmi.

280 1065 434 1122 Vers.
468 1064 518 1118 1.
562 1059 694 1115 Voce
720 1075 832 1113 mea
858 1058 928 1110 ad
955 1056 1233 1110 Dominum
1263 1055 1501 1122 clamavi,
1531 1070 1647 1109 race
1684 1069 1798 1108 mea

208 1161 272 1216 ad
314 1157 481 1211 Deum
529 1155 833 1227 deprecatus
871 1167 1009 1206 sum.
1038 1150 1313 1206 Sanctitas
1353 1148 1442 1202 illa
1486 1145 1800 1203 reverendae

224 1246 607 1304 incarnationis
653 1240 928 1299 communi
976 1256 1074 1295 usu
1113 1255 1248 1295 voce
1295 1254 1389 1293 sua
1437 1253 1498 1294 se
1539 1239 1801 1293 clamasse

213 1340 348 1399 dicit
388 1339 451 1392 ad
486 1336 792 1391 Dominum.
828 1333 957 1399 Quas
991 1332 1158 1401 ﬁgura
1203 1329 1404 1385 dicitur
1436 1330 1799 1397 pleonasmus,

219 1432 267 1486 id
297 1442 381 1485 est
408 1424 923 1496 superabundantia,
946 1422 1088 1477 sicut
1116 1421 1302 1476 dicere
1330 1420 1567 1475 solemus
1592 1437 1606 1474 :
1635 1418 1804 1475 Mani-

219 1522 316 1577 bus
360 1519 497 1574 meis
531 1517 667 1583 feci,
700 1515 934 1570 Auribus
962 1512 1099 1568 meis
1129 1511 1328 1575 audivi,
1360 1520 1414 1566 et
1459 1510 1543 1566 his
1583 1511 1801 1567 similia.

220 1612 287 1666 Et
344 1625 412 1665 ne
461 1608 664 1663 clamor
717 1604 1109 1673 intelligeretur
1150 1602 1508 1667 transitorius,
1560 1600 1843 1659 addiditt.

217 1698 515 1773 drprecatus
538 1712 689 1762 sum;
719 1695 862 1767 quod
891 1695 1228 1767 frequentata
1261 1694 1648 1765 supplicatione
1676 1709 1799 1765 per-

218 1794 413 1864 agitur.

294 1886 446 1941 Vers.
499 1885 554 1937 Ξ.
613 1878 895 1949 Effundam
944 1880 997 1933 in
1045 1885 1322 1946 conspectu
1363 1879 1477 1950 ejus
1523 1877 1806 1933 orationem

212 1996 406 2043 meam,
436 1987 485 2032 et
527 1976 905 2031 tribulationem
947 1987 1111 2027 meam
1158 1981 1275 2027 ante
1305 1972 1475 2040 ipsum
1504 1972 1803 2041 pronuntio.

219 2072 389 2141 Quam
420 2084 571 2140 pura,
604 2082 763 2137 quam
794 2066 979 2121 suavis
1030 2073 1150 2120 erat
1195 2065 1392 2130 oratio,
1426 2080 1545 2135 qua:
1596 2065 1648 2119 in
1679 2079 1810 2120 con-

219 2171 415 2232 specta
460 2159 632 2215 Patris
661 2158 806 2212 velut
850 2156 1118 2225 perspicui
1153 2153 1320 2210 fontis
1347 2156 1505 2224 copia
1548 2154 1811 2210 fundeba—

220 2254 347 2310 tur!
384 2250 730 2305 Fundebatur
760 2248 941 2318 plane,
985 2263 1089 2300 non
1136 2256 1195 2301 ut
1223 2247 1329 2301 ima
1358 2253 1582 2316 peteret,
1614 2246 1709 2301 sed
1753 2252 1814 2301 ut

217 2344 289 2401 ad
324 2343 538 2413 pietatis
580 2356 824 2411 supernae
864 2340 1201 2394 altitudinem
1241 2341 1567 2407 perveniret.
1600 2339 1812 2394 Dictum

220 2445 310 2492 est
344 2444 544 2501 autem,
592 2437 643 2487 in
686 2442 959 2503 conspectu
1001 2433 1130 2500 ejus,
1163 2431 1289 2501 quia
1331 2431 1498 2485 bonas
1544 2432 1817 2486 orationes

219 2531 372 2584 velut
420 2527 620 2598 aliquid
667 2526 968 2580 vultuosum
1004 2516 1261 2579 Divinitas
1308 2522 1556 2593 inspicit;
1591 2534 1644 2578 et
1691 2538 1813 2577 cum

223 2623 476 2679 voluntas
528 2629 712 2677 nostra
744 2620 811 2674 ab
860 2618 1171 2672 hominibus
1216 2632 1320 2671 non
1347 2618 1515 2686 possit
1551 2615 1811 2684 conspici,

222 2718 295 2771 ab
327 2716 419 2770 illa
443 2724 624 2769 tamen
651 2721 867 2767 constat
897 2710 1124 2765 intendi.
1150 2708 1255 2763 Sed
1288 2724 1405 2778 qua:
1425 2710 1495 2763 sit
1523 2709 1620 2763 ista
1650 2709 1816 2761 oratio

222 2807 418 2863 subter
445 2804 752 2874 exponitur,
780 2800 1047 2857 tribulatio
1079 2800 1304 2867 scilicet,
1338 2814 1456 2869 quas
1499 2800 1740 2853 sinceras
1766 2807 1821 2854 et

224 2898 515 2954 continuas
542 2894 706 2951 elﬁcit
750 2893 1048 2949 orationes.
1101 2893 1167 2946 Et
1208 2902 1332 2945 nota
1361 2890 1612 2960 quoniam
1659 2890 1819 2943 iuno-

187 2990 429 3053 ,centia:
464 2986 755 3043 securitate
798 2985 993 3040 dicitur
1022 3002 1034 3036 :
1065 2982 1471 3036 Tributationent
1495 2996 1660 3035 meam
1703 2990 1823 3035 ante

222 3086 407 3153 ipsum
454 3080 753 3154 pronuntio.
807 3079 916 3133 lllze
960 3076 1225 3146 siquidem
1267 3074 1585 3129 afﬁictiones
1637 3086 1821 3127 coram

226 3175 354 3268 ipso
386 3181 633 3268 poterant
675 3168 1031 3268 pronuntiari,
1065 3183 1184 3237 qua:
1224 3166 1432 3268 injuste.
1462 3165 1822 3235 probabantur
1851 3180 1897 3246 α
1928 3165 2021 3268 im"

225 3266 404 3338 479
430 3263 619 3334 inﬁigi.
665 3260 972 3316 Pronuntiat
1003 3260 1181 3329 itaque
1222 3260 1341 3328 pius
1370 3258 1658 3313 advocatus
1700 3268 1825 3312 ante

228 3359 453 3413 Patrem
481 3354 834 3409 tribulationes
854 3367 1000 3417 suas,
1024 3360 1085 3427 ut
1111 3351 1319 3405 veniam
1353 3365 1450 3420 pro
1482 3350 1681 3405 nostris
1704 3363 1827 3417 pos-

224 3452 307 3507 sit
355 3450 606 3504 obtinere
651 3447 902 3516 peccatis.
948 3444 1013 3498 Et
1055 3454 1177 3498 ueta
1207 3442 1351 3513 quod
1394 3444 1448 3497 in
1490 3443 1572 3497 his
1616 3442 1826 3497 duobus

230 3543 491 3599 versibus
515 3550 740 3610 quatuor
769 3538 941 3592 modis
979 3546 1189 3590 oratum
1222 3543 1325 3600 est,
1356 3536 1501 3589 sicut
1528 3534 1656 3588 dicit
1681 3536 1829 3602 Apo-

228 3634 415 3701 stolus
448 3650 466 3687 :
501 3630 788 3684 Exhortare
849 3642 968 3696 ergo
1017 3626 1185 3694 primo
1228 3624 1457 3678 omnium
1497 3624 1609 3689 ﬁeri
1656 3639 1832 3692 preca-

231 3730 434 3789 tiones,
483 3723 758 3786 orationes,
814 3718 1205 3789 postulationes,
1268 3717 1555 3785 gratiarum
1608 3714 1831 3767 actiones

226 3818 293 3891 ί]
334 3818 467 3882 Tim.
494 3831 553 3882 ιι,
590 3813 663 3885 1).

321 3912 475 3964 Vers.
504 3909 557 3963 5.
586 3906 652 3959 lu
675 3902 960 3974 deﬁciendo
985 3918 1047 3956 es
1076 3917 1154 3955 me
1182 3900 1418 3971 spiritum
1448 3914 1614 3951 meum
1640 3938 1655 3962 ,
1684 3906 1732 3950 et
1764 3905 1823 3950 tu

222 4000 528 4074 cognouisti
558 4000 763 4053 semitas
792 4011 951 4049 meas.
982 3993 1059 4049 De
1085 3993 1455 4062 superioribus
1483 3991 1680 4059 pendet
1708 4004 1833 4056 pars

232 4096 353 4151 ista
396 4091 678 4155 versiculi;
712 4104 831 4142 nam
863 4086 1004 4154 quod
1034 4086 1167 4141 dicit
1193 4102 1206 4137 :
1236 4082 1305 4137 In
1333 4082 1623 4151 deﬁcientia
1664 4096 1727 4134 ea:
1757 4095 1836 4133 me

226 4186 490 4256 spiritum
516 4196 685 4236 meum
706 4223 720 4247 ,
750 4180 830 4235 sic
862 4176 1264 4246 intelligendum
1291 4184 1395 4240 est,
1425 4188 1490 4228 ac
1517 4173 1564 4227 si
1593 4173 1834 4227 diceret:

230 4276 675 4336 Tribuiationcm
707 4287 879 4326 meam
906 4282 1032 4325 ante
1057 4268 1229 4337 ipsum
1259 4265 1567 4337 pronuntio,
1593 4278 1715 4318 cum
1745 4263 1838 4316 de.

230 4372 366 4429 ﬁcit
395 4386 459 4424 ex
486 4384 571 4422 me
594 4367 814 4437 spiritus
836 4379 1009 4421 meus.
1034 4362 1225 4417 Multas
1246 4358 1394 4415 enim
1412 4367 1475 4413 et
1495 4357 1840 4428 gravissimas

235 4460 629 4519 tribulationes
660 4457 774 4510 vult
820 4454 1062 4523 intelligi,
1093 4466 1226 4522 quas
1257 4459 1383 4505 ante
1417 4450 1585 4504 Deum
1612 4463 1671 4503 se
1710 4462 1840 4517 pro-

1114 317 1488 378 EXPOSITI'O
1530 315 1593 373 lN
1629 310 2101 372 PSALTERIUM.
2143 306 2335 369 PSAL.
2377 303 2558 363 CXLI.

1818 432 1872 494 Α
1978 427 2135 483 Vers.
2166 427 2219 480 4.
2263 423 2327 478 In
2352 426 2435 478 uia
2477 421 2577 476 hac
2615 438 2717 493 qua
2744 410 3072 475 ambulabant
3109 414 3481 473 absconderant

3336 301 3474 357 ιυοσ

1902 519 2114 592 laqueos
2141 518 2286 572 mihi.
2332 514 2586 569 Diabolus
2617 512 2781 584 (sicut
2807 524 2954 579 stupe
2976 509 3177 566 dictum
3202 508 3309 579 est)
3328 509 3480 579 juxta

1897 612 2043 667 viam
2072 608 2358 666 abscondit
2396 607 2671 674 laqueum,
2706 613 2763 658 ut
2796 617 2892 659 eos
2918 600 3157 670 decipiat
3176 602 3275 671 Qui
3306 610 3481 656 rectas

1897 702 2119 758 semitas
2144 699 2418 755 declinare
2447 693 2907 766 praesumpserint.
2939 692 3045 750 Sed
3069 691 3194 762 quia
3218 691 3481 748 Dominus

1897 795 2145 851 Christus
2172 805 2441 861 nunquam
2467 804 2496 843 a
2523 802 2621 844 sua
2650 788 2936 843 sanctitate
2960 786 3228 852 discessit,
3260 800 3485 841 necesse

1894 894 2017 941 erat
2047 894 2103 940 ut
2131 886 2180 939 in
2208 883 2324 954 ipsa
2354 882 2440 936 via
2463 878 2803 936 rectitudinis
2833 892 2947 934 suae
2978 877 3303 933 tentationes
3332 883 3485 946 pate-

1900 988 2050 1032 retur
2096 976 2395 1043 invalidas,
2438 993 2465 1030 a
2510 992 2613 1046 qua
2664 977 2887 1032 minime
2933 976 3263 1045 probabatur
3310 976 3485 1031 exire.

1901 1068 2097 1139 Tangit
2140 1068 2327 1132 enim,
2380 1067 2598 1139 quando
2648 1068 2782 1123 illia
2822 1066 3039 1122 diabolo
3089 1066 3272 1120 mundi
3320 1079 3487 1134 regna

1902 1169 2198 1216 monsirata
2226 1169 2374 1225 sunt,
2408 1159 2625 1229 quando
2655 1158 2776 1229 ejus
2802 1158 3117 1214 tentabatur
3143 1156 3381 1223 esuries,
3433 1160 3490 1210 et

1904 1259 2097 1308 caetera
2127 1263 2246 1319 qua:
2274 1249 2537 1317 diabolica
2572 1249 2718 1304 fraus
2739 1290 2754 1314 ,
2802 1256 2859 1304 et
2886 1250 3150 1303 malorum
3204 1247 3487 1302 hominum

1905 1342 2251 1413 prtesumpsit
2280 1341 2553 1409 iniquitas.
2597 1340 2835 1396 Necesse
2881 1340 3027 1395 enim
3066 1348 3185 1395 erat
3206 1339 3489 1395 Christum

1908 1441 2192 1497 Dominum
2243 1440 2421 1494 taliter
2471 1438 2655 1508 loqui,
2688 1448 2744 1493 ut
2773 1437 3110 1494 assumenda
3144 1437 3332 1491 carnis
3378 1436 3493 1505 jam

1908 1542 2034 1589 tunc
2060 1534 2259 1588 veritas
2289 1532 2631 1602 panderetur.

1980 1645 2138 1702 Vers.
2182 1643 2234 1701 li.
2267 1644 2672 1699 Considerabam
2703 1643 2772 1696 ad
2813 1641 3078 1695 dexteram
3099 1682 3114 1708 ,
3147 1648 3193 1694 et
3222 1639 3494 1707 videbam,

1918 1748 1966 1792 et
1997 1753 2096 1791 non
2119 1746 2224 1790 erat
2255 1737 2341 1805 qui
2379 1744 2707 1808 cognosceret
2737 1751 2841 1788 me.
2890 1731 3054 1787 Periit
3095 1734 3222 1804 fuga
3253 1748 3283 1784 a
3309 1747 3385 1785 me
3404 1773 3418 1795 ,
3448 1737 3500 1786 et

1836 1799 1887 1859 Β
1912 1844 2015 1882 non
2043 1827 2224 1898 estqui
2244 1828 2468 1898 requirat
2504 1828 2734 1880 animum
2774 1841 2962 1878 meam.
2994 1824 3126 1880 Cum
3154 1824 3282 1877 dicit
3316 1840 3328 1876 :
3361 1820 3501 1877 Con-

1909 1921 2197 1975 siderabam
2218 1919 2286 1973 ad
2310 1923 2594 1983 dexteram,
2616 1917 2746 1972 illud
2774 1926 2982 1984 tempus
3011 1915 3261 1986 intelligit
3287 1916 3502 1985 quando

1842 2032 1852 2043 ι
1910 2011 2019 2067 ibat
2067 2011 2134 2066 ad
2184 2025 2402 2066 crucem
2436 2028 2448 2064 :
2479 2010 2601 2079 quia
2644 2009 2849 2064 nullum
2898 2008 3007 2063 illic
3037 2008 3277 2063 ﬁdelium
3327 2010 3504 2078 potuit

1912 2100 2133 2157 intueri.
2166 2100 2291 2156 Ideo
2324 2101 2467 2155 enim
2502 2116 2608 2153 non
2639 2108 2765 2154 sunt
2802 2098 2901 2154 visi
2935 2098 2999 2153 ad
3028 2098 3305 2153 dexteram
3334 2109 3499 2169 stare,

1913 2192 2038 2261 quia
2087 2190 2297 2245 carnali
2331 2190 2685 2259 trepidatione
2724 2188 2953 2258 dispersi
2994 2198 3159 2256 sunt,
3194 2191 3333 2244 sicut
3372 2190 3507 2247 scti-

1914 2295 2062 2355 ptum
2085 2293 2166 2338 est
2193 2297 2207 2335 :
2243 2282 2540 2337 Percutiam
2577 2292 2839 2353 pastorem
2862 2322 2878 2349 ,
2922 2291 2967 2334 et
3001 2281 3359 2352 dispergentur
3392 2298 3507 2337 oves

1912 2376 2084 2446 gregis
2115 2373 2298 2446 (Zach.
2332 2389 2447 2440 xm,
2477 2374 2555 2444 7).
2583 2374 2856 2443 Sequitur,
2888 2383 2934 2426 et
2955 2390 3057 2428 non
3077 2382 3185 2427 erat
3210 2373 3300 2443 qui
3319 2389 3511 2444 cogno-

1915 2473 2072 2520 sceret
2103 2480 2218 2531 me;
2251 2464 2343 2534 qui
2374 2473 2727 2534 cognosceret
2755 2465 2901 2519 illam
2934 2464 3143 2519 scilicet
3164 2464 3219 2518 in
3246 2464 3362 2534 ipso
3392 2461 3509 2519 dei-

1920 2562 2108 2618 tatem,
2131 2567 2252 2624 qua:
2282 2552 2397 2607 hate
2419 2554 2599 2607 omnia
2632 2554 2682 2607 in
2717 2561 2989 2623 assumpta
3017 2567 3180 2609 carne
3206 2553 3511 2609 voluntarie

1918 2645 2238 2713 suSIineliat,
2269 2661 2390 2710 quae
2412 2645 2582 2699 dixit:
2611 2643 2925 2699 Potestatem
2955 2644 3117 2699 habeo
3147 2646 3372 2714 ponendi
3396 2647 3514 2699 atti-

1918 2754 2052 2791 mam
2078 2752 2242 2792 meam
2265 2781 2280 2805 ,
2315 2749 2364 2792 et
2391 2747 2691 2807 potestatem
2737 2737 2897 2791 habeo
2923 2738 3107 2791 iterum
3135 2738 3371 2792 sumendi
3397 2753 3512 2791 eam

1918 2830 2102 2901 (Joan.
2131 2847 2186 2900 κ,
2222 2829 2334 2901 18).
2366 2829 2502 2884 Nam
2534 2831 2578 2884 si
2608 2830 2658 2884 in
2690 2830 2778 2884 illa
2805 2829 3205 2897 perturbatione
3233 2827 3511 2884 Christum

1926 2923 2211 2976 Dominum
2253 2922 2635 2992 cognovissent
2662 2962 2677 2986 ,
2710 2922 2893 2990 utique
2925 2928 3173 2991 poterant
3202 2930 3256 2976 et
3284 2920 3351 2976 ad
3382 2920 3516 2976 dex-

1923 3022 2088 3069 teram
2116 3013 2307 3068 videri.
2338 3013 2580 3079 Addidit,
2605 3011 2770 3068 Periit
2799 3015 2923 3085 fuga
2944 3029 2974 3065 a
3005 3029 3102 3080 me,
3135 3022 3180 3066 et
3204 3030 3305 3068 non
3327 3021 3400 3068 est
3426 3012 3517 3084 qui

1922 3111 2150 3181 requirat
2178 3109 2403 3163 animant
2432 3124 2619 3164 meam.
2653 3108 2886 3165 Periisse
2912 3106 3085 3177 fugam
3117 3109 3269 3176 dicit,
3302 3124 3423 3163 cum
3455 3120 3518 3163 se

2027 3201 2214 3255 niorum
2267 3198 2513 3253 manibus
2547 3199 2790 3267 permisit
2835 3198 3028 3254 occidi.
3074 3199 3205 3252 Nam
3254 3197 3343 3253 ubi
3396 3198 3518 3268 fuga

1927 3294 2087 3364 perit,
2120 3290 2312 3346 mortis
2359 3291 2658 3359 perieulum
2708 3290 3014 3344 nullatenus
3043 3290 3298 3343 evitatur.
3351 3287 3520 3343 Nemo

1926 3394 2109 3440 autem
2140 3383 2423 3454 requisivit
2458 3383 2692 3436 animam
2724 3382 2864 3450 ejus,
2895 3381 3018 3435 dum
3051 3381 3099 3436 ei
3132 3380 3279 3434 nulla
3319 3394 3517 3434 conso-

1930 3476 2059 3531 latio
2091 3476 2455 3546 prtcberetur;
2509 3475 2603 3527 sed
2646 3474 2795 3528 solus
2848 3473 2913 3528 ad
2962 3473 3271 3541 passionem
3303 3473 3522 3527 relictus

1930 3579 2033 3637 est,
2066 3570 2156 3638 qni
2186 3578 2304 3623 erat
2336 3583 2429 3636 pro
2457 3566 2699 3621 omnium
2735 3567 2911 3621 salute
2956 3565 3271 3619 moriturus.
3306 3563 3381 3617 lta
3410 3564 3514 3619 sub

1935 3665 2035 3716 ista
2087 3661 2234 3716 brevi
2286 3674 2349 3715 ac
2388 3659 2740 3714 subtilissima
2793 3658 3188 3727 signiﬁcatione
3233 3655 3523 3711 verborum

1938 3750 2240 3805 traditionis
2274 3749 2443 3819 ipsius
2474 3748 2611 3803 ordo
2641 3758 2891 3802 narratus
2920 3756 3021 3802 est.

2010 3842 2165 3895 Vers.
2202 3841 2255 3894 6.
2291 3839 2522 3893 Clantavi
2545 3840 2613 3891 ad
2642 3848 2709 3903 te,
2738 3838 2988 3901 Domine;
3028 3836 3139 3891 dixi
3166 3853 3184 3889 :
3220 3834 3297 3888 Tu
3321 3851 3370 3888 es
3401 3851 3519 3904 spes

1936 3949 2069 3995 mea,
2104 3933 2270 4000 portio
2296 3947 2405 3983 mea
2445 3933 2498 3983 in
2524 3938 2658 3982 terra
2689 3929 2981 3981 virentium.
3023 3927 3176 3982 Venit
3210 3925 3274 3980 ad
3312 3936 3517 3995 partem

1940 4024 2246 4087 secundam,
2278 4025 2327 4075 in
2359 4037 2460 4089 qna
2491 4021 2829 4073 inimiCorum
2864 4033 2923 4073 se
2964 4018 3192 4072 insidias
3235 4018 3368 4085 petit
3397 4032 3526 4072 eva-

1940 4114 2103 4177 dere;
2135 4122 2193 4167 ut
2221 4110 2380 4166 corda
2428 4110 2662 4164 ﬁdelium
2708 4107 3126 4163 resurrectionis
3156 4107 3272 4177 ejus
3307 4122 3528 4160 uulnere

1942 4205 2295 4279 gratulentur.
2323 4201 2587 4257 Clamavit
2628 4211 2833 4265 autem,
2862 4216 3011 4270 spem
3058 4216 3208 4255 suam
3240 4213 3444 4268 ponens
3475 4200 3527 4253 in

1948 4295 2252 4359 Dominum,
2285 4292 2500 4362 quando
2523 4292 2659 4346 dixit
2688 4311 2700 4344 :
2733 4291 2909 4360 Pater,
2943 4293 2996 4345 in
3028 4308 3212 4345 manus
3244 4301 3357 4345 tuas
3386 4305 3530 4344 rom—

1945 4390 2127 4443 mendo
2172 4387 2410 4455 Spiritum
2455 4400 2624 4437 meum
2672 4382 2840 4453 (Luc.
2874 4398 3028 4452 xxm,
3060 4383 3131 4438 46
3233 4382 3486 4452 Sequitur
3514 4420 3533 4446 ,

1946 4479 2115 4550 portio
2146 4493 2256 4531 mea
2279 4478 2330 4529 in
2362 4486 2496 4529 terra
2530 4476 2828 4530 virentium.
2863 4474 3062 4529 l’robat
3093 4474 3195 4528 hoc
3230 4474 3535 4542 specialiter

222 4552 507 4610 numam
537 4549 834 4618 pmmemr’
867 4545 971 4599 sed
1004 4544 1255 4614 quoniam
1283 4542 1531 4638 spiriufm
1553 4539 1672 4638 ej"?
1706 4555 1837 4592 "un'
1874 4554 1920 4609 ί)
1947 4539 2098 4627 locus
2130 4570 2248 4636 ille,
2299 4569 2513 4638 quando
2563 4568 2616 4620 in
2648 4582 2811 4622 cruce
2860 4567 3066 4635 positus
3106 4539 3300 4618 latroni
3343 4562 3485 4616 dixit
3513 4579 3531 4616 :

233 4660 419 4717 quam
453 4644 678 4710 legimus
706 4639 989 4699 defecisse.
1014 4638 1137 4705 quia
1160 4643 1361 4689 cuncta
1383 4631 1688 4687 voluntaria
1721 4644 1845 4699 pas-

232 4738 414 4792 sione
437 4732 749 4799 complevit,
774 4730 873 4784 hoc
903 4728 1011 4797 poti
1038 4742 1079 4781 Is
1109 4741 1140 4779 a
1172 4734 1322 4797 parte
1351 4724 1717 4779 membrorum
1749 4722 1848 4777 de-

235 4830 454 4894 bemus
479 4823 745 4891 accipere.
786 4821 938 4889 Quod
987 4817 1340 4888 expositionis
1371 4831 1540 4885 genus
1570 4814 1791 4883 provide
1818 4828 1848 4866 a

228 4916 559 4984 majoribus
581 4924 795 4968 constat
833 4914 1106 4967 inventum
1130 4949 1145 4975 ,
1173 4909 1387 4979 quando
1416 4908 1608 4978 aliquis
1647 4908 1729 4961 sic
1772 4908 1852 4959 lo-

224 5013 478 5087 quitur,
508 5008 648 5075 quod
680 5008 797 5076 ejus
828 5022 933 5061 non
966 5006 1136 5074 pos~it
1160 5004 1450 5059 convenire
1471 5017 1716 5071 persona:
1742 5042 1757 5064 ,
1792 5008 1853 5054 ut

228 5113 348 5159 est
389 5100 522 5155 illud
566 5118 579 5152 :
612 5098 681 5152 Et
730 5099 917 5150 delicta
947 5112 1059 5148 utea
1088 5111 1119 5147 a
1158 5103 1206 5146 te
1247 5109 1351 5146 non
1397 5100 1513 5145 sunt
1553 5090 1853 5144 abscondita

239 5192 447 5265 (Psal.
472 5206 657 5255 txvtn,
685 5192 764 5257 ti).
789 5188 920 5241 Nam
950 5186 1135 5241 ﬁdeles
1160 5183 1336 5238 taliter
1356 5190 1409 5238 et
1438 5184 1490 5237 in
1519 5181 1853 5250 octogesimo

244 5287 433 5342 tertio
461 5282 663 5353 psalmo
689 5279 852 5334 locuti
881 5286 1004 5330 sunt
1028 5292 1041 5325 :
1066 5274 1395 5343 Concupiscit
1412 5282 1459 5327 et
1484 5271 1653 5340 deﬁcit
1680 5270 1858 5323 anima

238 5393 381 5434 mea
410 5375 465 5428 in
490 5374 622 5427 atria
657 5371 862 5425 Domini
894 5367 1065 5438 (Psul.
1100 5382 1320 5432 ιχηιιι.
1345 5364 1421 5436 5).
1450 5365 1517 5419 Et
1544 5364 1669 5419 alibi
1704 5381 1717 5417 :
1752 5364 1860 5419 De-

238 5474 499 5544 fecerunt
522 5468 657 5522 oculi
685 5468 780 5520 mei
805 5468 857 5519 in
878 5466 936 5519 et.
956 5465 1130 5534 quium
1157 5472 1320 5525 tuum,
1346 5462 1570 5516 dicentes
1592 5475 1611 5514 :
1640 5459 1861 5526 Quando

242 5562 617 5620 consolaberis
640 5575 718 5614 me
734 5557 912 5631 .(Psal.
930 5572 1112 5620 cxvnt,
1134 5556 1251 5624 8'2).
1280 5554 1347 5608 Et
1366 5554 1417 5608 in
1442 5552 1689 5623 sequenti
1721 5552 1859 5620 psal-

242 5668 366 5713 mo
390 5652 632 5707 dicturus
662 5661 741 5705 est
776 5666 790 5706 :
819 5648 1085 5702 'Velaciter
1112 5644 1303 5700 exaudi
1335 5660 1431 5711 me,
1466 5640 1683 5697 Domine
1714 5658 1732 5695 :
1761 5640 1859 5697 De-

242 5746 399 5821 feci!
424 5745 639 5816 spiritus
666 5758 804 5797 meus
833 5739 1001 5811 (Psal.
1030 5753 1194 5806 csLtt,
1219 5737 1298 5809 7).

1950 4664 2129 4723 Amen,
2163 4661 2278 4715 dico
2308 4659 2398 4712 tibi
2430 4676 2446 4713 :
2481 4657 2649 4712 Hodie
2682 4674 2873 4711 mecum
2903 4658 3006 4710 eris
3043 4656 3098 4708 in
3130 4656 3372 4725 paradiso
3404 4652 3541 4725 (Ibi-

1953 4755 2087 4819 dem,
2107 4753 2223 4822 45).
2264 4751 2546 4805 Paradisus
2574 4759 2654 4804 est
2680 4751 2826 4804 enim
2857 4760 2996 4804 terra
3023 4748 3342 4812 viventium,
3374 4763 3535 4816 quam

1956 4847 2055 4900 soli
2086 4845 2228 4899 beati
2263 4842 2490 4895 feliciter
2536 4840 2834 4894 introibunt
2854 4880 2867 4904 ,
2902 4839 2993 4910 qui
3024 4838 3124 4893 sub
3154 4837 3455 4892 aeternitate
3483 4846 3540 4893 et

1954 4938 2248 4994 securitate
2278 4933 2470 4988 victuri
2517 4942 2660 4988 sunt.
2718 4930 3005 4987 ilumiliter
3034 4932 3176 4986 enim
3219 4939 3271 4984 et
3301 4945 3543 4985 comnm-

1956 5032 2096 5086 niter
2125 5029 2251 5083 dicit
2279 5070 2293 5095 ,
2325 5026 2623 5097 portionem
2652 5025 2754 5079 sibi
2795 5041 2916 5080 esse
2946 5025 2999 5079 in
3033 5035 3171 5079 terra
3202 5025 3493 5079 viventium
3524 5067 3540 5091 ,

1961 5122 2083 5177 cum
2131 5130 2241 5175 tota
2286 5119 2455 5188 ipsius
2484 5132 2605 5173 esse
2650 5123 2925 5170 noscatur.
2958 5114 3148 5170 Simile
3189 5124 3271 5171 est
3310 5124 3365 5170 et
3411 5114 3543 5169 illud

1960 5214 2099 5284 quod
2128 5213 2326 5266 dictum
2357 5221 2437 5265 est
2459 5210 2525 5264 de
2554 5208 2815 5278 apostolis
2840 5225 2853 5258 τ
2892 5206 3068 5273 Pater,
3099 5208 3213 5261 volo
3240 5217 3294 5261 ut
3322 5208 3406 5261 ubi
3425 5223 3541 5262 sum

1960 5321 2078 5376 ego,
2108 5314 2153 5357 et
2184 5303 2282 5373 ipsi
2319 5304 2417 5356 sint
2441 5320 2637 5357 mecum
2670 5301 2851 5373 (Joan.
2884 5318 3014 5368 xvu,
3047 5300 3165 5371 Μ).

2038 5395 2192 5450 Vers.
2226 5396 2280 5450 7.
2308 5391 2528 5448 Intende
2557 5395 2608 5446 in
2638 5392 2919 5447 orationem
2945 5408 3127 5455 meam,
3158 5390 3280 5461 quia
3310 5389 3552 5443 humilia-

1967 5488 2049 5540 t'us
2077 5501 2191 5539 sum
2214 5486 2387 5539 nimis.
2430 5483 2619 5537 Merito
2649 5482 2779 5536 dicit
2808 5498 2819 5535 τ
2855 5482 3175 5538 Ilumiliatus
3202 5497 3316 5534 sum
3352 5480 3507 5533 nimis
3533 5520 3549 5546 ,

1969 5576 2083 5647 qui,
2122 5575 2261 5629 sicut
2309 5576 2382 5627 ait
2411 5572 2726 5642 Apostolus,
2781 5573 3105 5641 semetipsum
3136 5571 3413 5625 exinaniuit
3442 5568 3554 5636 for-

1971 5682 2106 5719 mam
2132 5665 2258 5719 servi
2286 5665 2561 5735 accipiens,
2602 5664 2655 5717 in
2693 5662 3030 5716 similitudine
3061 5660 3330 5714 hominum
3362 5660 3550 5729 factus.

1972 5766 2023 5812 et
2050 5756 2227 5812 habitu
2254 5758 2485 5811 inventus
2509 5766 2561 5811 ut
2584 5752 2739 5810 homo
2758 5753 2983 5826 (Philip.
3000 5768 3057 5821 ιι,
3082 5751 3159 5821 7).
3181 5749 3262 5806 Ad
3287 5749 3389 5804 hoc
3407 5753 3554 5803 certe
