4078 6342
580 330 713 388 1007

1783 333 1854 391 ll.
1897 330 2174 391 AURELII
2210 328 2615 393 CASSIODOKI

3700 334 3836 397 {003

580 450 818 521 amplius
845 452 1155 509 humiliatus
1182 460 1265 507 est
1282 490 1300 519 ,
1328 449 1417 520 qui
1457 448 1716 505 obediens
1754 448 1926 503 factus
1952 456 2037 503 est
2064 461 2155 502 us-
2182 448 2233 507 Α
2260 444 2367 502 diei
2401 456 2613 515 tempus
2638 444 2896 513 ostendit,
2942 445 3159 515 quando
3182 446 3449 517 justorum
3475 445 3694 505 devotio
3723 448 3839 520 ejus

575 556 682 613 que
708 543 777 598 ad
818 553 1071 610 mortem,
1100 551 1329 599 mortem
1360 552 1537 597 autem
1567 542 1765 596 crucis.
1789 539 1922 595 Nam
1948 539 1994 594 si
2018 537 2150 593 illud

575 633 789 689 deitatis
824 649 939 690 suae
961 634 1176 690 culmen
1206 632 1455 689 mirabile
1481 646 1589 686 non
1616 631 1931 686 inclinasset
1956 628 2156 697 sumpti

575 723 821 793 corporis
843 724 1089 788 veritate,
1108 720 1559 793 quemadmodum
1586 735 1681 791 pro
1710 720 1882 776 salute
1910 720 2152 774 omnium

576 811 819 883 cruciﬁgi
848 822 1120 883 potuerat,
1143 814 1234 884 qui
1263 813 1459 868 castum
1482 820 1789 881 terramque
1819 808 2154 865 admirandis

572 890 862 960 virtutibus
887 903 1261 959 administrat?

642 994 797 1051 νει-ε.
821 995 877 1052 8.
918 994 1105 1051 Libera
1139 1012 1219 1050 me
1245 1012 1279 1050 a
1305 993 1719 1066 persequentibus
1762 1010 1844 1048 me
1863 1035 1877 1060 ,
1908 994 2152 1064 quoniam

571 1086 847 1155 confortati
872 1096 992 1141 sunt
1016 1103 1171 1156 super
1197 1103 1293 1141 me.
1336 1085 1470 1141 Cum
1500 1084 1667 1151 dicit,
1701 1083 1883 1139 Libera
1910 1101 2009 1149 me,
2048 1098 2153 1138 non

471 1169 492 1183 ’
570 1175 858 1235 infirmitas
886 1181 1116 1249 propria:
1158 1178 1377 1234 deitatis
1418 1178 1726 1232 ostenditur
1750 1217 1766 1244 ,
1793 1176 1887 1231 sed
1917 1176 2154 1232 ebar’rtas

580 1278 804 1342 paterna
846 1281 1214 1336 monstrator;
1266 1286 1386 1325 nam
1424 1287 1556 1326 cum
1603 1270 1809 1325 haberet
1855 1278 2154 1337 potestatem

569 1362 737 1433 (sicut
758 1361 873 1433 ipse
901 1361 1053 1431 dicit)
1079 1361 1301 1432 ponendi
1329 1364 1556 1415 animam
1582 1374 1755 1426 suam,
1782 1368 1828 1412 et
1855 1358 2043 1413 iterum
2067 1373 2156 1411 su-

571 1454 744 1509 mendi
776 1469 891 1508 eam
915 1452 1112 1524 (Joan.
1142 1469 1198 1520 ι,
1231 1452 1318 1523 18)
1341 1491 1359 1517 ,
1391 1462 1567 1507 tamen
1608 1450 1675 1504 ad
1721 1448 2154 1504 informationem

570 1550 834 1611 nostram,
856 1543 1211 1599 reverentiam
1235 1542 1415 1598 dilecti
1435 1556 1498 1597 ac
1519 1542 1657 1597 bene
1682 1538 1995 1609 complaciti
2028 1537 2152 1593 Filii

571 1642 761 1690 tenens
785 1676 802 1704 ,
835 1632 1096 1689 honorem
1156 1632 1401 1688 Paterna:
1447 1632 1742 1703 maiestatis
1789 1640 2152 1701 congruenter

573 1727 840 1786 exhibuit.
873 1728 1013 1784 Dicit
1047 1728 1190 1784 enim
1232 1729 1283 1782 in
1318 1728 1605 1795 Evangelio
1645 1744 1658 1780 :
1694 1725 1886 1793 Pater,
1924 1725 2156 1793 clari/ica

570 1839 652 1878 me
677 1821 860 1895 (Joan.
891 1837 1033 1886 xvu,
1062 1822 1142 1892 5).
1176 1819 1384 1876 Clamat
1428 1821 1589 1875 etiam
1620 1819 1689 1874 de
1716 1833 1877 1874 cruce
1907 1831 1922 1871 :
1970 1817 2111 1871 Deus
2136 1857 2152 1883 ,
2186 1809 2234 1870 Β

571 1911 713 1968 Deus
767 1928 909 1967 meus
932 1951 948 1977 ,
993 1913 1186 1983 respice
1227 1912 1281 1966 in
1326 1928 1405 1965 me
1449 1926 1468 1965 :
1507 1926 1662 1982 quare
1709 1924 1790 1962 me
1838 1906 2154 1973 dereliquisti

570 2000 790 2075 (Matth.
823 2016 989 2067 mm,
1018 2000 1150 2068 46)?
1180 2010 1237 2056 ut
1267 2001 1623 2056 humilitatem
1655 1999 1837 2054 carnis
1865 1997 2151 2055 evidenter

570 2091 919 2157 ostenderet,
960 2100 1223 2160 quatenus
1276 2091 1554 2146 Matiichtei
1611 2089 1840 2146 nefanda
1898 2089 2153 2159 dogmata

570 2181 894 2238 confutaret.
924 2180 1060 2237 Orat
1083 2195 1212 2252 ergo
1234 2191 1290 2235 ut
1312 2196 1345 2235 a
1376 2181 1825 2251 persequentibus
1843 2179 2045 2235 Jud;cis
2074 2180 2156 2234 di-

570 2274 692 2328 vina
716 2273 916 2329 virtute
946 2273 1242 2342 liberetur,
1285 2273 1377 2344 qui
1423 2288 1595 2343 usque
1637 2273 1774 2328 adeo
1796 2272 2155 2342 corporaliter

570 2364 699 2421 facti
735 2364 948 2422 fuerant
970 2364 1245 2431 fortiores,
1277 2372 1411 2419 utet
1439 2378 1629 2418 manus
1661 2362 1967 2433 injicerent,
1997 2373 2050 2417 et
2079 2363 2150 2418 de

569 2454 688 2527 ejus
712 2464 885 2512 morte
909 2454 1229 2526 gauderent.
1258 2453 1367 2510 Sed
1395 2453 1510 2509 lucc
1536 2453 1715 2508 omnia
1739 2452 2025 2507 miserrimi
2056 2453 2153 2505 bo-

571 2547 777 2603 minum
810 2554 1174 2614 tentaverunt,
1204 2545 1329 2614 quia
1360 2544 1416 2599 iu
1448 2559 1513 2600 eo
1541 2559 1650 2599 non
1676 2542 2022 2598 intuebantur
2055 2543 2153 2597 Di-

570 2637 813 2693 vinitatis
874 2636 1163 2702 virtutem,
1222 2635 1317 2691 sed
1365 2635 1605 2706 speciem
1655 2635 2025 2704 corporalem;
2079 2634 2148 2690 de

572 2730 764 2802 quibus
792 2729 923 2785 dicit
950 2728 1239 2800 Apostolus
1275 2742 1290 2782 :
1321 2727 1383 2784 Si
1425 2728 1559 2783 enim
1590 2728 1936 2798 cognovissent
1963 2768 1977 2792 ,
2014 2742 2153 2780 nun-

570 2840 726 2897 quam
748 2822 1031 2878 Dominum
1053 2821 1333 2892 majestatis
1359 2820 1727 2889 cruei/ixissent
1754 2816 1807 2890 (1
1831 2819 1949 2874 Cor.
1982 2833 2042 2885 tt,
2068 2818 2149 2887 8).

644 2917 799 2973 Vers.
831 2914 885 2972 9.
916 2913 1068 2969 Educ
1103 2915 1166 2968 de
1194 2929 1397 2967 carcere
1417 2913 1646 2966 animam
1668 2927 1833 2965 meam
1872 2910 1941 2963 ad
1986 2909 2152 2978 rouﬁc

573 3012 785 3066 tendum
811 3007 1010 3064 nomini
1042 3005 1282 3061 tuo.'iiic
1312 3019 1585 3061 carcerem
1613 3003 1811 3072 duplici
1843 3001 2002 3057 modo
2041 3016 2154 3056 ma-

568 3100 719 3172 jores
742 3099 1046 3169 intelligere
1065 3098 1350 3151 voluerunt
1374 3113 1387 3149 :
1415 3104 1509 3150 aut
1529 3094 1715 3151 saeculi
1740 3092 1892 3148 istius
1915 3093 2153 3161 ptenafes

572 3191 868 3263 angustias,
899 3204 1033 3261 quas
1064 3189 1297 3258 patimur
1340 3186 1395 3241 in
1434 3186 1538 3241 isto
1568 3200 1799 3255 corpore
1838 3182 2149 3250 constituti;
2180 3172 2234 3233 D

575 3290 669 3336 aut
699 3281 871 3350 magis
901 3278 1177 3335 custodias
1208 3276 1434 3345 inferni,
1463 3290 1596 3347 quas
1626 3273 1854 3330 evadere
1883 3288 1989 3329 non
2028 3274 2153 3328 licet

578 3375 695 3443 t'cge
726 3372 1075 3427 humanitatis
1115 3372 1361 3425 infirme.
1416 3368 1523 3424 Sed
1571 3368 1765 3424 melius
1813 3368 1858 3422 si
1903 3368 2004 3423 hoc
2032 3367 2151 3422 loco

574 3467 837 3522 referatur
877 3464 944 3519 ad
992 3464 1195 3519 inferos
1240 3470 1456 3532 propter
1499 3460 1915 3518 resurrectionis
1952 3475 2102 3531 spem
2130 3502 2147 3531 ,

575 3573 734 3629 quam
764 3557 1028 3627 frequenti
1078 3554 1472 3625 supplicatione
1498 3554 1781 3624 provenire
1812 3553 2150 3621 deprecatur,

576 3649 717 3706 sicut
744 3647 796 3703 in
836 3646 943 3705 alio
972 3646 1177 3715 psalmo
1206 3645 1339 3715 petit
1367 3661 1379 3697 :
1410 3643 1537 3699 Non
1557 3655 1735 3715 urgeat
1763 3661 1916 3715 super
1950 3660 2029 3698 me
2056 3660 2151 3713 pu-

575 3746 685 3794 teus
707 3753 762 3792 os
790 3752 939 3791 suum
971 3733 1145 3807 (Psal.
1176 3749 1370 3800 ιινιιι,
1410 3734 1522 3804 16).
1551 3732 1755 3790 Carccr
1786 3734 1928 3788 enim
1976 3736 2152 3787 dictus

580 3836 704 3895 est,
738 3827 889 3897 quasi
920 3840 1103 3892 arcer,
1135 3825 1278 3896 quod
1307 3840 1337 3879 a
1364 3840 1424 3881 se
1452 3834 1632 3881 arceat
1668 3826 1821 3881 exire
1845 3826 2149 3880 conclusos.

579 3917 685 3973 Sed
712 3931 810 3971 cur
837 3930 897 3970 se
920 3914 988 3971 de
1011 3915 1115 3970 isto
1145 3929 1363 3971 carcere
1401 3914 1637 3971 liberare
1666 3915 1957 3981 desideret,
1988 3930 2151 3971 causa

574 4006 915 4077 subsequitur
940 4021 955 4061 :
986 4007 1054 4060 ad
1096 4006 1441 4075 conﬁtendum
1464 4006 1663 4059 nomini
1688 4014 1794 4059 tuo.
1825 4005 1977 4061 Tunc
2006 4008 2149 4061 enim

576 4112 606 4151 a
634 4096 845 4152 cunctis
893 4095 1141 4151 fidelibus
1188 4095 1334 4151 Patri
1382 4095 1653 4149 confessio
1699 4095 1870 4150 laudis
1912 4096 2150 4151 exhibita

576 4197 683 4253 est,
712 4185 928 4257 quando
967 4200 1095 4241 eum
1127 4185 1541 4240 resurrectionis
1570 4185 1833 4240 miraculo
1860 4184 1928 4242 de
1959 4187 2152 4243 inferni

575 4290 797 4330 carcere
816 4281 1027 4329 constat
1054 4273 1329 4329 eductum.
1361 4273 1498 4330 Nam
1526 4282 1582 4331 et
1611 4274 1788 4345 ipsum
1825 4276 1952 4331 educ
1990 4277 2155 4348 signi-

579 4368 701 4421 ficat
726 4366 892 4438 480
919 4379 948 4418 a
980 4376 1133 4435 parte
1170 4381 1275 4436 qua
1305 4376 1552 4422 mortuus
1598 4376 1703 4437 est,
1730 4368 1800 4425 de
1838 4367 1960 4424 imis
1987 4383 2153 4440 pene-

580 4457 806 4513 tralibus
828 4458 894 4513 ad
926 4472 1158 4527 superna
1188 4458 1528 4515 translatum.

647 4548 911 4604 Vers.10.
933 4546 1017 4603 Me
1038 4556 1333 4619 exspectant
1340 4549 1498 4619 justi,
1523 4550 1688 4604 donec
1712 4550 1965 4607 relribuas
1992 4552 2141 4607 mihi.
2174 4538 2221 4601 C

580 4640 680 4694 ista
707 4647 792 4694 est
821 4639 913 4693 illa
967 4653 1086 4708 qua:
1137 4640 1409 4709 praemissa
1438 4647 1524 4695 est
1562 4640 1631 4696 de
1664 4641 1874 4697 Domini
1912 4659 2151 4702 resurre-

575 4731 751 4787 ctione
792 4729 1082 4785 confessio.
1116 4730 1248 4784 Nam
1295 4730 1421 4785 dum
1451 4745 1639 4787 omnes
1677 4734 1910 4802 apostoli
1951 4735 2153 4792 Christi

574 4821 809 4878 fuissent
849 4830 1025 4877 morte
1055 4820 1264 4876 confusi
1290 4862 1305 4887 ,
1337 4822 1725 4890 exspectabant
1754 4823 1936 4895 utique
1982 4825 2152 4883 donec

570 4913 804 4983 gloriam
857 4913 1138 4983 promissa:
1187 4911 1606 4966 resurrectionis
1653 4926 2046 4983 agnoscerent,
2097 4927 2151 4973 et

575 5009 811 5062 omnium
843 5020 905 5062 se
935 5005 1319 5077 trepidantium
1366 5005 1529 5060 corda
1578 5005 1875 5062 firmarent.
1925 5008 2031 5064 Sed
2070 5011 2153 5064 in-

578 5109 734 5156 tuere
761 5100 903 5169 quod
928 5100 1134 5155 dictum
1162 5106 1267 5165 est,
1301 5098 1462 5152 donec
1482 5100 1731 5154 retribuas
1764 5116 1783 5154 :
1808 5100 1931 5170 quia
1969 5116 2152 5156 resur-

576 5188 751 5258 gentis
789 5188 958 5258 gloria
990 5189 1272 5245 retributio
1298 5187 1431 5257 fuit,
1464 5189 1648 5260 utique
1670 5189 1994 5246 beatissima:
2025 5206 2152 5260 pas-

576 5279 767 5335 sionis.
801 5281 875 5336 De
902 5297 1004 5351 qua
1032 5282 1387 5338 retributione
1412 5281 1546 5338 dicit
1569 5283 1860 5352 Apostolus
1889 5301 1902 5337 :
1935 5281 2154 5353 Propter

574 5372 672 5424 hoc
698 5370 941 5426 eaaltauit
960 5373 1109 5426 illuni
1137 5372 1296 5441 Deus,
1325 5383 1375 5428 et
1402 5374 1605 5429 donauit
1635 5377 1680 5429 ei
1708 5392 1890 5430 nomen
1918 5376 2057 5445 quod
2076 5383 2152 5430 est

574 5476 727 5528 super
747 5477 895 5516 omne
923 5478 1102 5516 nomen
1133 5479 1146 5516 :
1180 5464 1310 5518 utin
1338 5467 1543 5520 nomine
1566 5463 1692 5519 Iesu
1715 5482 1860 5520 omne
1884 5482 2014 5537 genu
2040 5467 2146 5536 ﬂe-

568 5562 743 5607 ctatur
771 5554 1071 5625 ctelestium,
1100 5559 1441 5626 terrestrium,
1467 5567 1517 5613 et
1547 5559 1883 5630 infernarum,
1911 5572 1959 5617 et
1983 5560 2151 5615 omnis

574 5646 754 5718 lingua
774 5645 1083 5715 conﬁteatur
1106 5647 1227 5718 quia
1252 5648 1503 5705 Dominus
1522 5647 1671 5706 Iesus
1699 5651 1753 5704 in
1774 5651 1940 5723 gloria
1959 5660 2034 5705 est
2057 5650 2153 5706 Dei

573 5733 750 5792 Patris
772 5733 995 5810 (Philip.
1011 5751 1071 5806 tt,
1085 5736 1142 5806 9,
1160 5737 1271 5809 l0).
1286 5737 1418 5797 Nam
1432 5740 1575 5812 quod
1596 5742 1690 5809 ait,
1705 5741 1888 5811 donec,
1914 5740 2149 5799 triduani

2266 535 2664 592 resurrectione
2693 536 2867 591 lctata
2904 546 3015 591 est.
3041 536 3192 604 Quod
3231 544 3383 591 certe
3425 536 3778 606 singulariter
3807 553 3838 593 a

2260 634 2413 695 parte
2442 625 2793 682 humanitatis
2821 635 3111 695 assumpta:
3137 635 3351 682 constat
3372 627 3589 683 Christo
3614 628 3839 686 Domino

2261 718 2647 784 contributum,
2691 718 2846 786 cujus
2870 718 3197 773 resurrectio
3232 717 3503 788 iustorum
3544 719 3711 775 corda
3743 721 3836 775 lir-

2263 810 2453 864 mavit.
2485 810 2636 871 Nunc
2670 809 3077 865 consideremus
3104 809 3317 865 Domini
3347 811 3518 866 nostri
3537 849 3557 879 .
3581 812 3627 868 si
3660 812 3835 882 possi-

2257 914 2400 965 mus,
2432 901 2610 970 aliqua
2652 899 3023 970 speculatione
3073 900 3419 956 clementiam
3444 941 3461 967 ,
3498 917 3619 972 qua
3648 918 3748 958 nos
3784 913 3836 960 et

2255 990 2323 1047 ab
2350 989 2507 1046 hoste
2538 991 2789 1055 redemit,
2816 998 2872 1047 et
2900 1005 2967 1045 ne
2996 989 3189 1045 iterum
3233 994 3573 1061 captivemur
3595 1032 3613 1059 ,
3640 992 3833 1050 docere

2258 1099 2363 1139 non
2392 1084 2613 1139 desinit.
2666 1082 2806 1139 Ecce
2851 1084 3089 1153 regulam
3134 1098 3286 1139 suam
3318 1082 3557 1154 quotidie
3594 1093 3829 1140 nostram

2255 1172 2383 1229 facit
2407 1186 2530 1229 esse
2560 1172 2904 1249 medicinam,
2920 1173 3137 1243 quando
3156 1187 3215 1230 se
3240 1182 3521 1244 propterea
3544 1174 3829 1232 humiliare

2253 1264 2501 1335 dignatus
2522 1272 2626 1330 cst,
2658 1279 2725 1320 ne
2744 1264 3045 1321 diabolicus
3072 1264 3162 1320 ille
3191 1265 3461 1335 superbis
3489 1265 3713 1336 spiritus
3749 1265 3828 1321 ul-

2255 1356 2467 1410 latenus
2516 1362 2819 1423 appetatur.
2874 1353 2989 1411 Illic
3038 1356 3182 1410 enim
3233 1356 3427 1422 ruina,
3474 1356 3561 1413 bic
3611 1372 3833 1427 semper

2254 1461 2510 1503 ascensus
2532 1454 2617 1501 est
2643 1463 2658 1500 :
2692 1447 2818 1502 inde
2840 1448 2982 1503 mori
3011 1446 3304 1519 provenit,
3335 1446 3462 1504 hinc
3487 1457 3687 1505 aeterna
3717 1450 3828 1505 vita

2254 1539 2515 1595 succedit.
2552 1537 2834 1611 Rogemus
2865 1555 2997 1613 ergo
3028 1544 3453 1613 omnipotentem
3504 1541 3699 1598 Filium
3727 1583 3745 1610 ,
3775 1551 3833 1599 ut

2253 1631 2345 1702 qui
2373 1630 2563 1686 orandi
2591 1630 2827 1687 salutare
2848 1633 3100 1701 praestitit
3118 1633 3450 1703 exemplum,
3482 1632 3652 1688 donet
3676 1633 3832 1689 nobis

2258 1728 2522 1801 propitius
2546 1730 2903 1787 sanctissimae
2930 1729 3088 1801 huius
3109 1730 3423 1785 imitationis
3452 1727 3726 1787 eﬂ’ectum.

2794 1821 3067 1877 Conclusio
3096 1821 3302 1894 psalmi.

2327 1910 2542 1968 Finitus
2570 1919 2653 1968 est
2672 1911 2889 1983 quidem
2918 1911 3054 1968 ordo
3086 1912 3437 1982 psalmorum,
3462 1910 3552 1980 qui
3577 1910 3835 1968 orationis

2258 2001 2413 2058 titulo
2441 2010 2855 2074 praenotantur:
2888 2017 3029 2058 nunc
3058 2009 3279 2073 oportet
3308 2001 3361 2055 in
3394 2015 3579 2057 eorum
3603 2001 3834 2056 termino

2255 2093 2431 2162 aliqua
2472 2093 2573 2149 sub
2604 2094 2872 2149 brevitate
2899 2092 3221 2163 complecti;
3253 2100 3516 2163 quatenus
3537 2099 3832 2162 praestante

2258 2184 2486 2240 Domino
2521 2185 2829 2241 salutariter
2873 2184 3163 2241 incitemur
3189 2185 3257 2254 ad
3287 2197 3531 2241 nostrum
3571 2184 3828 2240 festinare

2256 2275 2573 2331 remedium.
2599 2275 2875 2347 imprimis
2904 2286 3126 2348 agentes
3154 2277 3243 2332 illa
3274 2291 3393 2348 qua:
3415 2276 3567 2347 jussa
3591 2286 3751 2344 sunt,
3779 2283 3837 2331 et

2256 2365 2401 2421 labia
2432 2375 2617 2422 nostra
2643 2370 2825 2423 crucis
2867 2358 3221 2439 impressione
3262 2370 3572 2440 signantes.
3607 2368 3836 2424 Domino

2256 2463 2628 2533 supplicemus
2657 2472 2717 2519 ut
2743 2478 2805 2519 os
2833 2473 3074 2521 nostrum
3096 2463 3278 2518 abluat
3306 2463 3536 2518 humana
3568 2463 3702 2519 faece
3725 2462 3837 2531 pol-

2256 2556 2446 2612 lutum.
2481 2557 2622 2612 Dicit
2643 2559 2788 2612 enim
2821 2556 2984 2612 lsaias
3018 2573 3035 2613 :
3066 2556 3342 2611 lmmunda
3370 2572 3463 2625 ego
3491 2556 3630 2611 labia
3652 2556 3833 2623 habeo,

2254 2656 2303 2702 et
2343 2648 2396 2702 in
2444 2649 2608 2702 medio
2657 2648 2842 2720 populi
2882 2648 3148 2701 immunda
3198 2648 3337 2701 labia
3386 2647 3617 2701 habentis
3664 2646 3837 2699 habito

2257 2737 2400 2809 (lsa.
2434 2752 2508 2800 vt,
2541 2736 2629 2810 5).
2670 2737 2878 2795 Deinde
2907 2739 3169 2792 orandum
3213 2746 3298 2793 est
3324 2737 3506 2792 verbis
3528 2777 3542 2801 ,
3578 2750 3688 2792 non
3719 2752 3835 2807 qua:

2254 2826 2485 2882 humana
2516 2828 2780 2883 desideria
2809 2828 3242 2894 subministrant,
3278 2827 3371 2882 sed
3393 2842 3514 2897 qua:
3545 2827 3662 2896 ipsa
3695 2827 3837 2882 Divi-

2255 2918 2395 2972 nitas
2430 2918 2495 2971 ad
2528 2917 2820 2973 remedium
2862 2926 3061 2972 nostra:
3092 2917 3366 2986 pravitatis
3412 2916 3658 2971 indulsit.
3702 2917 3840 2972 Ora-

2254 3008 2330 3063 tio
2360 3023 2488 3064 vero
2528 3009 2638 3078 ipsa
2669 3023 2735 3064 ex
2782 3007 3011 3073 humili,
3054 3023 3121 3063 ex
3169 3018 3488 3074 mansueto,
3517 3021 3585 3061 ex
3613 3008 3837 3063 sincero

2252 3100 2413 3157 debet
2432 3100 2595 3155 corde
2615 3101 2909 3169 procedere
2935 3117 2950 3153 :
2982 3109 3197 3170 peccata
3226 3114 3320 3153 sna
3346 3097 3463 3153 sine
3481 3099 3839 3154 excusatione

2255 3189 2630 3256 conﬁtens,'et
2672 3189 2812 3243 inter
2839 3203 3053 3243 amaras
3082 3189 3350 3257 lacrymas
3394 3187 3463 3243 de
3512 3186 3839 3243 dulcissima

2256 3281 2465 3337 Domini
2491 3280 2833 3336 miseratione
2852 3281 3157 3337 conlidens.
3186 3280 3421 3335 Terrena
3454 3294 3562 3334 non
3594 3289 3834 3350 espetat,

2253 3373 2350 3429 sed
2377 3373 2615 3428 coelestia
2667 3374 3009 3444 concupiscat
3055 3392 3069 3429 ;
3116 3376 3185 3429 sit
3230 3383 3512 3444 segregata
3562 3374 3842 3431 desiderio

2253 3479 2535 3534 corporeo,
2565 3473 2620 3518 et
2641 3473 2848 3519 tantum
2884 3464 3066 3534 juncta
3094 3465 3311 3532 divino;
3356 3466 3430 3521 sit
3456 3474 3567 3521 tota
3596 3465 3840 3534 denique

2254 3557 2566 3627 spiritualis,
2591 3555 2792 3611 habens
2817 3556 2965 3612 solas
2992 3558 3254 3628 lacrymas
3280 3558 3486 3612 carnis.
3513 3557 3649 3613 Nam
3671 3573 3838 3629 quem

2254 3661 2408 3713 oras,
2436 3647 2889 3716 contemplatione
2925 3648 3121 3703 mentis
3151 3647 3441 3717 (quantum
3472 3647 3554 3703 fas
3581 3649 3699 3718 est)
3730 3662 3833 3718 apo

2256 3747 2378 3809 pete
2400 3740 2666 3803 contueri,
2692 3746 2748 3793 et
2772 3739 3023 3809 agnoscis
3052 3739 3231 3809 qualis
3267 3748 3399 3794 ante
3424 3739 3598 3807 ipsum
3625 3738 3836 3795 debeas

2257 3836 2552 3897 prostratus
2575 3826 2779 3883 oﬂ‘erri.
2814 3828 2908 3885 Ille
2933 3829 3079 3883 enim
3110 3836 3194 3884 est
3214 3870 3231 3896 ,
3266 3828 3413 3885 sicut
3439 3827 3569 3884 dicit
3592 3831 3845 3898 Aposto-

2256 3920 2360 3987 lus,
2389 3917 2580 3974 Beatus
2603 3927 2651 3975 et
2675 3918 2815 3975 solus
2843 3929 3033 3989 potens
3055 3960 3071 3987 ,
3105 3919 3220 3975 Rea:
3252 3935 3450 3990 regem,
3479 3928 3529 3973 et
3570 3916 3842 3975 Dominus

2256 4012 2632 4067 dominantium
2650 4056 2665 4081 ,
2689 4012 2778 4083 qui
2805 4013 2943 4066 solus
2974 4012 3124 4067 habet
3163 4012 3593 4066 immortalitatem
3619 4050 3636 4076 ,
3667 4020 3719 4067 et
3750 4010 3851 4066 luo

2257 4119 2366 4160 cem
2393 4103 2590 4158 habitat
2617 4104 3201 4176 inaccessibilem,quem
3223 4121 3372 4159 nemo
3401 4104 3664 4159 hominum
3682 4105 3847 4173 uidit,

2254 4196 2345 4249 sed
2363 4211 2456 4250 nec
2472 4195 2641 4249 videre
2663 4204 2831 4267 potest
2861 4194 2918 4265 (I
2946 4194 3084 4251 Tim.
3113 4211 3189 4264 vt,
3212 4196 3306 4264 15,
3339 4195 3451 4263 16).
3499 4195 3845 4267 Quapropter

2255 4287 2324 4342 ad
2352 4287 2511 4343 talem
2541 4296 2853 4356 tantumque
2882 4288 3166 4343 Dominum
3188 4302 3324 4344 cum
3354 4288 3503 4343 omni
3533 4289 3735 4345 timore
3754 4289 3849 4345 vel

2256 4378 2546 4433 dilectione
2573 4376 2832 4433 debemus
2850 4378 3136 4443 accedere,
3169 4388 3223 4433 et
3265 4379 3336 4433 ita
3369 4380 3422 4435 in
3452 4394 3576 4435 eum
3606 4379 3851 4452 dirigere

2257 4469 2451 4525 mentis
2480 4468 2755 4535 intuitum,
2785 4476 2844 4523 ut
2873 4468 3130 4539 quidquid
3153 4478 3334 4539 potest
3354 4470 3693 4539 splendoris,
3723 4471 3848 4527 cla-

2255 4561 2448 4625 ritatis,
2472 4560 2715 4629 fulgoris,
2743 4561 3063 4629 maiestatis,
3088 4573 3242 4616 mens
3273 4561 3504 4616 humana
3528 4563 3847 4630 concipere,

2255 4666 2417 4720 super
2445 4652 2560 4705 hare
2593 4652 2772 4706 omnia
2815 4660 3110 4721 cognoscas
3138 4666 3261 4707 esse
3289 4651 3460 4706 Deum
3483 4694 3498 4719 ,
3533 4652 3624 4722 qui
3650 4665 3853 4708 omnes

2255 4752 2532 4798 creaturas
2560 4757 2688 4799 suas
2710 4743 3119 4813 incomparabili
3142 4743 3383 4799 bonitate
3405 4744 3712 4813 dispensat.
3735 4744 3851 4801 Nec

2259 4833 2391 4887 falsa
2420 4835 2838 4903 praesumptione
2867 4834 3022 4889 nobis
3050 4834 3249 4905 aliquid
3280 4835 3637 4905 imaginemur
3662 4848 3682 4890 :
3706 4851 3850 4907 quo-

2257 4923 2402 4979 niam
2427 4937 2621 4977 arcana
2650 4924 2947 4978 substantia
2986 4924 3088 4979 Dei
3118 4941 3238 4995 quae
3270 4925 3396 4981 fecit
3422 4926 3602 4982 omnia
3630 4965 3650 4994 ,
3682 4927 3851 4984 sicuti

2259 5024 2364 5083 est,
2407 5022 2771 5068 creaturarum
2802 5014 3025 5069 scientia
3071 5030 3179 5069 non
3219 5024 3396 5085 potest
3424 5016 3843 5087 comprehendi.

2259 5105 2415 5160 Nulla
2455 5106 2600 5161 enim
2635 5104 2804 5159 forma
2835 5106 2889 5159 in
2933 5106 3067 5173 Deo,
3100 5108 3243 5163 nulla
3270 5108 3712 5179 circumscriptio
3737 5114 3889 5172 est.’.

2258 5193 2456 5248 Natura
2481 5192 2892 5261 intestimabilis,
2916 5196 3088 5251 virtus
3116 5196 3703 5266 incomprehensibilis,
3733 5196 3852 5265 pie-

2259 5295 2340 5342 tas
2378 5285 2693 5356 singularis.
2725 5287 2800 5342 De
2830 5302 2938 5357 quo
2978 5289 3141 5343 nimis
3169 5302 3408 5358 congrue
3436 5288 3851 5359 pronuntiatum

2257 5385 2342 5431 est
2364 5393 2380 5433 :
2417 5377 2558 5432 Deus
2587 5385 2765 5446 potest
2786 5378 2891 5433 dici
2920 5380 3063 5448 quod
3090 5394 3196 5434 non
3222 5388 3330 5445 est,
3362 5395 3471 5435 non
3495 5388 3677 5450 potest
3696 5393 3854 5434 colli-

2258 5467 2519 5536 preheudi
2557 5467 2700 5537 quod
2730 5475 2833 5522 est.
2877 5468 2960 5523 Ad
3008 5469 3148 5524 hunc
3180 5470 3339 5539 igitur
3367 5471 3803 5540 omnipotentes-
3830 5506 3853 5535 ,

2253 5559 2370 5616 sine
2397 5558 2585 5625 initio,
2612 5559 2734 5615 sine
2762 5558 2869 5613 line
2892 5595 2909 5623 ,
2938 5560 3032 5629 qui
3065 5560 3343 5616 universas
3372 5561 3560 5616 mundi
3587 5572 3853 5616 omnem.

2253 5666 2358 5722 que
2386 5659 2687 5707 creaturam
2729 5663 2883 5706 suam
2910 5662 3180 5707 commeat
3207 5662 3367 5722 atque
3409 5652 3585 5723 replet
3607 5692 3624 5718 ,
3654 5651 3733 5708 sic
3765 5658 3859 5706 ta-

2255 5758 2377 5802 men
2405 5752 2463 5800 ut
2510 5742 2567 5798 in
2598 5741 2780 5813 seipse
2810 5742 3009 5814 ubique
3048 5743 3120 5801 sit
3150 5751 3317 5812 totus,
3347 5746 3520 5805 malos
3556 5759 3668 5805 Ion
3706 5756 3857 5817 pta-
