4114 6362
310 360 469 418 1009'

308 568 472 624 Pater
497 568 826 640 Augustinus
859 569 925 624 ad
955 571 1258 626 Dardanum
1299 573 1564 638 scribens,
1606 572 1764 626 latius
1796 586 1890 627 ex-

303 659 525 731 plicavit
558 661 756 732 (Epist.
784 661 876 727 57,
903 664 956 717 in
984 680 1120 734 resp.
1151 664 1218 716 ad
1242 674 1425 734 qutest.
1449 664 1523 731 l).
1572 663 1893 720 Salutariter

305 767 406 808 nos
447 753 702 809 admonet
732 753 983 811 fesdnare
1027 770 1205 812 sermo
1237 757 1614 826 propheticus,
1647 757 1836 812 dicens
1876 773 1889 810 :

307 841 488 897 Venite
510 845 807 909 adoremus,
837 853 884 899 et
913 845 1235 913 procidamus
1272 863 1444 900 coram
1476 845 1734 914 Domino;
1769 849 1887 916 plo-

301 950 470 988 remus
495 943 614 989 ante
644 935 810 990 Deum
844 935 1017 1006 (Psal.
1042 951 1162 992 xcw
1185 978 1202 1002 ,
1225 937 1305 1006 6).
1337 938 1401 992 Et
1448 951 1515 992 ne
1544 938 1760 992 omnino
1791 936 1892 992 llu-

300 1036 552 1081 ctuantes
571 1041 631 1081 ac
648 1027 842 1096 trepidi
869 1029 1253 1098 linqueremur,
1278 1028 1502 1098 addidit,
1518 1029 1606 1098 qui
1627 1029 1743 1099 fecit
1765 1045 1888 1093 nos;

301 1128 356 1172 ttt
378 1134 497 1174 cum
523 1134 623 1175 nos
648 1121 715 1176 ab
741 1121 857 1190 ipso
885 1130 1099 1176 creatos
1136 1136 1257 1177 esse
1286 1122 1681 1192 cognoscimus,
1717 1121 1884 1176 facto-

303 1227 419 1268 rem
471 1221 720 1268 nostrum
773 1211 1094 1268 liducialiter
1135 1226 1439 1268 emremtts.
1490 1212 1640 1268 Tuuc
1682 1213 1823 1283 quod
1857 1227 1886 1267 a

301 1306 460 1361 nobis
485 1306 758 1362 humiliter
785 1306 839 1361 in
867 1307 1043 1362 divina
1068 1306 1222 1361 laude
1249 1307 1535 1361 dicendum
1557 1313 1657 1371 est,
1693 1306 1746 1360 in
1774 1306 1900 1375 ipsa-

300 1413 440 1468 pene
487 1396 732 1454 oratione
775 1399 1044 1466 sentitur,
1093 1413 1212 1453 cum
1253 1413 1282 1452 a
1321 1397 1547 1452 Domino
1595 1398 1906 1453 clementer-

295 1490 565 1555 audimur,
591 1492 643 1546 si
671 1491 828 1548 nobis
853 1500 1027 1548 tamen
1061 1492 1315 1562 expediat
1355 1492 1599 1548 obtinere
1624 1490 1767 1562 quod
1794 1507 1890 1562 pe-

299 1583 483 1637 timus.
535 1580 726 1638 Nullus
776 1583 920 1639 enim
969 1584 1208 1654 ingratus
1254 1599 1284 1638 a
1315 1599 1547 1654 superna
1598 1584 1888 1640 donatione

296 1675 604 1744 repellitur,
638 1675 723 1731 cui
757 1684 938 1746 petere
966 1677 1198 1747 simplici
1236 1692 1300 1733 ac
1328 1679 1521 1733 devota
1554 1687 1733 1733 mente
1759 1693 1889 1733 con-

293 1767 522 1824 ceditur.
559 1768 792 1823 Tantum
817 1784 876 1823 se
905 1770 1051 1823 enim
1081 1769 1273 1839 aliquis
1305 1770 1624 1838 impetrasse
1669 1771 1882 1825 veniam

1207 363 1583 423 EXPOSITIO'
1611 362 1678 420 IN
1718 361 2179 423 PSALTERIUM.
2223 365 2416 423 PSAL.
2456 365 2661 424 CXLII.

306 472 504 538 scotia,
531 472 626 529 sed
669 474 856 545 gratiae
886 489 999 532 sua:
1029 475 1229 534 virtute
1260 478 1641 548 derelinquens
1673 495 1687 534 :
1730 477 1885 545 Quod
1917 480 1967 538 A

3446 377 3587 432 ιοηπ

2544 482 2810 552 Expositio
2849 487 3056 558 psalmi.

2074 590 2226 646 Vers.
2260 593 2310 646 1.
2347 591 2581 660 Dom'ne,
2609 597 2798 650 exaudi
2832 599 3115 653 orationem
3144 615 3338 666 meam;
3368 600 3582 655 auribus

1995 683 2195 752 percipe
2220 684 2626 753 deprecationem
2667 705 2834 742 meum
2879 691 2931 744 in
2971 694 3184 746 veritate
3226 703 3351 759 tua;
3391 693 3582 746 exaudi

1995 790 2074 828 me
2099 775 2152 827 in
2182 785 2268 829 tua
2288 778 2518 848 justitia.
2547 778 2659 833 Nisi
2683 781 2841 837 altius
2869 794 3289 852 perscrutemur,
3315 794 3588 840 commata

1995 882 2186 922 versus
2216 869 2370 924 istius
2400 871 2498 926 sibi
2528 871 2776 928 videntur
2803 890 2920 930 esse
2952 878 3240 930 contraria.
3293 876 3424 931 Nam
3455 890 3585 932 cum

1993 959 2225 1030 primum
2251 963 2512 1032 propheta
2545 974 2690 1036 petat
2731 965 3004 1022 humiliter
3031 967 3238 1022 admitti
3280 965 3580 1022 orationem

1992 1066 2168 1118 suam,
2197 1063 2381 1123 postea
2413 1069 2472 1110 se
2504 1057 2754 1112 exaudiri
2783 1058 2834 1112 in
2863 1059 2980 1128 ejus
3005 1058 3211 1128 justitia
3236 1059 3580 1128 deprecatur.

1993 1143 2098 1201 Sed
2131 1155 2300 1201 totum
2333 1148 2399 1202 ad
2430 1147 2838 1220 lacrymabilem
2882 1152 3274 1207 confessionem
3307 1151 3588 1222 pertinere

1992 1254 2098 1294 non
2130 1241 2348 1297 dubium
2377 1252 2481 1310 est,
2509 1244 2742 1301 maxime
2773 1261 2894 1301 cum
2919 1246 3005 1302 hic
3037 1247 3273 1316 psalmus
3301 1246 3367 1300 ad
3397 1244 3578 1300 humi-

1997 1329 2203 1385 litatem
2237 1333 2610 1402 paenitentiam
2643 1336 2897 1406 probetur
2926 1345 3161 1406 aptatus.
3196 1334 3406 1390 Veritas
3431 1335 3585 1390 enim.

1989 1432 2042 1478 et
2067 1422 2271 1491 justitia
2305 1423 2468 1495 ipsius
2495 1435 2578 1481 est
2611 1442 2624 1478 :
2660 1442 2728 1482 ne
2754 1443 2874 1482 cum
2907 1438 3132 1497 rogante
3164 1428 3464 1496 disceptet,
3499 1441 3584 1481 ne.

1988 1513 2054 1567 ad
2082 1515 2340 1583 judicium
2369 1517 2513 1572 illum
2549 1519 2748 1585 trahat,
2777 1519 2867 1588 qui
2908 1535 2966 1573 se
2998 1519 3085 1573 hic
3116 1519 3263 1588 prius
3296 1520 3410 1588 ipse
3441 1532 3576 1572 con-

1988 1606 2227 1661 demnat.
2276 1608 2551 1679 Superbos
2583 1610 2724 1664 enim
2760 1609 3017 1665 Dominus
3052 1611 3117 1664 ad
3146 1625 3372 1664 examen
3404 1608 3574 1663 addu-

1987 1699 2080 1764 cit,
2113 1699 2199 1770 qui
2233 1716 2291 1755 se
2315 1702 2455 1756 bona
2486 1712 2675 1772 putant
2701 1703 2901 1758 habere
2944 1703 3194 1773 negotia;
3227 1711 3280 1757 et
3305 1701 3452 1757 solus
3485 1701 3576 1757 ille

1993 1788 2250 1856 judicium
2287 1793 2542 1860 probatur
2583 1794 2840 1859 evadere,
2884 1793 2972 1865 qui
3015 1793 3239 1848 recurrit
3265 1794 3334 1848 ad
3365 1807 3578 1863 preces.

293 1857 483 1925 sentit,
508 1869 766 1929 quantum
799 1860 912 1930 pias
935 1859 1199 1931 lacrymas
1232 1859 1432 1914 fudisse
1461 1861 1758 1930 cognoscit.
1783 1859 1878 1914 Est

1989 1877 2102 1933 Non
2134 1882 2276 1934 enim
2310 1881 2487 1938 divina
2519 1883 2777 1954 majestas
2823 1895 3042 1941 austera
3087 1895 3356 1956 potestate
3386 1899 3583 1940 severa

295 1960 352 2007 et
381 1950 527 2006 aliud
572 1960 771 2006 nostrae
822 1953 1188 2022 provectionis
1236 1952 1528 2017 indicium;
1576 1961 1636 2007 ut
1682 1959 1884 2022 quanto

302 2043 425 2112 quis
451 2056 512 2097 se
544 2042 664 2112 plus
689 2057 868 2096 amare
889 2052 944 2097 et
972 2043 1165 2098 timere
1186 2043 1498 2112 cognoverit
1520 2043 1710 2111 Deum,
1735 2052 1883 2098 tanto

292 2148 517 2190 necesse
547 2144 630 2189 est
658 2142 716 2188 ut
746 2135 823 2188 illi
845 2135 1084 2188 divinum
1116 2135 1440 2204 propinquet
1479 2135 1759 2190 auxilium.
1791 2134 1883 2189 Sic

292 2223 565 2281 beneﬁcio
593 2225 807 2280 Domini
835 2227 1013 2281 omnis
1042 2226 1305 2281 diabolica
1338 2226 1485 2281 fraus
1517 2227 1770 2294 vincitur,
1803 2227 1882 2281 sic

291 2316 416 2386 ipso
446 2318 739 2373 miserante
770 2327 987 2387 peccata
1017 2329 1361 2388 superantur.
1405 2319 1556 2374 Dicta
1597 2330 1721 2375 sunt
1765 2320 1884 2389 qui-

290 2407 420 2462 dem
452 2407 520 2463 de
543 2409 789 2463 oratiOne
819 2418 1080 2478 quantum
1111 2410 1544 2464 et'mediocritas
1573 2409 1795 2480 ingenii,
1828 2419 1881 2464 et

289 2498 397 2556 loci
427 2490 661 2572 qualitas
692 2502 999 2572 postulavit.
1041 2502 1098 2558 Si
1141 2503 1263 2572 quis
1295 2517 1424 2557 vero
1453 2501 1519 2558 de
1549 2502 1649 2556 hac
1679 2517 1737 2556 re
1767 2501 1881 2572 ple-

290 2593 520 2648 nissima
550 2593 696 2662 cupit
740 2595 986 2650 ubertate
1031 2595 1236 2662 satiari,
1269 2595 1411 2664 legat
1439 2593 1879 2648 facundissimum

287 2682 737 2757 Cassianum,qui
769 2687 824 2741 in
849 2702 986 2742 nona
1014 2699 1062 2743 et
1094 2686 1297 2742 decima
1315 2685 1710 2750 collationibus,
1736 2692 1878 2739 tanta

285 2786 351 2831 et
378 2777 505 2833 talia
538 2778 606 2834 de
636 2779 940 2835 orationum
992 2779 1283 2850 generibus
1312 2777 1638 2848 disputavit,
1668 2787 1726 2832 ut
1764 2777 1879 2832 evi-

289 2869 488 2927 denter
539 2886 635 2940 per
693 2873 866 2944 ipsum
916 2871 1154 2943 Spiritus
1199 2878 1417 2927 sanctus
1463 2870 1674 2927 locutus
1716 2869 1881 2926 fuisse

289 2962 574 3020 videatur.

802 3059 1122 3116 PSALMUS
1161 3057 1367 3116 CXLII.

291 3151 541 3210 Psalmus
566 3149 754 3219 David,
780 3154 988 3219 quando
1018 3169 1131 3207 eum
1155 3153 1294 3219 ﬁlius
1321 3169 1444 3207 suus
1467 3151 1879 3224 persequebatur.

363 3264 598 3320 Historia
642 3263 758 3318 haec
801 3261 1005 3334 Regum
1053 3262 1269 3332 quidem
1321 3263 1550 3319 lectione
1597 3262 1878 3318 notissima

287 3363 374 3412 est
399 3354 458 3424 (1
491 3355 616 3428 Reg.
650 3354 764 3424 xv).
808 3354 941 3409 Nam
977 3354 1118 3409 filius
1150 3353 1316 3408 David
1365 3354 1662 3410 Abessalon
1713 3368 1880 3425 regno

288 3447 530 3516 fugatum
562 3457 768 3515 patrem
799 3461 954 3500 suum
985 3445 1148 3515 impie
1172 3446 1518 3516 cognoscitur
1543 3454 1876 3516 persecutus.

288 3535 423 3605 Quae
469 3537 766 3592 similitudo
809 3537 985 3607 (sicut
1028 3536 1246 3607 quidam
1292 3537 1514 3605 volunt)
1554 3537 1619 3591 ad
1660 3551 1877 3592 omnem

285 3628 582 3700 porrigitur
617 3627 981 3685 Christianum
1005 3671 1020 3694 ,
1067 3630 1159 3698 qui
1207 3630 1445 3697 peccatis
1485 3627 1835 3683 saevientibus
1861 3667 1876 3692 ,

285 3732 540 3792 tanquam
570 3739 602 3778 a
632 3723 761 3778 (iliis
809 3724 1040 3792 propriis
1072 3723 1125 3776 in
1161 3722 1344 3776 mundi
1378 3722 1534 3776 istius
1580 3721 1876 3777 acerbitate

282 3825 529 3871 vexatur.
560 3815 668 3872 Sed
698 3825 884 3870 contra
914 3815 1028 3868 haec
1056 3813 1332 3884 poenitudo
1363 3811 1674 3868 remedialis
1705 3825 1876 3882 oppo-

283 3908 453 3977 nitur,
485 3922 647 3979 quam
678 3907 764 3962 hic
792 3907 1030 3978 psalmus
1051 3905 1330 3961 continere
1362 3913 1712 3960 monstratur.
1760 3903 1876 3958 Me-

283 4009 468 4056 mento
494 4009 674 4055 tamen
698 4000 839 4070 quod
872 3999 987 4054 haec
1019 3997 1264 4064 historia,
1295 4006 1344 4053 et
1378 3997 1430 4052 in
1475 3997 1630 4052 tertio
1669 3996 1877 4066 psalmo

278 4095 391 4166 jam
415 4095 588 4165 posita
631 4105 744 4161 est;
780 4094 874 4150 sed
903 4094 975 4149 ibi
999 4093 1295 4149 Abessalon
1320 4103 1602 4164 propterea
1634 4091 1878 4147 nomina-

281 4195 372 4241 tus
416 4197 536 4252 est,
566 4187 818 4257 quoniam
866 4185 1176 4254 exemplum
1204 4185 1322 4254 ejus
1362 4185 1428 4240 ad
1458 4185 1633 4240 solum
1681 4183 1874 4239 Judam

280 4277 456 4332 voluit
485 4277 775 4348 pertinere.
803 4275 902 4332 Hic
930 4291 1061 4332 vero
1094 4291 1288 4332 nomen
1320 4276 1487 4346 ipsius
1512 4276 1740 4345 positum
1766 4289 1875 4330 non

282 4376 392 4434 est,
425 4377 483 4425 ut
511 4370 648 4425 sicut
669 4369 782 4440 jam
807 4369 1082 4439 prazlocuti
1113 4383 1322 4434 sumus,
1352 4369 1418 4424 ad
1447 4369 1577 4424 vitia
1608 4383 1704 4425 sua
1729 4370 1871 4425 testi-

283 4471 460 4520 maret
480 4463 679 4520 dictum
713 4463 1085 4534 unusquisque
1115 4462 1376 4518 fidelium.

751 4553 913 4626 481
957 4554 1151 4609 Divisio
1200 4554 1406 4625 psalmi.

1906 3221 1954 3286 C

1987 1981 2070 2026 est
2096 2015 2111 2039 ,
2163 1982 2219 2026 ut
2263 1970 2387 2027 illos
2416 1972 2564 2027 velit.
2592 1975 2834 2045 afﬂigere
2875 1976 2964 2046 qui
3006 1990 3066 2030 se
3116 1975 3202 2031 hic
3234 1983 3574 2045 peccatorum

1985 2077 2202 2117 suorum
2261 2064 2642 2122 recordatione
2691 2067 3045 2124 discruciant.
3097 2067 3232 2124 Nam
3277 2069 3399 2125 vide
3446 2067 3584 2140 quid

1986 2154 2254 2224 sequitur.
3389 2168 3406 2214 .'

2058 2245 2211 2301 Vers.
2239 2246 2296 2302 2.
2339 2246 2406 2302 Et
2434 2251 2720 2306 nonintres
2760 2252 2813 2306 in
2847 2253 3111 2324 judicium
3135 2271 3249 2309 cum
3272 2271 3413 2310 sert'o
3443 2262 3530 2310 tuo
3554 2293 3592 2320 ,,

1983 2337 2219 2403 quoniam
2261 2354 2360 2392 non
2380 2340 2752 2410 justi/icabitur
2783 2344 2836 2396 in
2863 2355 3133 2414 conspectu
3166 2354 3256 2398 tuo
3297 2345 3463 2399 omnis
3493 2346 3573 2398 vi-

1985 2441 2125 2480 vens.
2175 2428 2434 2496 Apertum
2472 2441 2556 2485 est
2583 2447 2686 2499 qua
2730 2432 3007 2489 voluntate
3053 2435 3312 2504 justitiam
3363 2433 3574 2490 Domini

1984 2518 2220 2587 petebat,
2249 2520 2339 2589 qui
2373 2537 2515 2576 nunc
2542 2522 2672 2577 dicit
2701 2542 2712 2574 :
2757 2523 2879 2579 Non
2899 2527 3067 2579 .intres
3095 2527 3157 2580 in
3171 2527 3429 2598 judicium
3456 2543 3576 2581 cum

1983 2627 2123 2666 servo
2145 2621 2255 2666 tuo.
2289 2613 2418 2668 Nam
2450 2615 2492 2670 si
2523 2616 2732 2686 justitia
2767 2617 3029 2688 judicium
3063 2618 3443 2691 signiﬁcasset,
3475 2624 3576 2677 hoc

1985 2712 2170 2774 petere
2204 2721 2310 2760 non
2339 2715 2544 2775 poterat
2581 2709 2725 2778 quod
2773 2711 3026 2780 pavebat.
3055 2711 3164 2766 Nec
3193 2721 3405 2767 moveat
3431 2712 3574 2780 quod

1982 2794 2157 2851 Judici
2186 2795 2386 2852 dicitur
2411 2815 2422 2851 :
2460 2797 2580 2852 Non
2610 2801 2770 2854 intres
2797 2802 2850 2855 in
2865 2803 3128 2872 judicium
3151 2819 3265 2856 cum
3289 2819 3432 2858 seruo
3461 2811 3576 2856 tuo.

1983 2886 2103 2957 lpse
2126 2890 2273 2944 enim
2301 2890 2436 2946 hanc
2464 2892 2690 2948 formam
2716 2893 3004 2949 locutionis
3028 2895 3284 2960 ostendit,
3307 2895 3574 2950 dicendo:

1981 2977 2226 3036 Judicate
2252 2982 2384 3037 inter
2411 2999 2488 3036 me
2518 2993 2565 3037 et
2599 2985 2794 3038 vineam
2823 3002 2989 3042 meam
3019 2985 3156 3058 (Isa.
3185 3003 3239 3052 ν,
3273 2986 3350 3058 5).
3385 2987 3578 3058 86ηυί-

1984 3080 2093 3137 tur,
2125 3073 2245 3142 quia
2273 3090 2373 3128 non
2405 3076 2779 3144 justiﬁcabitur
2809 3077 2862 3131 in
2884 3087 3157 3149 conspectu
3185 3088 3273 3132 tuo
3298 3080 3464 3134 omnis
3492 3080 3575 3133 vi-

1989 3178 2131 3220 sens.
2164 3165 2334 3220 Causa
2368 3167 2571 3221 reddita
2602 3179 2681 3222 est
2713 3183 2879 3237 quare
2924 3170 3159 3225 uoluerit
3203 3171 3269 3225 ad
3313 3169 3582 3241 judicium

1985 3257 2170 3312 venire
2199 3271 2320 3312 cum
2345 3259 2601 3325 Domino;
2629 3270 2687 3315 ut
2716 3277 2820 3316 non
2848 3263 2962 3317 sola
3006 3264 3287 3333 potestatis
3312 3279 3566 3320 reveren.

1985 3348 2079 3413 tia,
2113 3349 2208 3403 sed
2239 3351 2400 3405 etiam
2431 3352 2546 3421 ipsa
2575 3352 2823 3409 videatur
2847 3354 3068 3425 justitite
3099 3356 3279 3426 regula
3319 3355 3576 3412 formida-

1986 3448 2059 3494 ta.
2111 3437 2201 3495 Sic
2233 3441 2376 3495 enim
2429 3441 2690 3511 scriptum
2745 3453 2830 3499 est
2869 3461 2886 3500 :
2929 3443 3193 3499 Conclusit
3227 3445 3368 3500 Deus
3405 3449 3586 3501 omnia

1983 3531 2037 3582 in
2065 3530 2446 3598 incredulitate,
2478 3543 2534 3586 ut
2556 3533 2791 3587 onmibus
2823 3534 3122 3590 misereatur
3145 3537 3326 3605 (Rom.
3354 3554 3425 3604 xt,
3458 3538 3582 3609 52).

1983 3619 2091 3676 Sed
2123 3636 2245 3677 cum
2272 3623 2473 3679 dicitur
2498 3663 2514 3690 ,
2553 3626 2722 3679 omnis
2762 3627 2933 3680 vivens
2955 3667 2970 3692 ,
3010 3627 3281 3683 hominem
3311 3630 3577 3699 signiﬁcat

1982 3713 2291 3782 generalem
2316 3756 2333 3781 ,
2368 3714 2457 3769 ttbi
2500 3726 2554 3770 et
2599 3715 2864 3770 infantum
2916 3718 3024 3770 vita
3071 3718 3452 3785 concluditur,
3485 3720 3575 3790 qui

1984 3807 2232 3876 originali
2258 3816 2479 3878 peccato
2508 3809 2607 3863 nisi
2636 3824 2770 3878 aqua
2799 3811 3228 3879 regenerationis
3259 3811 3573 3878 abluantur,

1981 3899 2195 3955 obnoxii
2237 3910 2380 3954 sunt.
2414 3900 2565 3955 Unde
2595 3911 2649 3956 et
2677 3901 2778 3956 Job
2809 3904 3154 3959 veracissime
3197 3903 3326 3959 dicit
3358 3921 3370 3957 :
3408 3904 3575 3960 Nemo

1979 3992 2203 4046 mundus
2249 4002 2369 4047 ante
2394 4005 2441 4047 te
2465 4033 2478 4058 ,
2529 4009 2619 4047 nec
2650 3994 2826 4063 infans
2853 3999 3002 4067 cujus
3049 4005 3122 4050 est
3161 3996 3314 4050 unius
3334 3996 3438 4050 diei
3475 3999 3584 4052 vito»

1979 4098 2135 4154 super
2185 4091 2373 4139 terram
2415 4082 2550 4153 (Job
2592 4100 2701 4150 xv,
2767 4084 2890 4156 M).
2922 4085 2988 4140 Et
3026 4085 3079 4140 in
3131 4086 3588 4157 quinquagesima

1980 4175 2191 4246 psalmo
2217 4175 2328 4246 jam
2371 4174 2572 4232 dietum
2610 4185 2693 4232 est
2727 4192 2741 4229 :
2778 4175 2908 4232 Ecce
2947 4178 3083 4232 enim
3114 4179 3168 4233 in
3217 4180 3586 4249 iniquitatibus.

1979 4277 2252 4337 conceptus
2291 4285 2439 4335 sum,
2473 4278 2520 4323 et
2567 4271 2621 4323 in
2665 4268 2864 4324 delictis
2892 4272 3088 4341 peperit
3135 4288 3216 4328 me
3257 4283 3418 4329 mater
3459 4291 3586 4331 mea.

1979 4358 2155 4432 (Psal.
2190 4377 2242 4426 ι,
2275 4359 2363 4432 7).
2391 4359 2559 4430 Cujus
2588 4361 2730 4417 enim
2777 4369 2896 4416 erat
2937 4371 3081 4417 tanta
3110 4363 3343 4434 iustitia,
3373 4373 3432 4420 ut
3463 4379 3594 4421 non.

1977 4453 2160 4524 aliquo
2205 4461 2481 4523 tempore,
2508 4452 2687 4523 aliqua
2719 4463 2879 4509 mtate
2907 4456 3252 4522 peccaverit,
3274 4455 3366 4527 qui
3393 4468 3447 4513 et
3477 4473 3594 4526 per.

1980 4543 2259 4600 traducem
2309 4544 2489 4600 delicti
2540 4554 2786 4600 tenemur
2834 4546 3092 4613 obnoxii,
3143 4556 3207 4602 et-
3245 4548 3594 4616 quotidianis.

356 4646 616 4714 Quamvis
645 4607 913 4716 propinet;
941 4607 1292 4716 plurimorum
1340 4643 1718 4717 ptenitentium
1761 4658 1875 4702 me-
1903 4607 1956 4667 Β
2001 4635 2239 4705 lapsibus
2291 4636 2572 4699 θάάῖηιυεην
2609 4647 2669 4692 “lu
2713 4653 2986 4708 ηυηίιωηη
3037 4653 3134 4707 Per
3164 4653 3294 4702 ποετ
3333 4639 3436 4694 nm
3473 4655 3592 4710 Per

281 4738 550 4793 ditatione
579 4736 740 4792 fuerit
769 4737 1097 4792 exercitatus
1123 4777 1138 4802 ,
1170 4745 1348 4792 tamen
1379 4743 1636 4806 quantum
1683 4735 1872 4790 futuris

281 4829 530 4884 laudibus
572 4827 900 4883 reddebatur
951 4827 1206 4894 vicinus,
1259 4837 1406 4883 tanto
1455 4827 1872 4898 compunctione

282 4921 464 4977 cordis
490 4920 557 4976 ad
590 4920 926 4991 ptenitentias
952 4921 1165 4976 lavacra
1186 4923 1541 4987 convertitur,
1567 4932 1623 4976 ut
1647 4919 1872 4977 salutari

285 5014 522 5084 suffugio
551 5022 935 5085 competenter
961 5015 1177 5070 ablutus
1201 5057 1217 5081 ,
1249 5015 1626 5084 consocctibus
1658 5015 1870 5070 Domini

283 5107 673 5163 mundissimus
701 5115 1012 5176 appareret.
1052 5107 1260 5175 Merito,
1288 5123 1355 5162 ne
1377 5108 1522 5162 illam
1547 5107 1874 5164 sententiam

281 5201 621 5258 confusionis
668 5199 931 5257 audiret:
977 5199 1244 5256 Peccatori
1289 5211 1462 5256 autem
1505 5201 1638 5256 dixit
1683 5200 1822 5257 Deus
1852 5215 1877 5255 :

285 5293 460 5359 Quare
482 5304 536 5348 tu
557 5311 770 5350 enarras
781 5296 1015 5366 justitias
1036 5311 1173 5350 meas
1195 5293 1365 5364 (Psal.
1390 5309 1518 5360 va,
1543 5294 1672 5363 16)?
1692 5295 1874 5350 Prima

284 5384 468 5454 itaque
517 5385 900 5457 deprecatione
936 5396 1088 5458 rogat
1137 5385 1423 5441 Dominum
1451 5385 1723 5441 Christum
1746 5426 1762 5452 ,
1801 5399 1876 5442 ne

279 5488 402 5528 cum
434 5489 596 5531 servo
640 5491 739 5530 suo
781 5475 909 5531 velit
937 5475 1143 5532 intrare
1171 5477 1223 5531 in
1249 5475 1512 5546 judicium
1560 5491 1574 5530 :
1605 5475 1704 5532 sed
1735 5491 1871 5547 per-

281 5566 576 5622 turbationi
612 5583 724 5623 suae
767 5568 1196 5624 misericordiam
1238 5569 1406 5639 ipsius
1436 5567 1709 5638 supplicat
1734 5569 1874 5625 sub—

277 5658 488 5713 venire.
513 5657 783 5726 Secunda,
816 5661 1073 5718 velociter
1104 5663 1385 5732 pervenire
1412 5676 1472 5718 se
1504 5661 1636 5732 petit
1673 5662 1741 5717 ad
1769 5676 1868 5718 ve-

278 5749 461 5818 niant;
487 5761 544 5806 ut
565 5751 828 5810 deductus
853 5754 906 5810 in
933 5755 1072 5812 viam
1103 5755 1364 5824 veritatis,
1407 5755 1476 5814 ab
1514 5752 1886 5814 inimicorum-

276 5837 539 5899 liberetur
565 5841 795 5900 insidiis.

1975 4727 2212 4782 divinam
2243 4729 2472 4798 gratiam
2507 4728 2664 4783 liberi
2711 4743 2836 4784 esse
2876 4729 3187 4799 possimus?
3235 4730 3571 4800 Quapropter

1973 4817 2185 4873 desinat
2210 4818 2434 4872 haeresis
2463 4818 2752 4888 Pelagiana
2789 4809 3064 4889 desipere‘,
3095 4835 3214 4891 qua:
3245 4828 3354 4875 tam
3383 4821 3572 4876 multis

1975 4909 2272 4982 Scriptura:
2319 4911 2517 4968 divinae
2559 4912 2850 4970 sententiis
2895 4913 3205 4984 priusquam
3259 4913 3522 4984 inciperet
3553 4956 3596 4982 .-

1974 5012 2098 5059 ante
2126 5004 2380 5060 damnata
2412 5014 2516 5061 est.

2054 5095 2209 5150 Vers.
2228 5097 2284 5152 5.
2300 5097 2436 5162 Quia
2455 5108 2765 5168 persecutus
2775 5108 2856 5154 est
2871 5099 3110 5154 inimicus
3125 5101 3565 5173 animammeam;
3577 5135 3596 5144 π

1977 5189 2267 5246 humiliavit.
2298 5191 2354 5244 in
2397 5201 2532 5245 terra
2560 5194 2933 5249 vitammeam.
2972 5193 3230 5262 Quamvis
3268 5196 3453 5254 titulus
3497 5199 3576 5256 de

1976 5281 2274 5338 Abessalon
2296 5282 2476 5338 dicere
2507 5283 2772 5350 videatur,
2806 5293 2983 5340 tamen
3014 5286 3162 5342 bene
3181 5286 3434 5346 inimicus
3460 5290 3566 5347 im-

1974 5374 2335 5443 personaliter
2375 5375 2623 5444 ponitur,
2657 5383 2720 5430 ut
2744 5375 2848 5430 hoc
2878 5375 3199 5434 de-diaholo
3243 5380 3564 5441 sentiamus.

1975 5464 2297 5521 Humiliatur
2325 5476 2506 5522 autem
2535 5467 2590 5522 in
2618 5474 2784 5532 terra,
2817 5465 2971 5535 cujus
3003 5469 3313 5526 carnalibus
3341 5473 3564 5528 actioni-

1972 5555 2074 5612 bus
2098 5557 2203 5611 vita
2235 5556 2509 5628 polluitur,
2543 5571 2649 5612 non
2681 5556 2771 5612 illa
2801 5557 3106 5614 humilitate
3129 5561 3433 5632 probabili,
3465 5564 3568 5619 sed
3599 5609 3602 5612 ,

1972 5645 2332 5702 declinatione
2359 5646 2575 5701 vitiosa.
2624 5646 2778 5715 Quod
2824 5646 3018 5704 merito
3065 5659 3288 5720 propter
3312 5651 3563 5726 afﬂictio-

1973 5751 2098 5794 nem
2130 5737 2436 5807 specialiter
2483 5738 2897 5809 exprimendam
2946 5740 3212 5809 paenitens
3251 5742 3358 5809 ait,
3384 5742 3476 5812 qui
3506 5742 3600 5801 in.

1972 5827 2078 5885 alio
2109 5827 2316 5901 psalmo
2339 5827 2472 5886 dixit
2503 5847 2517 5886 :
2555 5830 2692 5898 Quia
2717 5826 2935 5886 cinerem
2965 5830 3094 5888 sicut
3119 5847 3305 5899 panem
3336 5830 3578 5891 mundun
