4078 6342
503 295 636 356 {OH

1699 301 1770 357 ll.
1801 293 2089 357 -Αωιειῐι
2127 291 2536 354 ῦιῖεὸῐυυοῆῐ

3621 295 3766 352 τοδε

500 420 704 486 tabam,
733 425 780 475 et
807 426 983 493 potum
1023 434 1190 475 meum
1221 435 1338 476 cum
1366 421 1488 486 ﬂetu
1514 420 1862 492 temperabam
1897 418 2071 491 (Psal.
2107 409 2160 474 λ
2183 430 2272 472 ero
2304 412 2724 469 descendentibus
2771 413 2824 466 in
2865 409 3062 466 lacum.
3104 409 3229 466 Post
3253 409 3532 466 exordium
3561 410 3762 467 decur-

501 527 596 579 ex,
621 511 736 583 l0).
1731 551 1734 556 -
1997 581 2006 587 .

579 603 736 660 Vera.
763 603 821 657 4.
847 600 1132 656 Collocavit
1152 616 1231 655 me
1252 601 1302 654 iu
1329 601 1557 654 obscuris
1580 604 1962 655 sicut'mortuos
1985 614 2094 658 302-.

505 693 646 758 culi;
675 701 720 748 el
757 693 995 746 anxiatus
1024 701 1096 746 est
1125 693 1177 745 iu
1214 707 1294 745 me
1327 692 1535 763 spiritus
1559 709 1720 758 meus,
1755 692 1807 744 iu
1848 707 1927 744 me
1965 699 2079 745 tur—

503 787 676 839 batum
705 792 779 838 est
807 800 892 838 cor
923 801 1111 839 meum.
1155 783 1352 838 Memor
1382 783 1458 854 fui
1505 784 1702 836 dierum
1730 783 2080 852 antiquarum.

503 873 784 929 Collocavit
813 875 1089 944 deputavit
1119 875 1416 946 signiﬁcat,
1448 889 1600 928 more
1647 867 1930 927 furentium
1978 871 2082 926 ini-

505 965 766 1018 micorum
795 1006 808 1031 ,
854 965 946 1033 qui
985 965 1064 1020 sic
1094 965 1366 1019 hominem
1416 973 1766 1019 contemnunt
1795 963 2040 1018 odiosum
2067 1003 2082 1029 ,

505 1056 666 1126 (prasi-
685 1055 793 1119 jam
817 1054 1054 1124 judicent
1080 1066 1132 1111 et
1153 1055 1443 1124 sepultum.
1471 1054 1498 1108 l
1509 1073 1539 1108 η
1565 1055 1791 1108 obscuris
1821 1053 1961 1108 enim
1997 1069 2084 1107 re-

504 1163 630 1208 vera
660 1149 940 1202 collocatus
966 1157 1066 1211 est,
1098 1148 1187 1217 qui
1216 1156 1336 1218 post
1376 1148 1526 1219 regni
1557 1148 1792 1202 culmina
1823 1161 2082 1216 persecu-

507 1237 672 1292 tionis
706 1238 1006 1308 patiebatur
1053 1236 1332 1308 injuriam.
1365 1237 1430 1292 Et
1464 1238 1596 1292 sicut
1643 1247 1877 1290 mortuus
1907 1234 2087 1290 surculi

509 1329 725 1384 habitus
749 1338 850 1397 est,
883 1328 936 1384 in
964 1344 1069 1400 quo
1100 1345 1203 1385 nec
1234 1331 1588 1400 prephetalis,
1617 1346 1715 1385 nec
1753 1331 1900 1400 regni
1933 1347 2089 1387 reve-

503 1421 696 1487 rentia,
727 1435 824 1475 nec
853 1419 968 1490 ipse
998 1436 1211 1490 quoque
1239 1430 1497 1491 paternus
1525 1421 1971 1477 considerahatur
2003 1423 2083 1476 al"-

504 1509 697 1566 fectus.
721 1509 912 1565 Mortui
944 1511 1088 1566 enim
1110 1510 1295 1564 saeculi
1327 1519 1472 1575 sunt,
1507 1512 1595 1580 qui
1627 1511 1679 1565 in
1709 1512 1943 1580 peccatis
1971 1512 2085 1568 suis

507 1599 770 1657 defecisse
821 1610 1136 1656 noscuntur.
1171 1599 1238 1655 Et
1270 1601 1393 1656 ideo
1422 1602 1503 1656 vir
1542 1611 1616 1656 tot
1649 1602 1912 1658 bonorum
1938 1601 2088 1673 justo

507 1707 568 1749 se
599 1693 765 1749 deﬁet
793 1695 871 1748 sic
915 1693 1078 1748 fuisse
1125 1691 1467 1760 despectum,
1510 1702 1569 1746 ut
1599 1693 1911 1748 crederetur
1963 1693 2088 1748 nul-

2181 524 2321 573 sum,
2355 509 2496 563 venit
2538 506 2606 572 ad
2653 505 3101 560 luctuosiSsimam
3139 494 3500 559 narratiunem
3524 549 3539 573 ,
3569 517 3784 574 petens,

2182 603 2284 658 sibi
2335 601 2507 656 imbre
2555 597 2942 654 misericordia:
2989 596 3272 651 celerrime
3330 596 3646 660 subveniri,
3694 611 3769 653 ne

2183 671 2450 764 spretus's
2477 691 2702 746 Domino
2732 689 3066 758 redigeretur
3095 689 3148 742 in
3177 688 3453 754 pulverem
3471 729 3488 754 ,
3519 698 3570 744 et
3601 699 3774 744 vento

2185 784 2450 854 superbia:
2470 783 2782 850 dissipatus,
2807 795 2835 833 a
2865 788 3009 835 terra
3039 778 3420 847 promissionis
3442 779 3768 835 redderetur

2184 875 2414 929 alienus.
2447 873 2516 928 Et
2538 883 2596 928 ttt
2621 872 2857 926 velocius
2881 871 3143 941 potuisset
3174 869 3372 934 adiri,
3403 871 3649 941 defecisse
3681 872 3772 926 di-

2186 965 2258 1020 cit
2289 968 2344 1021 in
2364 981 2424 1020 se
2447 966 2685 1031 spiritum
2711 978 2888 1018 suum.
2921 961 3074 1031 Quod
3111 976 3206 1031 per
3242 961 3432 1016 nimias
3464 961 3770 1016 tribulatio-

2185 1073 2286 1113 nes
2309 1057 2446 1112 solet
2485 1057 2803 1126 contingere
2835 1055 2916 1110 bis
2941 1054 3032 1125 qui
3076 1054 3384 1124 passionum
3426 1053 3770 1110 diversarum

2189 1149 2429 1219 pondere
2452 1155 2873 1218 przegravantur,
2904 1147 3044 1202 sicut
3066 1154 3122 1202 et
3149 1145 3203 1200 in
3239 1145 3515 1215 trigesimo
3535 1147 3777 1214 septimo

2189 1243 2396 1312 psalmo
2426 1239 2566 1296 idem
2595 1240 2858 1309 paenitens
2879 1238 3008 1294 dicit
3041 1255 3051 1291 :
3079 1237 3182 1294 Cor
3211 1253 3380 1292 meum
3407 1237 3776 1291 conturbatum

2190 1341 2266 1386 est
2285 1333 2336 1384 in
2364 1347 2466 1397 me,
2495 1341 2542 1385 et
2572 1330 2794 1385 deseruit
2822 1346 2899 1382 me
2926 1330 3176 1400 fortitudo
3201 1341 3322 1383 mea
3349 1327 3514 1399 (Psal.
3552 1345 3768 1392 xxxv",

2193 1422 2305 1491 11).
2333 1422 2605 1492 Sequitur,
2637 1421 2718 1476 Ne
2747 1431 2945 1476 avertas
2974 1421 3157 1492 faciem
3186 1432 3328 1475 tuam
3353 1437 3385 1474 a
3412 1439 3520 1488 me;
3543 1431 3592 1476 et
3620 1423 3743 1476 siuti

2193 1515 2256 1569 lis
2285 1531 2370 1570 ero
2393 1514 2808 1568 descendentibus
2839 1515 2891 1567 in
2918 1514 3111 1569 lacum.
3160 1515 3446 1568 Averterat
3487 1512 3637 1582 prius
3684 1514 3737 1566 la
3813 1574 3818 1581 ,

2193 1606 2330 1662 ciem
2361 1619 2510 1660 suam
2543 1606 2684 1659 Deus
2733 1614 2950 1674 propter
2996 1603 3337 1658 insolentiam
3371 1610 3727 1674 peccatorum
3755 1643 3771 1668 ,

2194 1697 2288 1752 sed
2317 1711 2459 1751 nunc
2485 1697 2620 1766 petit
2644 1705 2702 1750 ut
2728 1695 2796 1750 ad
2840 1695 3013 1764 ipsum
3044 1693 3338 1764 respiciat,
3376 1694 3504 1765 quia
3533 1709 3596 1750 se
3623 1709 3780 1748 com-

506 1785 722 1840 latenus
749 1783 1118 1840 vindicandus.
1154 1783 1427 1868 Sequitur,
1464 1781 1530 1836 Et
1558 1784 1796 1839 attziatus
1823 1793 1895 1838 est
1926 1785 1979 1836 in
2007 1799 2086 1836 me
2119 1781 2168 1840 B
2195 1787 2406 1859 punctis
2454 1786 2936 1856 supplicationibus
2983 1785 3298 1841 inclinabat.
3329 1784 3595 1842 Convenit
3634 1785 3782 1840 enim

509 1875 721 1946 spiritus
747 1892 888 1931 meus
907 1917 926 1943 ,
958 1875 1013 1930 in
1041 1891 1120 1930 me
1146 1875 1405 1929 turbatum
1445 1885 1517 1930 est
1545 1891 1632 1930 cor
1658 1875 2086 1930 meum.’Anzius

512 1968 726 2037 spiritus
754 1967 1080 2023 vicinitatem
1127 1966 1351 2036 periculi
1395 1967 1606 2038 prodit;
1649 1968 1910 2022 turbatum
1953 1984 2042 2021 cor
2068 2012 2083 2038 ,

517 2057 808 2112 humanam
853 2057 1170 2129 sapientiam
1221 2067 1448 2113 testatur
1497 2072 1618 2113 esse
1667 2059 1978 2124 confusam;
2031 2065 2088 2113 ut

514 2166 666 2218 spem
697 2165 850 2206 suam
877 2152 1108 2222 amplius
1153 2151 1206 2206 in
1235 2151 1462 2214 Domino
1492 2160 1814 2222 reponeret,
1858 2166 1980 2206 cum
2011 2153 2092 2206 vi-

511 2240 650 2296 rium
702 2237 918 2296 suarum
965 2240 1348 2297 conﬁdentiam
1397 2256 1506 2297 non
1548 2241 1792 2297 haberet.
1821 2238 2087 2310 Addidit,

511 2330 712 2385 Memor
741 2331 818 2403 fui
843 2332 1043 2386 dierum
1072 2333 1418 2403 antiquorum.
1452 2332 1606 2390 Juste
1641 2346 1735 2386 cor
1772 2331 1888 2401 ejus
1917 2331 2094 2387 fuerat

511 2423 784 2475 turbatum
803 2461 820 2487 ,
849 2419 1106 2491 quoniam
1134 2436 1340 2488 memor
1369 2431 1485 2478 erat
1512 2421 1811 2494 ingentium
1843 2433 2092 2493 peccato-

512 2527 653 2565 rum.
696 2510 803 2582 lpsi
832 2521 963 2568 sunt
991 2513 1135 2568 enim
1163 2513 1369 2582 antiqui
1398 2513 1516 2568 dies
1539 2553 1554 2578 ,
1587 2512 1784 2567 veteris
1821 2513 1964 2567 illius
1997 2513 2093 2566 ho-

515 2604 678 2660 minis
709 2603 1022 2672 antiquitate
1049 2604 1261 2660 fuscati.
1294 2603 1425 2658 Nam
1454 2603 1587 2659 sicut
1618 2603 1704 2658 hic
1734 2604 1942 2658 novitas
1970 2619 2094 2672 pro-

516 2693 600 2748 dit
647 2695 1010 2751 innocentiam
1062 2695 1220 2765 vitae,
1263 2694 1344 2752 sic
1383 2694 1675 2766 antiquitas
1703 2695 1905 2752 scelera
1955 2695 2091 2750 facta

515 2793 761 2840 te-tatur.

591 2877 743 2932 Vers.
783 2877 838 2934 5.
886 2877 955 2933 Et
995 2878 1268 2933 meditatus
1314 2893 1429 2932 sum
1477 2878 1530 2932 in
1577 2878 1808 2932 omnibus
1861 2875 2094 2940 operibus

520 2968 644 3034 tuis,
672 2978 718 3022 et
741 2969 794 3022 in
808 2968 960 3040 factis
980 2986 1223 3024 manuum
1245 2977 1450 3024 tuarum
1478 2969 1781 3024 meditabar.
1811 2967 1887 3022 Ad
1911 2981 2094 3022 curam

517 3059 678 3113 rediit
717 3061 970 3116 salutaris
995 3063 1194 3132 agnitio
1214 3103 1230 3128 ,
1261 3071 1526 3135 quatenus
1569 3077 1690 3116 cum
1722 3061 1899 3116 divina
1931 3075 2092 3130 opera

517 3151 815 3219 recoleret,
849 3168 1209 3210 aerumnarum
1247 3168 1469 3210 suarum
1500 3153 1814 3208 memoriam
1851 3166 1956 3207 non
1998 3152 2093 3206 ha..-
2118 3161 2168 3228 α

514 3245 686 3300 berct.
712 3244 887 3314 Opera
923 3247 1066 3300 enim
1101 3245 1314 3300 Domini
1343 3243 1498 3310 dicit,
1529 3245 1722 3314 quibus
1761 3243 1953 3299 coelum
1985 3251 2092 3299 ter-

511 3353 738 3407 ramque
765 3339 998 3394 mirabili
1019 3339 1378 3408 dispositione
1430 3336 1705 3402 fundavit,
1751 3336 1943 3407 quibus
1971 3351 2090 3392 cum

513 3427 846 3496 patriarchis
875 3429 1014 3482 bona
1061 3429 1188 3484 fecit
1215 3474 1229 3499 ,
1273 3428 1470 3499 quibus
1510 3427 1766 3498 populum
1810 3442 1907 3497 per
1945 3441 2094 3485 mare

515 3518 794 3574 transtulit
836 3518 1219 3586 Hebrworum;
1252 3535 1373 3590 qua:
1401 3535 1462 3577 se
1485 3518 1615 3575 dicit
1655 3519 1962 3588 frequenter
1989 3521 2092 3575 ite-

520 3625 698 3675 rassc,
727 3619 784 3666 ιιι
805 3611 1211 3667 amaritudinem
1236 3611 1418 3666 mundi
1440 3613 1673 3667 suavitas
1684 3611 1996 3667 excluderet
2015 3611 2094 3666 le-

514 3703 728 3758 ctionis.
763 3703 916 3771 Quod
945 3704 1245 3774 exemplum
1293 3718 1390 3773 pro
1436 3703 1672 3759 maximo
1715 3704 1956 3759 remedio
1998 3718 2116 3773 pot

515 3794 677 3849 situm
709 3793 967 3848 debemus
995 3795 1260 3864 accipere,
1293 3801 1350 3850 ut
1375 3807 1475 3850 nos
1503 3809 1716 3866 quoque
1745 3793 1932 3850 similis
1965 3808 2092 3866 pos-

514 3885 586 3939 sit
620 3885 880 3941 medicina
910 3887 1138 3941 salvere.

421 3964 441 4010 ’ἱ
589 3977 739 4031 \‘ers.
770 3975 820 4031 6.
873 3975 1116 4045 Expandi
1163 3995 1344 4033 manus
1389 3993 1530 4032 meas
1557 3979 1626 4030 ad
1655 3987 1738 4045 te;
1767 3977 1940 4032 anima
1981 3993 2120 4032 mea‘

513 4068 645 4121 sicut
675 4076 812 4121 terra
850 4069 961 4124 sine
985 4085 1118 4140 aqua
1144 4071 1255 4125 tibi.
1300 4070 1450 4126 Licet
1479 4071 1779 4126 innumeris
1810 4071 1938 4126 locis
1969 4085 2093 4141 pro-

512 4161 818 4229 phetavcrit
854 4161 1065 4216 Domini
1113 4162 1407 4218 Salvatoris
1453 4163 1738 4219 adventum
1764 4206 1778 4229 ,
1811 4163 1900 4220 hic
1932 4149 2118 4219 etiam.

512 4251 834 4306 extensione
884 4265 1136 4306 manuum
1181 4263 1382 4308 sancta:
1420 4256 1595 4310 crucis
1639 4255 1944 4326 designavit
1971 4257 2090 4311 elli-

509 4339 673 4406 giem.
707 4339 840 4395 Nam
863 4341 952 4411 qui
975 4344 1227 4412 expansis
1256 4345 1500 4400 manibus
1530 4355 1672 4411 orat,
1699 4345 1846 4401 illam
1873 4362 2088 4402 crucem

506 4429 891 4501 Redemptoris
937 4431 1180 4489 imitatur
1202 4476 1218 4501 ,
1253 4449 1373 4505 qua:
1417 4436 1542 4492 licet
1570 4451 1602 4492 a
1641 4439 1860 4506 perﬁdis
1891 4438 2089 4494 Judaeis

2195 1880 2576 1936 misericordiae
2603 1881 2770 1948 ipsius
2799 1888 2860 1933 ut
2889 1879 3117 1934 humiles
3161 1879 3437 1948 respiciat,
3463 1879 3554 1950 qui
3584 1895 3780 1949 super-

2195 1967 2385 2024 borum
2416 1968 2584 2024 corda
2613 1967 2934 2024 contemnit.
2971 1968 3170 2024 Lacum
3199 1983 3334 2025 vero
3363 1968 3670 2026 inferiorem
3702 1969 3780 2024 loc

2195 2076 2315 2117 eum
2346 2061 2647 2132 intelligere
2690 2060 2949 2118 debemus
2999 2061 3230 2130 inferni,
3273 2062 3364 2118 ubi
3397 2062 3536 2132 impii
3569 2073 3777 2117 :eterna

2197 2167 2352 2223 poena
2381 2152 2655 2222 mergendi
2683 2160 2828 2208 sunt.
2858 2151 2960 2208 His
3000 2166 3128 2223 ergo
3169 2167 3328 2222 pares
3359 2161 3484 2206 sunt
3509 2152 3596 2222 qui
3629 2151 3775 2206 divi—

2199 2261 2320 2300 nam
2348 2244 2640 2314 potentiam
2675 2251 3014 2313 respuerunt,
3051 2252 3105 2298 et
3131 2243 3390 2297 vitiantes
3417 2243 3562 2297 illam
3595 2243 3804 2320 imagi-_

2199 2352 2318 2392 nem
2349 2338 2400 2390 in
2433 2351 2534 2406 qua
2563 2337 2730 2391 creati
2760 2343 2887 2390 sunt
2914 2376 2930 2402 ,
2965 2335 3136 2389 forma
3164 2334 3445 2390 diabolica!
3485 2333 3785 2388 damnatio.

2199 2431 2281 2483 nis
2311 2427 2483 2483 induti
2513 2437 2657 2484 sunt.
2685 2429 2828 2482 Bene
2858 2437 3040 2482 autem
3066 2427 3274 2484 dictum
3293 2434 3398 2491 est,
3432 2426 3774 2482 descendewi-

2199 2521 2312 2586 bus,
2339 2521 2591 2590 quoniam
2617 2521 2684 2574 ad
2708 2519 2815 2575 ima
2845 2527 3157 2590 merguntur
3175 2520 3264 2590 qui
3290 2519 3414 2574 illuc
3438 2519 3642 2575 intrare
3673 2534 3772 2574 me

2197 2614 2476 2668 rebuntur.
2520 2613 2664 2668 Petit
2709 2627 2839 2683 ergo
2886 2626 2954 2668 ne
3002 2611 3248 2682 superbis
3282 2611 3477 2668 similis
3522 2612 3649 2677 ﬁat,
3694 2611 3787 2681 qui

2198 2713 2416 2775 peccata
2449 2719 2543 2760 sua
2570 2703 2764 2758 humili
2787 2701 3162 2760 satisfactione
3190 2701 3457 2772 deplorat.

2269 2841 2424 2896 Vers.
2471 2841 2525 2897 8.
2578 2840 2824 2896 Auditum
2873 2841 2958 2909 fac
3002 2839 3130 2893 mihi
3185 2854 3333 2892 mane
3378 2837 3790 2892 miscricordiam

2199 2944 2362 2997 luant,
2393 2935 2513 3003 quia
2542 2934 2593 2987 in
2623 2945 2668 2988 te
2697 2934 2916 3003 speravi.
2950 2933 3192 2986 Auditum
3223 2931 3655 2998 misericordiam,
3679 2930 3766 2984 cie

2199 3028 2452 3083 mentiam
2505 3026 2634 3080 dicit
2687 3025 2899 3080 Domini
2929 3034 3041 3080 toto
3081 3023 3213 3080 orbe
3258 3023 3594 3077 notissimam
3626 3062 3641 3086 ,
3683 3036 3786 3090 qua

2198 3117 2622 3188 supplicantibus
2649 3124 2885 3186 praestat,
2919 3115 3160 3186 indulget
3206 3113 3450 3176 aiﬁictis;
3485 3121 3540 3166 et
3580 3121 3640 3166 ut
3671 3111 3802 3179 ipse

2197 3210 2378 3264 audiat
2408 3207 2552 3280 quod
2596 3209 2650 3263 in
2681 3207 2970 3278 Evangelia
2999 3207 3200 3262 dictum
3228 3215 3310 3260 est
3358 3223 3372 3261 :
3405 3203 3536 3271 Fili,
3571 3203 3784 3256 dimisso

2195 3311 2312 3357 sunt
2353 3301 2442 3356 tibi
2479 3310 2685 3373 peccata
2712 3299 2907 3370 (Marc.
2934 3314 2998 3365 tt,
3029 3299 3109 3368 5).
3163 3297 3319 3353 Hane
3363 3307 3579 3368 tempus
3605 3296 3780 3352 venite
3815 3341 3821 3346 .

2196 3393 2473 3462 designat;
2499 3401 2626 3446 tunc
2655 3392 2800 3446 enim
2829 3392 2996 3447 menti
3024 3391 3300 3457 elucescit,
3326 3391 3542 3460 quando
3569 3389 3638 3445 ad
3666 3405 3784 3444 eam

2195 3481 2336 3538 {elici
2377 3489 2528 3538 sorte
2579 3480 2904 3550 pervenerit.
2937 3479 3070 3536 Nam
3109 3490 3229 3550 post
3270 3491 3484 3537 noctem
3531 3489 3772 3551 peccato

2195 3591 2313 3631 rum
2338 3617 2354 3642 ,
2385 3575 2580 3631 merito
2626 3591 2778 3630 mane
2825 3573 3056 3640 dicitur,
3086 3574 3300 3644 quando
3336 3574 3494 3641 culpa
3549 3573 3778 3628 laxatur.

2196 3666 2319 3722 Sive
2342 3666 2409 3721 ad
2439 3666 2885 3722 resurrectionem
2911 3666 3140 3734 pertinet
3165 3663 3485 3718 audiendam
3508 3703 3525 3729 ,
3556 3662 3778 3730 quando
3811 3723 3816 3728 ,

2193 3759 2418 3830 angelus
2465 3758 2648 3814 Mariae
2692 3757 2873 3813 dixit:
2904 3754 3016 3823 Ite,
3048 3757 3200 3810 dicite
3248 3754 3519 3826 discipulis
3566 3755 3682 3823 ejus
3729 3761 3780 3807 et

2194 3847 2352 3903 Petro
2395 3864 2416 3904 :
2445 3848 2688 3920 quoniam
2713 3887 2730 3912 ,
2775 3853 2904 3901 sicut
2953 3847 3086 3902 dixit
3109 3887 3125 3912 ,
3173 3844 3438 3900 resurrexit
3483 3859 3516 3895 a
3555 3841 3772 3894 mortuis

2195 3938 2388 4011 (Idem,
2421 3955 2532 4006 xvt,
2567 3939 2646 4008 7).
2680 3936 2850 3994 Causa
2883 3951 3098 4008 quoque
3133 3935 3371 4006 sequitur
3413 3948 3530 4004 qua
3573 3931 3778 3987 debeat

2193 4032 2453 4100 obtinere,
2485 4031 2697 4103 quando
2725 4044 2852 4106 spes
2880 4031 2931 4085 in
2974 4031 3122 4084 illum
3153 4028 3250 4082 fuit
3277 4067 3294 4092 ,
3321 4025 3409 4094 qui
3434 4026 3608 4080 nescit
3637 4038 3770 4092 pro-

2193 4126 2442 4182 babiliter
2471 4128 2524 4180 in
2554 4139 2615 4180 se
2652 4123 2902 4194 decipere
2929 4121 3284 4178 conﬁdentes.
3315 4119 3382 4173 Et
3411 4119 3622 4172 intuere
3650 4116 3774 4186 quia

2193 4227 2247 4273 et
2275 4217 2405 4271 alias
2425 4215 2713 4285 petitiones
2735 4230 2860 4270 suas
2888 4214 2941 4270 in
2970 4200 3429 4282 consequentibus
3455 4209 3549 4265 tali
3575 4209 3783 4264 ratione

2192 4307 2494 4364 conﬁrmat.
2524 4305 2654 4373 Qua:
2681 4305 2849 4377 ﬁgura
2876 4304 3074 4361 dicitur
3095 4301 3384 4372 aetiologia,
3413 4299 3468 4356 id
3495 4308 3584 4355 est
3602 4311 3780 4354 causa:

2194 4396 2443 4454 redditio.

504 4537 608 4592 pro
635 4538 793 4592 poena
824 4524 948 4580 data
977 4535 1091 4591 est,
1122 4542 1374 4584 concessa
1405 4539 1582 4584 tamen
1624 4537 1706 4584 est
1745 4529 2084 4586 credentibus
2111 4537 2168 4598 Ι)
2262 4537 2413 4592 Vers.
2441 4538 2495 4593 9.
2523 4537 2716 4591 Notam
2746 4538 2830 4606 {ac
2853 4534 2978 4589 mihi
2997 4534 3130 4588 viam
3150 4534 3207 4586 in
3225 4549 3324 4602 qua
3339 4531 3618 4595 ambulem,
3652 4529 3775 4598 quia

505 4614 573 4668 ad
607 4613 856 4670 salutem.
906 4615 998 4672 Sic
1024 4627 1075 4672 et
1106 4618 1314 4690 Moyses
1336 4658 1351 4683 ,
1388 4619 1598 4689 quando
1627 4635 1748 4674 cum
1777 4619 2090 4678 Amalecitis

503 4705 799 4775 pugnabat,
821 4705 1006 4762 etfacit
1036 4724 1049 4760 :
1073 4708 1324 4764 vincebat
1349 4724 1468 4764 cum
1509 4724 1698 4765 manus
1726 4710 2088 4780 expenderet,

504 4796 768 4864 perdebat
794 4798 839 4854 si
871 4799 1084 4854 brachia
1127 4801 1420 4856 remisisset
1459 4799 1655 4872 (Exod.
1693 4817 1819 4870 xtx,
1849 4803 1961 4874 11).
1991 4802 2090 4859 Se-

505 4889 690 4958 quitur
733 4895 1098 4962 comparatio,
1144 4895 1197 4948 in
1235 4909 1339 4963 qua
1380 4893 1508 4951 dicit
1549 4898 1627 4952 sic
1659 4899 1889 4953 animam
1936 4913 2086 4954 suam

511 4979 823 5040 desiderare
861 4983 1029 5040 Deum
1050 5026 1065 5050 ,
1099 4988 1544 5054 quemadmodum
1587 4990 1723 5045 solet
1759 4993 1901 5047 sicca
1945 5001 2085 5047 terra

506 5073 754 5142 copiosas
784 5075 990 5144 pluvias
1015 5079 1301 5134 sustinere.
1325 5078 1455 5135 Tale
1485 5090 1571 5136 est
1597 5089 1652 5137 et
1693 5081 1824 5138 illud
1853 5083 2086 5152 quadra-

503 5165 693 5236 gesimi
723 5165 888 5239 482
917 5171 1074 5239 primi
1113 5171 1305 5239 psalmi
1331 5171 1538 5228 initium
1579 5190 1592 5226 :
1630 5173 1775 5230 Sicut
1799 5189 1974 5230 cervus
1996 5175 2086 5230 de-

502 5253 696 5308 siderat
737 5256 804 5309 ad
843 5259 1010 5326 fontes
1051 5275 1299 5328 aquarum
1323 5303 1338 5326 ,
1383 5262 1458 5316 ita
1485 5261 1742 5317 desiderat
1769 5264 1946 5319 anima
1975 5281 2088 5319 mea

501 5342 575 5398 ad
617 5352 684 5412 te,
720 5344 858 5400 Deus
881 5345 1055 5418 (Paul.
1090 5365 1199 5416 xu,
1228 5349 1306 5420 2).
1339 5350 1552 5408 Intuere
1589 5353 1733 5423 quod
1761 5353 1916 5420 dixit,
1949 5355 2079 5423 tibi,

500 5447 611 5488 non
643 5434 830 5506 alteri,
859 5452 927 5494 ne
957 5437 1099 5494 istud
1143 5439 1470 5497 desiderium
1518 5442 1675 5498 malis
1717 5444 2077 5502 voluntatibus
2120 5515 2126 5520 ι

499 5525 823 5598 applicares.

569 5619 724 5678 Vera.
758 5622 812 5677 7.
848 5622 1102 5678 Velociter
1127 5625 1311 5678 exaudi
1343 5643 1442 5691 me,
1475 5627 1688 5681 Domine
1713 5644 1732 5680 :
1760 5627 1944 5698 defecit
1968 5629 2078 5700 spi-

495 5711 630 5771 ritus
665 5729 835 5772 meus.
868 5714 955 5775 Ne
991 5724 1189 5771 avertas
1222 5717 1401 5786 [aciem
1441 5727 1580 5774 tuam
1609 5737 1639 5776 a
1670 5737 1782 5790 me;
1813 5731 1861 5777 et
1890 5724 2075 5779 similis

2194 4629 2264 4684 ad
2285 4641 2350 4695 te,
2376 4629 2613 4692 Domine,
2643 4629 2799 4684 levavi
2819 4629 3043 4682 animam
3069 4643 3253 4681 meam.
3281 4625 3413 4680 Cum
3444 4638 3474 4676 a
3506 4623 3618 4679 Deo
3645 4621 3780 4691 petit

2193 4733 2366 4776 notam
2395 4722 2495 4777 sibi
2525 4721 2636 4790 ﬁeri
2675 4722 2798 4776 vita:
2824 4721 2976 4786 aiam,
3005 4718 3240 4775 ostendit
3263 4718 3518 4788 quoniam
3549 4716 3664 4769 haec
3688 4714 3776 4768 via

2192 4813 2499 4869 hominibtts
2522 4813 2748 4868 habetur
2768 4812 3057 4881 incognita.
3081 4808 3229 4864 Illius
3251 4809 3395 4865 enim
3417 4808 3639 4863 lucerna
3668 4807 3771 4860 hoc

2193 4906 2294 4961 iter
2320 4905 2588 4973 ostendit,
2617 4905 2758 4960 illius
2799 4903 2978 4960 lumen
3033 4904 3252 4959 semitas
3303 4902 3436 4956 istas
3477 4899 3652 4970 aperit
3688 4897 3780 4967 qui

2189 4997 2450 5052 illuminat
2479 5011 2675 5051 omnem
2696 4995 2952 5049 hominem
2977 4994 3255 5048 venientem
3280 4993 3336 5046 ia
3355 4989 3492 5044 hunc
3522 4992 3780 5043 mundum

2190 5085 2366 5156 (Joan.
2397 5103 2438 5151 t,
2463 5086 2556 5158 9);
2585 5085 2723 5141 sicut
2749 5095 2802 5140 et
2831 5085 2884 5139 in
2915 5083 3192 5154 trigesimo
3216 5082 3392 5153 primo
3417 5081 3631 5151 psalmo
3655 5079 3772 5150 jam

2188 5176 2391 5232 dictum
2436 5185 2519 5232 est
2545 5177 2821 5245 pmnileuti
2855 5193 2870 5230 :
2901 5174 3226 5230 Intellectum
3271 5174 3362 5227 tibi
3393 5173 3528 5227 dabo
3548 5215 3563 5238 ,
3606 5183 3658 5226 et
3691 5179 3782 5225 ite-

2189 5278 2380 5323 struam
2425 5279 2472 5321 te
2509 5268 2564 5321 in
2602 5269 2682 5320 via
2714 5267 2811 5320 hac
2850 5283 2955 5338 qua
2981 5267 3232 5338 gradieris
3262 5263 3449 5338 (Paul.
3491 5279 3656 5329 xxxt,
3683 5264 3775 5334 8).

2192 5358 2522 5427 Quapmpter
2567 5358 2759 5413 merito
2807 5367 2957 5428 rogat
3007 5357 3264 5427 propheta
3306 5365 3368 5411 ut
3409 5357 3461 5412 ei
3513 5356 3778 5410 Dominus

2192 5451 2332 5504 viam
2361 5449 2553 5504 salutis
2582 5448 2828 5504 ostendat
2847 5491 2861 5510 .
2898 5456 2954 5504 et
2981 5449 3059 5503 sic
3085 5461 3302 5518 semper
3331 5455 3512 5502 notam
3551 5448 3774 5513 habeat,

2189 5554 2256 5595 ne
2289 5539 2360 5594 de
2390 5540 2508 5608 ejus
2553 5539 2715 5594 corde
2762 5539 3052 5609 aliquando
3099 5539 3364 5596 discedat.
3418 5539 3782 5608 Subjungitnr

2187 5643 2399 5703 quoque
2425 5631 2687 5687 solemnis
2714 5631 2803 5687 illa
2843 5632 3114 5689 confessio
3147 5649 3162 5686 :
3207 5631 3460 5702 quoniam
3507 5631 3642 5686 illud
3673 5644 3784 5683 nos

2187 5722 2450 5796 postulata
2481 5724 2677 5782 mereri
2719 5724 2861 5794 facit,
2891 5725 2940 5783 si
2966 5725 3201 5782 animam
3239 5733 3480 5782 nostram
3509 5739 3618 5779 non
3650 5737 3778 5779 car-
