4114 6362
337 317 476 370 10ιῦ

1232 280 1584 398 exposmo
1620 316 1684 372 IN
1723 314 2180 372 rsaurnmuu.
2221 315 2408 372 PSAL.
2449 316 2645 373 CXLII.
2681 343 2684 346 η

3400 342 3401 345 η
3440 317 3580 374 tots
3614 312 3629 343 "

334 429 441 485 nali
459 429 763 500 gravamine
786 431 1100 488 inclinemus
1124 432 1188 487 ad
1214 434 1489 499 mundum,
1514 432 1611 489 sed
1632 430 1902 503 spirituali
1933 434 1982 489 A
2011 433 2157 488 tione
2185 441 2431 502 tanquam
2453 434 2521 488 de
2547 434 2852 488 carceribus
2881 432 3073 487 anima:
3109 444 3327 498 sanctae,
3359 439 3572 506 quando

328 522 605 593 juvamine
633 523 868 579 levemus
889 539 1102 594 seraper
1132 524 1196 578 ad
1227 525 1534 580 Dominum.

405 611 561 666 Vers.
595 612 681 667 10.
713 611 871 682 Eripe
898 630 976 667 me
1013 617 1075 668 de
1122 615 1335 668 inimicis
1367 617 1512 678 meis,
1544 612 1802 677 Domine;
1833 612 1904 665 ad

327 710 375 756 te
406 702 636 771 confugi.
671 702 783 757 Hoc
808 704 1049 772 quamvis
1081 706 1340 772 propheta
1385 703 1674 758 secundum
1700 716 1897 771 propo-

334 795 496 850 situm
525 794 733 850 titulum
757 795 825 852 de
840 797 1083 851 inimicis
1103 797 1406 851 carnalibus
1426 796 1613 850 dicere
1634 795 1901 857 videatur,

335 894 514 939 tamen
539 885 605 939 ad
628 886 897 941 daemones
919 887 1163 941 inimicos
1186 888 1343 942 debet
1368 885 1578 950 referri,
1596 886 1682 953 qui
1703 884 1903 954 jngiter

336 975 671 1030 circumdant
715 976 899 1031 ﬁdeles
923 1017 940 1041 ,
971 986 1028 1031 ut
1053 976 1133 1031 eis
1164 977 1370 1044 possint
1411 990 1563 1045 spem
1596 973 1905 1028 Divinitatis

337 1069 581 1135 auferre;
614 1071 757 1126 sicut
786 1072 1073 1140 Aposmlus
1103 1072 1230 1126 dicit
1260 1088 1273 1123 :
1308 1069 1430 1124 Non
1457 1080 1532 1125 est
1560 1069 1699 1122 vobis
1739 1069 1907 1121 collu-

338 1161 491 1214 ctatio
538 1162 780 1218 adversus
817 1178 1022 1217 carnem
1069 1172 1117 1217 et
1160 1164 1486 1232 sanguinem,
1529 1161 1617 1216 sed
1664 1162 1906 1215 adversus

337 1252 592 1321 principes
638 1264 684 1307 et
732 1264 1002 1322 potestates
1026 1294 1042 1317 ,
1093 1264 1310 1315 rectores
1357 1254 1677 1308 tenebrarum
1720 1252 1905 1306 Irarum

338 1342 564 1414 (.Epltes.
598 1360 672 1408 vr,
699 1345 814 1414 12).
847 1346 988 1401 Dicit
1006 1346 1151 1401 enim
1178 1362 1192 1399 :
1223 1346 1291 1399 ad
1317 1358 1365 1399 te
1394 1346 1625 1415 confugi,
1655 1344 1795 1414 quod
1828 1344 1907 1398 illi

338 1436 439 1488 soli
470 1436 693 1503 faciunt,
724 1439 811 1508 qui
834 1439 949 1506 ejus
967 1438 1297 1508 jusslonibus
1327 1440 1712 1509 obsequuntur.
1734 1438 1903 1493 Adam

336 1527 477 1581 enim
508 1538 786 1599 postquam
817 1530 1126 1585 inobediens
1158 1530 1292 1595 fuit,
1341 1530 1624 1585 Dominum
1672 1528 1903 1599 refugit;

336 1628 391 1673 et
414 1619 534 1674 ideo
566 1621 650 1674 hic
686 1622 957 1676 contrario
996 1621 1155 1675 modo
1197 1621 1461 1692 religio-ae
1500 1621 1698 1677 mentis
1728 1622 1908 1676 decla-

337 1718 484 1763 ratur
529 1710 786 1766 indicium
811 1755 827 1779 ,
866 1714 1115 1782 quoniam
1148 1723 1265 1782 post
1297 1722 1502 1768 reatum
1544 1713 1751 1782 peccati
1797 1729 1905 1768 non

2003 539 2255 579 concessa
2284 525 2436 579 venia
2466 524 2534 579 de
2574 524 2679 579 isto
2725 524 2919 579 saeculo
2969 525 3350 595 principiuntur
3391 528 3563 582 exire.

2005 615 2102 670 llic
2130 614 2273 670 enim
2315 615 2619 684 afﬂiguntur
2660 616 2876 681 devoti,
2925 616 3233 671 cruciantur
3268 617 3431 687 justi;
3463 620 3559 673 sed

2005 704 2243 760 delectus
2274 705 2427 759 isnius
2468 705 2599 759 lucis
2627 706 2829 760 sanctis
2871 706 3132 762 terminus
3171 716 3254 762 est
3299 709 3565 766 laborum.
3636 737 3642 745 -

2006 795 2129 850 Ideo
2156 794 2295 850 enim
2321 794 2481 866 583
2506 798 2701 850 clamat
2744 798 3033 865 Apostolus
3062 815 3075 851 :
3106 797 3506 869 Cupiodissolvi
3524 813 3575 857 et

2005 904 2111 943 esse
2137 904 2249 941 cum
2276 887 2473 942 Christo
2505 885 2726 960 (Philip.
2759 906 2798 954 ι,
2824 889 2938 960 25).

2076 981 2228 1036 Vers.
2267 979 2349 1035 lle.
2392 979 2459 1034 Et
2489 982 2539 1034 in
2569 982 2915 1035 misericordia
2942 990 3029 1035 tua
3056 982 3318 1053 disperde:
3346 985 3575 1039 inimicos

2005 1090 2162 1137 meos,
2206 1080 2254 1125 ct
2294 1074 2473 1141 perdes
2512 1090 2682 1128 omnes
2719 1075 2804 1142 qui
2845 1075 3088 1129 tribulant
3124 1077 3350 1130 animam
3388 1094 3572 1142 meam,

2005 1165 2243 1234 quoniam
2282 1181 2375 1234 ego
2420 1179 2590 1217 servus
2636 1173 2752 1218 tuus
2797 1181 2931 1218 sum.
2984 1164 3256 1233 Completa
3306 1174 3388 1222 est
3437 1166 3601 1221 illius
3644 1208 3649 1213 .

2008 1254 2205 1308 lattitiaa
2252 1255 2523 1321 plenitudo
2569 1255 2851 1310 mirabilis.

2009 1345 2375 1413 disperduntur
2412 1346 2633 1409 inimici,
2673 1346 2883 1414 quando
2930 1348 3359 1413 compunctimis
3402 1349 3576 1405 studio

2010 1438 2077 1491 ab
2115 1437 2392 1491 sceleratis
2429 1435 2838 1505 cogitationibus
2876 1438 3283 1493 abstrahuntur.
3328 1439 3477 1505 Quod
3510 1442 3574 1495 ad

2011 1526 2129 1580 illos
2170 1528 2440 1593 pertint-re
2478 1542 2582 1581 non
2620 1526 2835 1581 dubium
2876 1538 2982 1593 est,
3025 1530 3114 1596 qui
3146 1545 3328 1598 pinnas
3368 1532 3571 1588 debitas

2011 1617 2247 1671 remedio
2288 1617 2690 1686 supplicationis
2734 1618 2986 1673 evadunt.
3027 1619 3264 1686 Addidit,
3313 1631 3361 1673 et
3402 1624 3579 1689 perdes
3640 1652 3643 1657 -

2012 1724 2183 1761 omnes
2207 1710 2295 1777 qui
2325 1707 2569 1762 Iribulant
2608 1710 2832 1763 animam
2857 1726 3042 1775 meam,
3088 1712 3328 1779 quoniam
3357 1729 3446 1782 ego
3473 1729 3583 1767 ser-

340 1800 536 1870 fngisse
580 1801 865 1857 Dominum
889 1841 906 1869 ,
951 1803 1046 1859 sed
1093 1801 1397 1873 confugisse
1433 1818 1495 1859 se
1525 1803 1652 1858 dicit
1692 1802 1759 1858 ad
1803 1803 1907 1858 Do-
1939 1792 1984 1852 B
2010 1816 2098 1853 vus
2127 1808 2239 1852 tuus
2267 1816 2398 1853 sunt.
2431 1800 2527 1855 Hic
2560 1799 2670 1869 jam
2702 1811 2939 1869 tempore
2972 1801 3160 1868 judicii
3190 1816 3283 1870 per
3316 1801 3577 1871 jusutiam
3646 1842 3647 1845 η

337 1906 560 1945 mtuum.

415 1982 564 2038 Vers.
597 1984 683 2040 11.
723 1982 858 2039 Doce
882 2002 959 2041 me
986 1987 1155 2055 facere
1182 1986 1492 2040 voluntatem
1515 1993 1676 2052 tuoin,
1704 1986 1823 2056 quia
1852 1994 1907 2041 tu

337 2092 388 2131 es
421 2074 557 2130 Deus
586 2093 747 2130 meus.
787 2078 1009 2133 Nolebat
1052 2094 1268 2148 prorsus
1290 2095 1365 2134 eri
1380 2094 1471 2135 are
1494 2081 1585 2149 qui
1624 2080 1757 2134 tanti
1796 2096 1911 2134 ma-

337 2166 491 2233 gistri
519 2165 769 2234 cupiebat
800 2182 918 2222 esse
939 2168 1246 2237 discipulus.
1272 2168 1410 2224 Dicit
1436 2169 1577 2224 enim
1606 2186 1618 2221 :
1642 2168 1782 2224 Doce
1804 2188 1913 2239 me,

337 2268 590 2327 tauquam
620 2259 887 2328 ignarum,
918 2268 1166 2330 tanquam
1198 2262 1519 2329 imperitum,
1546 2273 1795 2332 tanquam
1827 2264 1908 2317 ni-

336 2348 411 2402 hil
435 2349 501 2404 de
521 2363 616 2403 sua
645 2349 839 2405 virtute
862 2360 1295 2419 przesumentem.
1327 2352 1495 2417 Quem
1521 2365 1736 2407 sensum
1764 2353 1907 2422 Apo-

334 2444 504 2498 stolus
529 2445 677 2513 ponit
708 2459 828 2499 cum
857 2445 987 2499 dicit
1013 2459 1030 2498 :
1063 2444 1123 2500 Si
1141 2446 1255 2514 quis
1275 2446 1536 2500 existimat
1562 2461 1615 2501 se
1643 2446 1777 2500 scire
1803 2446 1904 2500 ali-

333 2536 490 2604 quid,
522 2536 738 2589 necdum
781 2539 1015 2607 cognovit
1043 2538 1473 2607 quemadmodum
1516 2554 1630 2593 eum
1672 2548 1904 2607 oporteat

334 2627 465 2680 scire
493 2627 541 2696 (Ι
572 2628 689 2681 Cor.
729 2645 838 2692 vui,
872 2630 954 2699 2).
1004 2630 1242 2695 Addidit,
1270 2630 1391 2699 quia
1421 2639 1473 2683 tu
1496 2646 1550 2685 es
1578 2629 1719 2685 Deus
1741 2646 1903 2686 meus.

335 2716 466 2772 Fida
516 2720 735 2789 petitio,
773 2729 1084 2788 competens
1114 2721 1248 2774 ratio
1272 2764 1287 2787 ,
1319 2736 1348 2775 a
1380 2722 1645 2777 clemente
1677 2721 1905 2779 Domino

336 2809 457 2864 ideo
488 2813 759 2879 postulare
787 2812 1127 2877 beneﬁcium,
1155 2828 1220 2868 eo
1246 2813 1387 2883 quod
1417 2813 1534 2882 ipse
1557 2814 1630 2869 sit
1649 2814 1904 2870 Dominus

336 2898 704 2967 supplicantis.

407 2990 559 3045 Vers.
598 2992 679 3044 19..
732 2992 956 3059 Spiritus
989 3003 1105 3046 tuas
1145 2994 1302 3047 bonus
1339 2994 1554 3048 deducet
1584 3009 1663 3049 me
1686 2996 1739 3049 in
1768 2996 1903 3051 viam

2010 1889 2310 1959 perdendos
2334 1888 2462 1943 dicit
2491 1904 2611 1945 esse
2640 1890 2907 1944 diabolum
2950 1900 3002 1945 et
3042 1905 3230 1946 omnes
3267 1892 3459 1961 impios
3486 1894 3587 1963 qui.
3644 1936 3651 1941 .

2009 1979 2064 2034 in
2093 1994 2188 2035 sua
2226 1980 2584 2034 obstinatione
2625 1980 2941 2036 moriuntur.
2983 1982 3130 2048 Quos
3168 1981 3290 2037 ideo
3328 1984 3452 2038 dicit
3482 1987 3579 2039 tri-
3648 2050 3651 2053 γ

2009 2073 2206 2126 bulasse
2232 2073 2452 2125 animam
2479 2087 2646 2137 suam,
2679 2072 2801 2142 quia
2831 2073 2944 2140 ipse
2981 2072 3034 2127 in
3067 2072 3159 2127 Dei
3197 2073 3417 2147 servitio
3454 2088 3578 2145 per-

2010 2162 2288 2228 manebat;
2320 2171 2375 2218 et
2404 2177 2622 2218 necesse
2659 2172 2743 2218 est
2788 2164 2919 2217 istos
2946 2162 2999 2216 in
3025 2161 3228 2233 judicio
3260 2164 3458 2231 perire,
3490 2167 3583 2234 qui
3644 2212 3647 2215 ἰ

2010 2252 2144 2308 tales
2189 2255 2398 2308 animos
2452 2255 2742 2323 probantur
2788 2268 3101 2320 assumere,
3158 2263 3215 2309 ut
3262 2256 3577 2313 innocentes

2008 2344 2154 2402 viros
2186 2347 2302 2399 ideo
2332 2355 2736 2414 persequantur,
2766 2346 2888 2414 quia
2920 2346 3010 2400 Dei
3038 2345 3266 2400 famulos
3294 2361 3414 2403 esse
3441 2364 3573 2419 cog-

2009 2448 2256 2493 noscunt.
2291 2438 2427 2492 Ecce
2456 2437 2639 2507 regula
2669 2437 2759 2491 illa
2792 2438 3097 2506 pmnitentis
3142 2438 3354 2506 impleta
3382 2449 3485 2505 est,
3518 2451 3576 2495 ut

2007 2538 2128 2598 post
2156 2526 2472 2583 alﬂictiones
2490 2541 2860 2596 mrumnasque
2875 2526 3192 2584 cruciabiles
3220 2529 3577 2587 exsultatione

2006 2619 2254 2674 conclusa
2282 2617 2371 2672 sit.

2532 2756 2803 2815 Conclusio
2841 2760 3044 2826 psalmi.

2074 2885 2248 2942 Finita
2285 2896 2366 2942 est
2393 2885 2607 2955 quidem
2653 2883 2870 2940 afﬂictio
2908 2884 3338 2955 supplicantium,
3369 2895 3421 2942 et
3452 2885 3570 2942 feli-

2003 2978 2144 3035 cium
2190 2993 2377 3032 cursus
2422 2978 2510 3032 ille
2553 2977 2924 3046 lacrymarum.
2972 2975 3078 3031 Sed
3121 2977 3425 3046 diligentius
3455 2992 3577 3047 per-

333 3080 466 3153 [cd.,
499 3082 706 3154 terram]
735 3094 941 3138 rectam.
970 3084 1273 3139 lntueamur
1302 3085 1425 3155 quid
1467 3086 1567 3139 sibi
1601 3087 1729 3142 velit
1756 3087 1899 3157 quod

2002 3075 2345 3127 scrutandum
2387 3078 2468 3125 est
2495 3070 2619 3139 quid
2650 3068 2750 3124 sibi
2789 3069 2917 3123 velit
2944 3068 3313 3138 pteniteutium
3346 3069 3569 3124 istorum

332 3173 503 3226 dicit:
537 3172 763 3239 Spiritus
793 3184 907 3229 tuus
939 3178 1117 3230 bonus.
1159 3175 1476 3244 Designatur
1502 3178 1643 3231 enim
1676 3194 1768 3246 per
1800 3181 1901 3233 hoc
1925 3157 1972 3220 C
2003 3163 2231 3233 septima
2260 3163 2581 3231 deprecatio.
2615 3162 2884 3216 ιηοιιοθνὶι
2912 3161 3054 3216 enim
3086 3177 3115 3215 ει
3147 3161 3349 3230 psalmo
3394 3173 3569 3227 sexm.

331 3280 527 3321 nomen
569 3266 734 3320 Deum
775 3282 897 3323 eSse
945 3269 1198 3336 Spiritum
1231 3269 1795 3339 sanctumzscriptnm
1822 3279 1905 3325 est

330 3358 472 3410 enim
504 3374 518 3410 :
556 3356 717 3411 Nemo
738 3359 897 3412 bonus
931 3360 1027 3412 nisi
1072 3360 1212 3413 solus
1253 3358 1389 3412 Deus
1449 3358 1643 3426 (Marc.
1678 3376 1743 3425 Χ,
1785 3360 1899 3432 18).

329 3446 548 3517 Legitur
573 3458 621 3501 et
672 3448 828 3503 Pater
879 3450 1079 3513 bonus,
1128 3459 1184 3503 ut
1231 3460 1313 3503 est
1343 3448 1523 3504 illud:
1572 3449 1733 3505 Pater
1779 3452 1905 3505 bone

334 3535 512 3607 (Joan.
546 3554 671 3602 xm,
706 3538 815 3606 ll).
846 3539 1059 3608 ιυςίιιιι·
1083 3545 1241 3593 etiam
1271 3542 1337 3594 de
1362 3542 1520 3607 Filio,
1550 3551 1607 3597 ut
1628 3552 1707 3597 est
1732 3542 1860 3597 illud
1888 3560 1903 3599 ε

331 3626 445 3697 Ego
485 3646 593 3682 sum
628 3628 811 3682 Pastor
840 3631 999 3683 bonus
1032 3629 1223 3698 (1ὁὶι1.,
1259 3648 1310 3692 x,
1347 3634 1462 3698 ll).
1507 3633 1594 3688 Sic
1625 3648 1718 3702 per
1747 3636 1902 3689 istam

330 3721 757 3775 communionem
784 3724 1052 3776 nominum
1086 3734 1288 3780 sanetm
1317 3724 1595 3779 Trinitatis
1626 3727 1901 3795 aequalitas

331 3827 545 3880 semper
588 3813 861 3882 virtusque
903 3813 1224 3868 declaratur.
1278 3814 1505 3882 Spiritus
1542 3827 1710 3871 autem
1740 3818 1901 3871 bonus

332 3905 544 3959 deducet
580 3921 669 3960 nos
694 3906 746 3960 in
777 3907 910 3960 viam
939 3916 1146 3969 rectam,
1179 3908 1389 3975 quando
1418 3922 1614 3978 corpus
1638 3921 1899 3965 nostrum

329 4000 440 4053 suis
489 4000 687 4069 regulis
733 3999 947 4066 subdit,
981 4007 1036 4053 et
1064 3999 1121 4052 ﬁt
1150 3999 1255 4053 illis
1287 3999 1710 4053 institutionibus
1748 4000 1904 4055 inde-

331 4094 497 4154 vium,
537 4093 675 4161 quod
709 4102 1043 4161 peccatorum
1075 4093 1247 4145 fuerat
1277 4094 1536 4161 pravitate
1580 4092 1897 4148 distortum.

332 4181 433 4234 Sed
468 4183 566 4235 hcc
596 4181 824 4235 lmmana
868 4197 973 4236 non
1019 4190 1194 4249 potest
1224 4182 1421 4235 virtute
1449 4184 1731 4253 compleri.
1785 4184 1903 4254 Ipse

328 4272 469 4326 enim
507 4288 601 4327 nos
635 4273 929 4327 recreando
960 4272 1124 4328 efﬁcit
1147 4281 1323 4326 rectos
1348 4273 1435 4342 qui
1466 4283 1545 4328 eSt
1569 4312 1586 4339 ,
1618 4283 1673 4327 et
1710 4288 1895 4329 creare

329 4360 595 4435 dignatus.
624 4366 748 4421 Sive
776 4374 963 4419 terram
1006 4374 1196 4418 rectam
1222 4404 1237 4429 ,
1268 4364 1412 4418 illam
1442 4364 1706 4433 significat
1735 4364 1899 4420 futuri

328 4464 528 4528 szcculi,
556 4462 647 4518 ubi
680 4462 808 4517 recti
830 4461 1204 4527 ambulabunt,
1233 4470 1429 4515 etcum
1452 4460 1678 4517 Domino
1705 4475 1894 4530 magna

329 4570 543 4619 semper
563 4553 915 4609 exsultatione
943 4553 1268 4622 gaudebunt.

403 4643 553 4700 Vers.
584 4645 670 4699 l5.
699 4642 915 4713 Propter
943 4660 1124 4697 nomen
1154 4654 1317 4707 tuum,
1353 4642 1592 4708 Domine,
1618 4640 1895 4709 vivi/icabis

327 4754 407 4792 me
446 4738 501 4791 in
541 4738 779 4806 ccquitate
814 4744 934 4801 tua;
976 4736 1156 4788 educes
1195 4735 1258 4787 de
1296 4733 1625 4789 tribulatione
1669 4735 1894 4787 animam

328 4846 511 4884 meam.
555 4828 651 4882 llic
674 4828 842 4896 gratia
867 4826 1298 4882 clementissima:
1322 4824 1623 4880 Divinitatis
1650 4823 1892 4880 ostendi-

329 4930 439 4988 tur,
469 4936 586 4992 qute
624 4919 757 4974 nihil
797 4918 995 4973 nostris
1017 4916 1222 4971 meritis
1249 4916 1456 4980 reddit,
1488 4915 1587 4970 sed
1615 4924 1781 4970 totum
1810 4914 1896 4967 in-

324 5013 611 5082 dulgentias
636 5026 748 5067 sua:
785 5011 1031 5081 largitate
1057 5006 1325 5062 concedit.
1358 5005 1491 5060 Nam
1520 5006 1882 5073 uiviﬁcandum

324 5120 383 5161 se
412 5104 665 5174 prepheta
705 5117 811 5156 non
840 5101 969 5155 dicit
993 5114 1060 5154 ex
1083 5098 1313 5167 propriis
1357 5096 1532 5161 factis,
1562 5096 1657 5151 sed
1688 5111 1753 5150 ex
1796 5109 1895 5149 no-

324 5195 468 5253 tuine
494 5193 699 5248 Domini
739 5191 973 5254 Christi,
1005 5189 1160 5257 cujus
1187 5194 1272 5242 est
1306 5200 1493 5240 revera
1524 5185 1758 5240 nominis
1785 5186 1899 5241 sal-

327 5298 450 5340 vare
471 5282 697 5338 ﬁde'iter
723 5280 1072 5349 postulantes.
1122 5276 1228 5333 Sed
1257 5291 1377 5332 cum
1406 5278 1583 5346 gratia
1613 5292 1895 5333 commen-

322 5374 507 5439 detur,
537 5384 592 5428 et
626 5369 891 5441 :equitatis
919 5368 1112 5424 ibidem
1144 5367 1458 5423 mirabiliter
1490 5375 1759 5423 momenta
1792 5366 1897 5422 mi-

323 5476 560 5521 scentur.
588 5463 719 5517 Nam
758 5460 1000 5530 quamvis
1026 5459 1208 5517 omnia
1251 5458 1419 5529 gratis
1445 5457 1643 5521 donet,
1670 5458 1894 5527 justitiae

322 5554 490 5625 ipsius
526 5562 607 5607 est
647 5552 1005 5621 supplicantes
1033 5547 1326 5613 viviﬁcare,
1352 5562 1487 5616 quos
1533 5548 1753 5615 spiritus
1792 5548 1895 5600 im-

322 5644 555 5701 mundos
580 5641 869 5696 crudeliter
900 5638 1074 5694 cernit
1100 5640 1376 5709 impetere.
1400 5636 1675 5705 Sequitur,
1706 5637 1886 5691 educes

322 5738 387 5790 de
416 5734 737 5790 tribulatione
765 5732 988 5786 animam
1015 5746 1195 5786 meam.
1231 5728 1539 5785 Educuntur
1566 5726 1633 5782 de
1664 5727 1885 5782 tribula-

2010 3255 2151 3310 venit
2176 3255 2240 3309 ad
2276 3254 2600 3323 trigesimum
2634 3252 2886 3319 primum,
2918 3251 3113 3306 de'nde
3146 3251 3211 3306 ad
3243 3252 3570 3323 trigesimum

2005 3347 2309 3416 septimum,
2346 3344 2468 3399 inde
2495 3343 2559 3398 ad
2595 3343 3113 3413 quinquagesimum,
3144 3342 3267 3398 inde
3294 3343 3359 3397 ad
3388 3356 3569 3398 ceme-

2004 3438 2196 3494 simum
2236 3450 2489 3506 primum,
2526 3434 2717 3490 deinde
2759 3435 2825 3488 ad
2863 3434 3210 3490 centesimum
3256 3435 3568 3503 vigesimum

2005 3543 2226 3594 nonum,
2272 3541 2334 3581 ac
2385 3535 2707 3595 postremum
2749 3524 2815 3578 ad
2862 3534 3178 3594 praesentem
3223 3527 3570 3580 centesimum

2004 3617 2468 3687 quadragesimum
2510 3616 2821 3685 secundum.
2857 3614 3016 3670 Forte
3062 3623 3141 3684 ut,
3189 3616 3326 3671 sicut
3372 3618 3423 3671 in
3471 3617 3571 3672 hac
3636 3636 3639 3639 δ

2005 3707 2338 3762 bebdomada
2371 3720 2672 3775 peccamus,
2704 3720 2861 3776 quam
2904 3706 3088 3761 mundi
3133 3708 3287 3762 istius
3317 3711 3572 3777 temporis

2004 3796 2194 3851 ductus
2234 3797 2483 3861 excurrit,
2516 3799 2585 3849 ita
2614 3806 2667 3850 et
2701 3796 2750 3848 in
2784 3795 2971 3849 eodeni
3014 3810 3235 3850 numero
3266 3798 3584 3852 remedialis

2005 3887 2333 3957 ptenitemiac
2376 3902 2593 3945 munere
2638 3887 2987 3940 salvaremur.
3028 3886 3162 3940 Illud
3203 3899 3382 3943 autem
3415 3890 3575 3959 (sient
3629 3945 3633 3951 ,

2005 3991 2145 4044 saepe
2191 3975 2515 4043 monuimus)
2564 3989 2882 4043 magnopere
2925 3976 3284 4030 contuendum
3316 3986 3415 4043 est,
3446 3980 3569 4048 quia

2004 4065 2189 4135 psalmi
2241 4064 2338 4133 ipsi
2373 4064 2439 4116 ab
2473 4063 2847 4118 afﬂictionibus
2889 4063 3159 4134 inchoant,
3198 4074 3252 4121 et
3284 4066 3336 4121 in
3363 4067 3575 4136 gaudiis

2002 4158 2252 4212 desinunt
2276 4174 2288 4209 :
2316 4170 2381 4208 ne
2407 4155 2526 4225 quis
2551 4156 2616 4208 de
2644 4151 2792 4207 venia
2820 4154 3146 4222 desperaret,
3174 4170 3331 4226 quam
3361 4156 3411 4208 in
3444 4156 3573 4225 ipsis

2004 4247 2249 4319 precibus
2279 4247 2499 4315 positam
2528 4259 2645 4298 esse
2675 4253 3038 4314 cognosceret.
3068 4244 3319 4301 Oratores
3344 4244 3570 4300 sanctis-

2001 4339 2145 4407 simi,
2177 4339 2422 4394 caelestes
2453 4336 2681 4406 patrOai,
2715 4338 2803 4404 qui
2836 4346 3172 4406 peccatorum
3204 4337 3428 4392 nexibus
3470 4337 3567 4391 im-

2002 4431 2207 4503 plicatis
2235 4429 2416 4484 salutis
2444 4428 2543 4482 iter
2567 4426 2831 4497 aperiunt.
2861 4426 2970 4484 Sed
2998 4443 3118 4484 cum
3150 4429 3233 4482 isti
3264 4430 3575 4499 singillatim.

1923 4527 1977 4588 1)
1999 4523 2193 4578 delicta
2226 4526 2403 4574 nostra
2434 4534 2531 4572 nos
2561 4518 2756 4572 deﬂere
2801 4528 3194 4585 Commoneant,
3226 4527 3278 4573 et
3322 4520 3387 4574 ad
3420 4536 3573 4589 spem

2000 4614 2313 4685 gaudiorum
2360 4611 2565 4666 Domini
2620 4612 2971 4679 promissione
3022 4612 3351 4680 perducant,
3397 4624 3573 4667 exstat

2001 4714 2177 4759 tamen
2207 4713 2259 4758 et
2290 4701 2417 4756 illud
2445 4701 2795 4755 Ninivitarum
2834 4700 3263 4755 efﬁcacissimum
3303 4703 3569 4770 supplica~

2001 4796 2160 4851 tionis
2189 4793 2512 4861 exemplum,
2541 4792 2628 4845 ubi
2658 4800 2847 4844 cuncta
2872 4800 3002 4845 mtas
3027 4790 3306 4861 ingemuit,
3337 4793 3427 4847 ubi
3451 4807 3570 4846 son.

1999 4888 2070 4943 sit
2096 4900 2258 4957 pacus
2295 4900 2452 4939 omna:
2487 4885 2780 4953 jejunium;
2820 4892 2876 4939 et
2912 4893 3112 4939 tantum
3147 4886 3311 4940 valuit
3349 4887 3565 4945 afﬂictio

1997 4976 2289 5049 generalis,
2316 4985 2375 5032 ut
2403 4976 2679 5030 veritatem
2708 4977 2964 5045 potuisset
2989 4975 3282 5045 prophetici
3310 4991 3569 5047 superare

1997 5068 2283 5125 sermonis.
2333 5065 2478 5120 Facti
2508 5073 2634 5119 sunt
2658 5067 2798 5119 enim
2831 5064 2899 5120 de
2928 5065 3343 5122 formidantibus
3371 5070 3564 5136 securi,

1998 5162 2067 5217 de
2097 5159 2334 5215 triStibus
2364 5158 2497 5222 lreti;
2530 5166 2583 5211 et
2607 5162 2730 5211 vita:
2757 5165 2883 5211 sunt
2910 5156 3124 5223 redditi,
3154 5158 3244 5227 qui
3271 5158 3573 5228 probaban-

2001 5263 2086 5309 tur
2114 5263 2284 5307 morte
2321 5252 2588 5305 damnati-
2619 5250 2953 5319 Quapropter
2994 5249 3359 5307 desideremus
3401 5252 3575 5321 poeni-

2002 5346 2220 5402 tentiam
2248 5343 2464 5398 humani
2486 5343 2695 5412 generis
2721 5342 2954 5398 salotare
2984 5342 3302 5409 remedium,
3329 5342 3567 5399 ﬂentium

2002 5438 2446 5503 consolationem,
2477 5450 2661 5491 semen
2703 5434 2937 5490 felicium
2976 5435 3316 5506 gaudiorum,
3349 5449 3473 5505 quae
3513 5443 3569 5489 et

1999 5534 2223 5605 singulis
2252 5533 2546 5604 quibusque
2584 5546 2731 5601 spem
2773 5531 3122 5587 certissimam
3154 5529 3355 5597 tribuit,
3388 5538 3443 5584 et
3469 5545 3569 5583 su-

2000 5640 2181 5696 pernae
2239 5626 2423 5696 gratite
2471 5623 2668 5679 donum
2718 5624 3137 5696 supplicantibus
3183 5623 3240 5680 in
3282 5634 3593 5677 commune

2000 5716 2263 5774 concedit.

2928 1254 2993 1308 In
3039 1257 3391 1311 misericordia
3435 1258 3577 1313 enim
3646 1308 3650 1312 ,
