4078 6342
444 270 590 336 1015

939 384 1255 443 PSALMUS
1295 384 1521 440 CXLIII.

976 477 1146 532 David
1176 478 1243 532 ad
1274 477 1495 533 Goliam.

534 591 674 649 Cum
728 588 950 645 historia
1003 589 1285 658 praesentis
1335 588 1470 643 tituli
1520 587 1709 659 primis
1756 587 2032 658 propheta:

445 681 800 755 temperibus,
837 680 891 735 id
920 689 1004 736 est
1028 690 1155 736 ante
1179 695 1409 752 regnum
1431 680 1550 751 ejus
1580 679 1742 735 fuerit
1772 690 1988 750 peracta
2012 694 2025 732 :

441 783 624 831 tamen
647 787 746 844 pro
773 761 1140 842 magnitudine
1165 774 1488 829 sacramenti
1510 773 1613 836 sui,
1636 772 1769 827 locis
1794 772 2034 828 emeritis

444 873 667 924 vocatur
694 864 762 920 ad
793 863 1062 929 medium;
1095 872 1153 919 ut
1182 872 1354 919 totum
1387 864 1438 922 in
1470 864 1692 934 psalmis
1722 863 1949 934 mystice
1980 870 2036 918 et

440 956 645 1014 dictum
676 965 730 1012 et
757 957 986 1026 positum
1013 972 1135 1013 esse
1158 972 1538 1027 cognosceres,
1559 959 1704 1028 quod
1730 960 2037 1029 expressius

439 1050 497 1107 in
525 1048 879 1105 conclusione
912 1047 1173 1104 dicemus.
1215 1048 1345 1103 Illud
1378 1058 1557 1104 tamen
1589 1049 1903 1105 meminisse
1935 1063 2037 1104 nos

438 1138 717 1207 convenit,
747 1138 946 1193 bellum
994 1137 1137 1193 istud
1170 1137 1503 1207 Davidicum,
1535 1139 1603 1193 ad
1647 1137 2037 1209 designandum

440 1239 719 1288 certamen
748 1230 956 1286 Domini
984 1229 1182 1286 Christi
1216 1228 1378 1285 fuisse
1409 1230 1775 1299 praemissum;
1816 1238 1875 1284 ut
1902 1229 2043 1285 sicut

439 1322 548 1379 iste
576 1321 785 1378 Goliam
827 1322 977 1378 saxei
1006 1323 1095 1377 teli
1127 1322 1475 1379 dimicatione
1500 1324 1812 1392 prostravit,
1844 1325 1915 1378 ita
1948 1338 2042 1393 per

437 1423 671 1491 petram,
696 1413 788 1483 qui
809 1422 894 1469 est
913 1413 1171 1468 Dominus
1192 1413 1459 1480 Christus,
1488 1412 1743 1468 fortitudo
1774 1413 2042 1469 diabolica

439 1504 767 1560 vinceretur.
798 1503 951 1560 Unde
977 1511 1032 1558 et
1060 1504 1112 1558 in
1146 1503 1249 1558 hoc
1276 1505 1896 1573 psalmosintilitudines
1926 1506 2044 1559 ista;

443 1602 681 1651 servata:
708 1602 853 1650 sunt.
881 1593 1001 1651 Non
1030 1595 1177 1650 enim
1209 1595 1299 1650 hic
1328 1597 1442 1651 sola
1467 1597 1690 1652 victoria
1721 1597 1811 1652 illa
1844 1598 2048 1652 descri-

441 1685 592 1742 bitur
614 1701 734 1757 qute
755 1686 962 1756 Regum
991 1684 1264 1742 volumine
1290 1688 1599 1743 continetur
1628 1687 1679 1760 (Ι
1714 1688 1846 1759 Reg.
1883 1688 2040 1757 xvu),

1658 271 1729 325 Μ.
1776 268 2061 326 Αυῐυῖιιιι
2094 270 2180 325 (Ἃ
2191 268 2515 327 SSIODIIRP

2057 384 2110 443 Α
2136 384 2305 438 tribus
2335 382 2510 455 digitis
2541 380 2729 436 molem
2777 388 2923 436 terra:
2973 379 3157 455 (Isaia!
3188 396 3277 448 ιι,
3312 378 3436 452 12);
3483 379 3632 452 quod
3658 379 3749 435 at!

2788 211 2936 227 ¥‘.o

3582 268 3737 325 1016
3768 294 3775 295 ί

2135 486 2375 532 sanctam
2404 476 2718 531 Trinitatem
2751 474 2995 530 nonnulli
3025 474 3297 529 aestimant
3329 487 3459 530 esse
3482 471 3739 528 referen-

2135 569 2283 623 dum.
2337 569 2402 623 Et
2446 568 2500 623 in
2528 566 2716 622 Exodo
2744 583 2758 619 :
2786 565 2890 620 Hic
2930 566 3121 636 digitus
3146 564 3245 619 Dei
3279 574 3353 619 est
3383 564 3586 630 (Exod.
3612 580 3733 629 vnt,

2138 659 2264 728 l9);
2296 673 2456 728 quem
2481 656 2741 727 Spiritum
2788 664 3034 712 sanctum
3067 654 3253 711 Patres
3295 653 3603 725 intelligere
3631 669 3741 708 vo-

2137 749 2371 805 Iuerttnt.
2405 750 2536 807 Item
2563 750 2635 806 ibi
2669 767 2684 806 :
2708 750 2918 815 Accepit
2942 757 3115 804 autem
3139 748 3343 819 Moyses
3375 747 3507 802 duas
3533 747 3743 801 tabulas

2136 843 2353 913 scriptas
2382 844 2543 912 digito
2569 842 2667 897 Dei
2699 842 2887 914 (Ibid.,
2907 841 3199 912 xxxt,18);
3228 849 3281 897 et
3306 850 3504 897 cetera
3528 855 3651 907 qua:
3677 842 3747 897 in

2141 935 2283 988 hunc
2314 934 2529 989 modum
2562 933 2801 1002 reperies
2830 948 2956 989 esse
2985 932 3212 988 variata.
3243 932 3370 988 Sive
3401 931 3545 986 idem
3570 932 3744 1001 signi-

2142 1025 2282 1090 ficat,
2322 1024 2509 1094 digitos
2553 1041 2690 1079 meos
2734 1023 2803 1078 ad
2841 1023 3052 1090 bellum,
3085 1022 3251 1092 quod,
3283 1038 3471 1076 mortus
3496 1038 3638 1076 meas
3666 1021 3750 1074 ad

2140 1117 2400 1187 prwlium.
2430 1118 2561 1184 Qum
2590 1116 2757 1186 ﬁgura
2785 1116 2982 1170 dicitur
3009 1115 3283 1185 epimone.
3318 1114 3508 1169 Latine
3536 1112 3746 1182 repeti-

2142 1206 2216 1262 tio
2243 1206 2432 1261 crebra
2460 1206 2762 1262 sententias.
2794 1204 2947 1274 Quod
2979 1215 3035 1259 et
3060 1220 3157 1259 nos
3185 1219 3398 1274 quoque
3423 1204 3559 1259 bene
3586 1203 3738 1259 dici-

2144 1311 2284 1360 mus,
2317 1311 2440 1351 cum
2471 1296 2642 1350 hostis
2671 1298 2925 1364 antiquus
2950 1295 3132 1351 crucis
3156 1294 3313 1364 signo
3338 1295 3645 1361 destruitor,
3674 1303 3743 1350 ct

2143 1395 2310 1458 petrae
2337 1386 2611 1442 soliditate
2634 1397 2951 1455 quassatur.

2216 1498 2375 1554 Vers.
2403 1498 2461 1553 2.
2501 1496 2859 1552 Hisericordia
2889 1514 3000 1553 mea
3026 1507 3079 1553 et
3098 1498 3357 1570 reﬁtgium
3389 1514 3558 1554 meum
3573 1516 3597 1565 ;
3620 1516 3734 1553 sus

2147 1597 2319 1658 ceptor
2356 1604 2497 1642 meus
2532 1597 2578 1642 et
2620 1588 2864 1644 liberator
2893 1606 3075 1655 meus;
3118 1598 3373 1663 protector
3399 1606 3566 1658 meus,
3600 1600 3649 1645 et
3688 1593 3759 1646 iu-

2148 1682 2260 1753 ipso
2288 1682 2489 1753 speravi
2520 1697 2544 1737 :
2571 1681 2847 1751 subiiciens
2879 1683 3095 1754 populos
3120 1683 3215 1738 sub
3242 1699 3340 1737 me.
3382 1682 3615 1738 Nomina
3642 1682 3751 1738 ista

442 1786 538 1836 aut
574 1792 674 1849 pro
714 1776 837 1849 ipsa
871 1786 1074 1833 tantum
1117 1778 1304 1849 gratia:
1347 1780 1682 1845 referuntur;
1727 1780 1824 1835 sed
1874 1781 2041 1835 multa
2074 1759 2122 1818 B
2147 1774 2216 1831 de
2256 1773 2531 1830 beneﬁciis
2564 1775 2774 1830 collatis
2808 1776 2924 1831 sine
2958 1774 3295 1830 dubitatione
3336 1783 3637 1841 venerunt;
3680 1776 3769 1828 ut"

442 1878 572 1928 sunt
596 1884 715 1942 quae
739 1868 1018 1926 certamini
1045 1872 1375 1927 conveniunt
1396 1872 1612 1929 Domini
1634 1871 1871 1940 Christi;
1900 1873 2042 1945 quod

444 1964 561 2020 suis
587 1962 721 2019 locis
742 1971 1104 2034 congruenter
1132 1978 1488 2034 exponemus.
1529 1964 1874 2037 Quapropter
1904 1966 2044 2022 scia-

444 2067 570 2110 mus
608 2052 752 2108 hunc
796 2053 1065 2125 psalmum
1111 2065 1364 2126 quartum
1399 2070 1525 2113 esse
1568 2072 1760 2113 eorum
1807 2057 1901 2128 qui
1950 2073 2046 2128 per

448 2156 601 2203 actus
627 2146 803 2205 David
837 2147 1142 2221 signiﬁcant
1171 2148 1387 2205 Domini
1426 2149 1608 2206 futura
1648 2150 1959 2222 mysteria;
1990 2159 2050 2205 ut

446 2240 753 2312 evangelici
770 2241 967 2298 calculi
989 2241 1198 2299 honore
1221 2241 1438 2310 sacrati,
1462 2257 1562 2315 per
1584 2249 1759 2300 totum
1787 2241 2049 2300 mundum

448 2332 739 2392 reverendi
763 2342 926 2406 atque
955 2334 1231 2391 mirabiles
1260 2333 1642 2391 redderentur.

1026 2444 1225 2502 Divisio
1262 2445 1473 2519 psalmi.

525 2551 654 2608 Post
691 2551 1127 2610 interfectionem
1160 2550 1330 2608 Colias
1371 2566 1532 2622 quam
1565 2552 1789 2624 mystica
1818 2550 2053 2608 diximus

450 2642 768 2715 operatione
795 2643 1144 2714 completam,
1174 2642 1227 2697 iu
1261 2641 1430 2710 prima
1460 2650 1613 2710 parte
1639 2641 1909 2713 propheta
1943 2641 2049 2696 Do-

450 2737 604 2791 mino
631 2736 835 2805 gratias
873 2736 1005 2807 agit,
1041 2734 1241 2805 peracti
1273 2735 1395 2790 belli
1425 2735 1737 2791 discrimine
1776 2751 1838 2792 se
1881 2733 2053 2793 luisse

453 2828 743 2884 liberatum
777 2842 792 2883 :
822 2826 1120 2897 deprecans
1151 2835 1208 2881 ut
1237 2827 1348 2882 cito
1376 2826 1590 2882 Domini
1624 2826 1931 2885 declaretur
1958 2826 2054 2883 ad-

452 2928 670 2987 ventus,
701 2934 799 2991 per
825 2933 985 2991 quem
1018 2918 1266 2975 diabolus
1293 2918 1471 2974 victus
1515 2927 1618 2983 est,
1648 2927 1703 2975 et
1742 2920 1897 2989 quasi
1936 2919 2052 2989 spi-

454 3012 666 3068 ritualis
692 3011 821 3068 belli
846 3009 990 3082 quod
1015 3010 1199 3067 Colias
1225 3008 1518 3081 ﬁguraliter
1544 3010 1734 3080 gessit,
1764 3019 1847 3064 est
1871 3018 2054 3065 secuta

454 3101 720 3202 perfodio
748 3118 763 3156 :
788 3109 916 3158 tunc
937 3101 1079 3157 enim
1106 3099 1293 3163 fideles
1320 3110 1443 3156 sunt
1471 3114 1500 3153 a
1524 3115 1718 3171 magno
1742 3099 2051 3155 discrimine
2079 3139 2127 3202 Ο

456 3179 697 3251 Iib'erati.
728 3194 979 3250 Secunda
1013 3194 1065 3248 in
1092 3192 1242 3247 Novo
1271 3203 1327 3248 et
1350 3192 1527 3247 Veteri
1559 3191 1905 3247 Testamento
1928 3206 2053 3262 pro-

456 3286 622 3357 pheta
654 3285 865 3342 Domini
897 3300 959 3342 se
990 3284 1218 3355 psallere
1259 3282 1670 3352 eompromittit,
1720 3284 1977 3340 liberatus
2022 3299 2053 3338 a

457 3375 713 3447 pessimis
755 3374 1013 3439 inimicis,
1042 3375 1131 3445 qui
1165 3374 1550 3429 beatitudinem
1590 3389 1744 3429 suam
1781 3375 1833 3430 in
1873 3377 2054 3432 saeculi

460 3472 622 3528 istius
651 3470 908 3531 felicitate
932 3482 1256 3542 posuerunt;
1287 3472 1469 3527 beatos
1496 3480 1675 3526 autem
1700 3471 1820 3527 illos
1849 3478 2057 3527 tauqu

463 3562 730 3620 deﬁniens
760 3578 985 3635 quorum
1016 3574 1100 3620 est
1128 3564 1385 3619 Dominus
1412 3563 1554 3619 Deus
1583 3578 1791 3620 eorum.

1004 3677 1280 3751 Expositio
1314 3680 1519 3753 psalmi.

536 3791 691 3848 Vers.
730 3791 782 3847 I.
813 3791 1116 3850 Benedictus
1146 3792 1398 3849 Dominus
1430 3794 1569 3850 Deus
1597 3811 1759 3863 meus,
1791 3795 1877 3863 qui
1908 3795 2056 3849 docet

469 3900 655 3939 manus
693 3901 830 3940 meas
869 3887 941 3940 ad
974 3887 1233 3956 pretium,
1263 3897 1312 3942 et
1351 3887 1538 3960 digitos
1575 3903 1713 3941 meos
1750 3887 1818 3940 ad
1848 3887 2054 3942 bellum.

469 3974 660 4033 Victor
689 3976 860 4032 hostis
903 3978 1208 4053 smvissimi,
1241 3989 1293 4035 et
1324 3989 1607 4047 superator
1637 3979 1951 4034 immanium
1982 3980 2060 4033 vi-

467 4067 694 4133 tiorum,
727 4078 850 4138 post
881 4068 1211 4138 triumphum
1248 4079 1538 4140 patratum,
1568 4070 1786 4141 quando
1828 4068 2061 4125 maxime

464 4157 709 4213 insolens
736 4167 921 4228 peccat
949 4158 1424 4226 Itumanitas,uulla
1450 4175 1511 4217 se
1538 4162 1771 4231 propriae
1799 4176 2061 4232 praesum-

464 4250 671 4321 ptionis
709 4250 943 4306 elatione
981 4250 1236 4321 jactavit;
1279 4252 1374 4307 sed
1406 4252 1616 4308 Domini
1661 4253 1949 4308 virtutibus
1981 4263 2061 4309 to-

469 4353 582 4398 tum
615 4342 912 4412 applicans,
946 4342 1132 4399 Iaudes
1159 4343 1276 4415 ejus
1303 4334 1497 4400 devoti
1522 4344 1881 4399 exsultatione
1925 4360 2059 4400 con-

465 4434 735 4491 celebrat.
782 4434 915 4491 Nam
947 4451 1066 4506 qua:
1096 4438 1166 4492 sit
1196 4451 1356 4492 causa
1388 4436 1778 4493 benedictionis
1824 4436 2057 4506 adjecit:

465 4527 569 4592 Qui
598 4527 744 4581 docet
769 4542 949 4582 manus
973 4544 1111 4583 meas
1133 4529 1204 4583 ad
1230 4530 1485 4599 prndium.
1521 4529 1708 4585 Docuit
1730 4544 1919 4584 manus
1945 4528 2063 4599 ejus

463 4620 532 4675 ad
576 4621 840 4690 praelium,
866 4623 1081 4692 quando
1125 4623 1204 4679 sic
1248 4633 1550 4693 Opportune
1598 4623 1779 4677 omnia
1823 4621 1973 4691 fecit,
2002 4632 2061 4678 ut

467 4716 789 4773 desiderata:
811 4716 1049 4773 victoria:
1070 4726 1490 4787 consequeretur
1509 4716 1751 4772 etTectus.
1779 4716 1893 4773 Non
1915 4717 2061 4772 enim

468 4810 732 4864 exercitio
780 4823 1052 4863 armorum
1105 4818 1198 4863 aut
1249 4808 1424 4879 aliqua
1474 4809 1799 4878 przclusione
1854 4817 2064 4865 constat

466 4901 769 4966 imbutum;
808 4900 903 4956 sed
948 4900 1090 4955 hosti
1134 4916 1233 4955 suo
1279 4901 1459 4957 subito
1503 4903 1748 4972 apparuit
1788 4904 2059 4975 egregius,

468 4988 562 5061 qtti
588 4993 749 5046 etiam
794 4991 848 5046 in
878 4992 1043 5047 domo
1081 4992 1248 5062 patris
1274 4993 1359 5048 sui
1387 4992 1591 5063 pridem
1636 4994 1914 5049 videbatur
1941 5010 2063 5051 esse

471 5081 782 5151 deSpectus.
813 5083 1088 5152 Sequitur,
1121 5094 1166 5139 et
1196 5084 1381 5157 digitos
1411 5103 1546 5140 meos
1577 5088 1646 5140 ad
1669 5088 1878 5141 bellum.
1913 5078 2066 5145 Sicut

470 5171 723 5241 superius
751 5187 940 5227 manus
970 5177 1362 5244 operationem,
1396 5176 1467 5232 ita
1494 5187 1547 5232 et
1572 5178 1657 5233 hic
1683 5176 1849 5255 [ιθά
1873 5180 2065 5252 digitos

471 5261 736 5318 salutaria
799 5264 1023 5319 consilia
1098 5280 1385 5334 possumus
1444 5269 1688 5324 fortassis
1752 5271 2064 5340 advertere,

474 5368 598 5426 quae
627 5354 695 5411 de
734 5355 897 5413 corde
938 5367 1123 5412 nostro
1155 5357 1300 5414 velut
1328 5359 1547 5430 quidam
1593 5362 1725 5417 radii
1758 5364 2062 5432 prosiliunt,

475 5446 606 5502 dum
653 5444 832 5517 aliqua
878 5448 1171 5505 subtilitate
1210 5464 1401 5506 musas
1447 5456 1779 5509 necessarias
1821 5453 2066 5511 obtinere

476 5536 830 5593 contendunt.
875 5536 973 5593 Est
999 5540 1144 5594 enim
1188 5538 1328 5597 istud
1358 5556 1554 5601 nomen
1584 5545 1869 5603 multarum
1901 5546 2067 5616 signi-

477 5625 810 5695 ficationum,
837 5627 932 5684 sed
961 5642 1059 5699 pro
1086 5627 1326 5686 locorum
1353 5629 1670 5689 diversitate
1698 5634 2066 5704 accipiendum

478 5732 604 5775 esse
644 5719 1007 5793 cognoscitur,
1054 5730 1115 5779 ut
1159 5732 1242 5780 est
1285 5724 1420 5785 illud
1464 5726 1615 5786 Isaia
1643 5743 1658 5785 :
1691 5726 1793 5797 Qui
1822 5727 2073 5801 appendit

2148 1868 2273 1939 quia
2325 1867 2651 1935 multiplices
2708 1882 2899 1922 causas
2956 1867 3009 1922 in
3062 1883 3171 1923 uno
3231 1869 3441 1937 psalmo
3495 1877 3753 1923 retexere

2148 1957 2416 2029 prolixum
2473 1958 2608 2024 fuit,
2658 1957 2939 2013 brevitatis
2991 1957 3314 2029 compendio
3362 1958 3743 2027 proderentur.

2150 2053 2281 2119 Quae
2308 2053 2477 2123 ﬁgura
2503 2050 2702 2107 dicitur
2727 2051 3076 2123 hypozeuxis,
3102 2051 3322 2123 quando
3347 2052 3548 2107 diversa
3572 2051 3743 2107 verba

2150 2145 2326 2198 causis
2350 2142 2576 2211 singulis
2605 2151 2726 2213 apta
2759 2143 3078 2199 redduntur.
3103 2142 3517 2198 Misericordiam
3537 2144 3742 2213 quippe

2151 2249 2273 2291 cum
2318 2233 2438 2302 ipso
2476 2234 2604 2290 fecit
2640 2235 2919 2299 Dominus,
2953 2234 3170 2303 quando
3216 2249 3339 2290 eum
3383 2234 3453 2290 de
3496 2232 3757 2289 fratribus

2153 2325 2268 2381 suis
2312 2323 2559 2403 ultimum
2607 2340 2706 2395 per
2734 2326 3039 2382 Samuelem
3094 2327 3415 2397 prophetam
3461 2325 3530 2381 ad
3570 2325 3760 2396 regale

2151 2416 2362 2473 culmen
2390 2417 2571 2488 elegit.
2604 2416 2904 2490 Refugium,
2930 2418 3148 2489 quando
3176 2428 3363 2474 contra
3405 2427 3515 2473 tam
3565 2417 3757 2473 immac

2154 2508 2436 2564 uissimum
2482 2509 2695 2565 hostem
2739 2508 3025 2566 consilium
3078 2509 3268 2577 dedit,
3326 2519 3382 2565 ut
3423 2524 3549 2567 eum
3601 2519 3759 2578 petra

2153 2600 2412 2671 dejiceret
2457 2615 2583 2657 cum
2627 2616 2736 2672 quo
2777 2617 2885 2658 non
2930 2612 3142 2673 poterat
3188 2617 3471 2658 armorum
3515 2601 3762 2673 pondere

2154 2696 2431 2753 dimicare.
2483 2695 2767 2767 Susceptor
2792 2696 2909 2761 fuit,
2938 2697 3155 2767 quando
3185 2709 3311 2754 eum
3340 2697 3473 2753 fecit
3516 2711 3549 2752 a
3578 2694 3751 2752 Saule

2154 2789 2209 2845 in
2238 2804 2497 2860 generum
2537 2789 2761 2861 suscipi,
2802 2799 2863 2845 ut
2900 2804 2998 2845 suo
3029 2790 3258 2845 Domino
3293 2789 3640 2860 iungeretur,
3665 2788 3761 2858 qui

2156 2880 2304 2950 prius
2335 2879 2505 2936 fuerat
2531 2878 2881 2935 servientium
2912 2879 3221 2935 conditione
3249 2879 3554 2950 subjectus.
3608 2876 3761 2931 Libe-

2155 2979 2297 3023 ταῖσι·
2336 2969 2455 3036 fuit,
2484 2970 2610 3026 dum
2660 2987 2784 3027 eum
2816 2986 2847 3026 a
2876 2971 3117 3043 pericqu
3162 2971 3324 3043 regite
3372 2971 3763 3043 indignationis

2157 3060 2371 3131 eripuit.
2406 3060 2697 3127 Protector,
2723 3063 2935 3133 quando
2962 3067 3014 3118 in
3046 3065 3300 3133 spelunca
3332 3066 3508 3120 latens
3537 3066 3589 3120 in
3617 3066 3759 3120 Sau-

2159 3155 2261 3209 lem
2315 3168 2494 3224 regem
2531 3155 2618 3225 jus
2661 3155 2881 3211 ultionis
2921 3157 3151 3226 accepit.
3204 3157 3357 3213 Unde
3397 3159 3624 3227 singulis
3663 3172 3762 3212 no-

2159 3243 2393 3300 minibus
2420 3244 2679 3302 decenter
2705 3262 3020 3318 expressum
3052 3257 3153 3313 est,
3188 3248 3330 3318 quod
3368 3250 3416 3304 ei
3450 3249 3629 3304 fuerat
3654 3249 3764 3303 Do-

2159 3336 2286 3391 mini
2318 3338 2562 3410 Iargitate
2592 3355 2928 3397 concessum.
2989 3341 3056 3396 Et
3083 3341 3202 3396 vide
3232 3342 3358 3411 quid
3390 3344 3635 3413 sequitur
3665 3361 3678 3394 :
3712 3350 3763 3396 et

2157 3426 2213 3480 in
2242 3429 2352 3500 ipso
2383 3430 2615 3496 sperabo.
2673 3430 2802 3487 Post
2832 3439 2976 3486 tanta
3008 3431 3265 3487 beneﬁcia
3297 3432 3379 3486 vir
3408 3441 3630 3488 sanctus
3656 3431 3763 3487 sci-

2159 3517 2233 3572 vit
2264 3534 2295 3574 a
2326 3519 2417 3575 tali
2452 3535 2550 3591 spe
2579 3536 2685 3578 non
2714 3537 2835 3580 esse
2873 3524 3229 3591 cessandum;
3272 3523 3371 3579 sed
3399 3533 3603 3595 quanto
3638 3525 3762 3594 plus

2159 3613 2230 3667 ab
2271 3627 2338 3667 eo
2382 3624 2700 3685 acceperat,
2750 3624 2899 3671 tanto
2947 3616 3117 3686 magis
3163 3616 3395 3688 amplius
3449 3617 3762 3687 expetebat.

2161 3702 2402 3771 Addidit,
2439 3706 2715 3776 subiiciens
2759 3708 2976 3779 populos
3014 3708 3107 3762 sub
3136 3724 3235 3763 me.
3278 3708 3404 3764 Sive
3432 3710 3534 3763 hoc
3557 3708 3630 3764 de
3660 3708 3758 3763 fut-

2160 3804 2280 3850 turo
2307 3795 2455 3861 dicit,
2484 3799 2606 3869 quia
2638 3800 2850 3869 populis
2877 3800 3237 3870 imperaturus
3261 3811 3405 3863 erat;
3432 3799 3545 3854 sive
3570 3799 3752 3869 magis

2160 3890 2388 3959 populos
2411 3889 2514 3946 sibi
2541 3898 2803 3945 memorat
2825 3905 2947 3946 esse
2971 3890 3298 3957 subdendos,
3320 3905 3444 3960 quos
3470 3890 3526 3944 in
3550 3888 3758 3958 spiritu

2160 3985 2376 4041 videbat
2414 3982 2607 4039 semini
2647 3997 2768 4048 suo,
2815 3980 2869 4036 id
2908 3990 3022 4046 est,
3052 3980 3268 4037 Christo
3299 3981 3521 4055 Domino
3564 3980 3763 4050 subiti:

2161 4077 2385 4148 gandos,
2415 4075 2554 4131 sicut
2600 4074 2657 4129 in
2687 4072 2923 4130 secundo
2954 4074 3161 4145 psalmo
3206 4074 3319 4129 ait:
3348 4072 3571 4129 Postulo
3617 4090 3648 4127 a
3678 4090 3764 4128 me

2163 4180 2211 4226 et
2239 4170 2369 4224 dabo
2400 4168 2488 4224 tibi
2514 4177 2687 4240 gentes
2715 4165 3064 4221 facunditatem
3095 4176 3237 4221 tuam
3266 4164 3441 4235 (Psal.
3474 4180 3533 4231 tt,
3568 4165 3650 4236 8).

2234 4260 2389 4316 Vers.
2419 4262 2475 4316 3.
2508 4259 2741 4321 Domine,
2774 4258 2897 4328 quid
2923 4265 2995 4312 est
3025 4258 3220 4313 homo?
3236 4258 3379 4329 quod
3402 4258 3670 4313 innotuisti
3691 4258 3765 4325 ei,

2162 4361 2250 4407 aut
2285 4352 2426 4420 ﬁlius
2464 4350 2721 4406 hominis?
2759 4350 3002 4418 quoniam
3037 4360 3245 4417 reputas
3281 4365 3419 4406 eum.
3469 4349 3766 4405 Audiamus

2164 4458 2343 4511 regem
2390 4442 2511 4512 plus
2555 4444 2666 4497 suis
2707 4441 2940 4497 motibus
2989 4441 3372 4510 imperantem;
3406 4450 3466 4497 ut
3514 4450 3637 4511 post
3684 4449 3767 4497 tot

2169 4537 2396 4604 insignia
2427 4534 2681 4589 virtutum
2713 4542 2857 4587 tanta
2884 4532 3051 4603 gratia
3080 4532 3289 4587 Domini
3319 4540 3619 4602 protectus,
3652 4547 3767 4592 non

2170 4627 2344 4684 solum
2369 4640 2432 4683 se
2460 4626 2685 4681 fateatur
2713 4626 2984 4695 exiguum,
3016 4623 3117 4680 sed
3155 4625 3317 4680 etiam
3350 4623 3642 4679 humanum
3672 4639 3769 4695 ge.

2172 4737 2271 4775 nus
2303 4720 2503 4775 divinis
2532 4717 2806 4774 beneﬁciis
2839 4734 2934 4789 per
2974 4733 3034 4774 se
3073 4718 3414 4775 demonstret
3460 4718 3765 4788 indignum.

2170 4812 2405 4868 Annulat
2432 4811 2573 4865 enim
2601 4826 2722 4865 cum
2749 4809 2878 4864 dicit
2905 4826 2919 4862 :
2950 4809 3087 4875 Quid
3116 4820 3191 4866 est
3216 4810 3369 4864 homo
3392 4812 3423 4865 Ρ
3457 4810 3609 4880 quasi
3641 4810 3768 4880 pul-

2172 4905 2251 4960 vis
2278 4904 2369 4974 qui
2401 4912 2560 4958 vento
2591 4901 2754 4957 ﬂante
2786 4900 3106 4957 transfertur
3137 4918 3150 4954 :
3198 4901 3350 4971 quasi
3383 4901 3544 4957 limus
3572 4900 3625 4956 in
3661 4910 3772 4956 ter-

2172 5014 2285 5054 ram
2315 4996 2886 5069 quuidamgresolutus,
2917 4995 3005 5065 qui
3032 4995 3234 5051 habere
3257 5011 3361 5049 non
3392 5005 3573 5065 potest
3600 4994 3769 5050 firmi-

2171 5100 2355 5145 tatem.
2384 5089 2722 5159 Quapropter
2746 5087 2873 5150 quid
2899 5097 2971 5142 est
2997 5086 3193 5142 homo?
3218 5086 3319 5141 sub
3344 5085 3772 5158 interrogatione

2169 5192 2223 5238 ct
2253 5180 2510 5252 despectu
2542 5179 2992 5249 pronuntiandum
3021 5187 3125 5235 est.
3158 5179 3291 5235 IIuic
3320 5179 3551 5235 infertur
3582 5179 3770 5233 lauda-

2170 5278 2273 5329 tiva
2304 5275 2602 5344 reSponsio,
2635 5274 2774 5343 quod
2803 5274 3068 5328 innotuisti
3095 5274 3160 5331 ei.
3194 5272 3365 5342 Quale
3393 5280 3478 5329 est
3508 5272 3677 5337 enim,
3711 5279 3769 5325 ut

2169 5365 2263 5424 ille
2303 5357 2427 5422 οωῐί
2474 5372 2741 5436 terraeque
2783 5364 3074 5421 fabricator
3103 5379 3198 5436 per
3226 5364 3484 5435 assumpti
3523 5363 3773 5434 corporis

2171 5460 2471 5525 veritatem,
2504 5472 2674 5529 usque
2702 5458 2770 5513 ad
2801 5458 3077 5515 hominum
3109 5448 3362 5528 dignatus
3394 5456 3557 5512 fuerit
3584 5456 3774 5510 venire

2173 5552 2441 5616 notitiam,
2471 5558 2526 5607 et
2552 5550 2715 5606 rectis
2742 5548 2847 5605 ﬁde
2877 5548 3168 5605 innotuerit
3199 5545 3573 5604 inmstimabile
3598 5546 3773 5600 deita-

2172 5640 2243 5693 tis
2271 5639 2569 5694 arcanum?
2615 5640 2746 5706 Qum
2774 5639 2941 5709 ﬁgura
2967 5638 3159 5693 dicitur
3194 5637 3447 5704 erotesis,
3479 5636 3532 5693 id
3563 5644 3645 5692 est
3674 5650 3773 5705 op-

2175 5728 2350 5801 posita
2389 5744 2420 5788 a
2446 5731 2717 5789 contrario
2760 5729 3125 5803 interrogatio.
3170 5730 3347 5791 Simili
3393 5730 3556 5789 modo
3595 5729 3769 5787 inter-
