  <div class='ocr_page' id='page_1' title='image "/cluster/home/n/w/nwhite01/storage/ocr_20150623/70/hvd.32044015469356/514.png"; bbox 0 0 4078 6342; ppageno 0'>
   <div class='ocr_carea' id='block_1_1' title="bbox 275 318 3552 402">
    <p class='ocr_par' dir='ltr' id='par_1_1' title="bbox 275 318 3552 402">
     <span class='ocr_line' id='line_1_1' title="bbox 275 318 3552 402; baseline 0.009 -30"><span class='ocrx_word' id='word_1_1' title='bbox 275 318 404 374; x_wconf 81' lang='grc'>1017</span> <span class='ocrx_word' id='word_1_2' title='bbox 1191 319 1554 379; x_wconf 78' lang='lat' dir='ltr'><strong>EXPOSITIO</strong></span> <span class='ocrx_word' id='word_1_3' title='bbox 1597 319 1660 376; x_wconf 79' lang='lat' dir='ltr'><strong>IN</strong></span> <span class='ocrx_word' id='word_1_4' title='bbox 1702 319 2160 392; x_wconf 79' lang='lat' dir='ltr'><strong>PSALTERIUM.</strong></span> <span class='ocrx_word' id='word_1_5' title='bbox 2205 327 2395 386; x_wconf 78' lang='lat' dir='ltr'><strong>PSAL.</strong></span> <span class='ocrx_word' id='word_1_6' title='bbox 2437 331 2664 391; x_wconf 75' lang='lat' dir='ltr'><strong>CXLIII.</strong></span> <span class='ocrx_word' id='word_1_7' title='bbox 3413 345 3552 402; x_wconf 88' lang='grc'>1018</span> 
     </span>
    </p>
   </div>
   <div class='ocr_carea' id='block_1_2' title="bbox 271 431 3552 528">
    <p class='ocr_par' dir='ltr' id='par_1_2' title="bbox 271 431 3552 528">
     <span class='ocr_line' id='line_1_2' title="bbox 271 431 3552 528; baseline 0.008 -40"><span class='ocrx_word' id='word_1_8' title='bbox 271 431 563 502; x_wconf 85' lang='lat' dir='ltr'><strong>rogandum</strong></span> <span class='ocrx_word' id='word_1_9' title='bbox 613 441 695 487; x_wconf 87' lang='lat' dir='ltr'><strong>est</strong></span> <span class='ocrx_word' id='word_1_10' title='bbox 725 448 738 485; x_wconf 93' lang='lat'><strong>:</strong></span> <span class='ocrx_word' id='word_1_11' title='bbox 769 442 857 487; x_wconf 82' lang='lat' dir='ltr'><strong>aut</strong></span> <span class='ocrx_word' id='word_1_12' title='bbox 888 433 1026 502; x_wconf 81' lang='lat' dir='ltr'><strong>ﬁlius</strong></span> <span class='ocrx_word' id='word_1_13' title='bbox 1058 433 1276 487; x_wconf 82' lang='lat' dir='ltr'><strong>hominis</strong></span> <span class='ocrx_word' id='word_1_14' title='bbox 1301 435 1326 487; x_wconf 83' lang='lat'><strong><em>?</em></strong></span> <span class='ocrx_word' id='word_1_15' title='bbox 1364 432 1508 487; x_wconf 95' lang='lat' dir='ltr'><strong>ldem</strong></span> <span class='ocrx_word' id='word_1_16' title='bbox 1540 433 1861 503; x_wconf 89' lang='lat' dir='ltr'><strong>respondea-</strong></span> <span class='ocrx_word' id='word_1_17' title='bbox 1897 437 1947 497; x_wconf 85' lang='grc' dir='ltr'><strong>Α</strong></span> <span class='ocrx_word' id='word_1_18' title='bbox 1973 439 2123 505; x_wconf 89' lang='lat' dir='ltr'><strong>ticat;</strong></span> <span class='ocrx_word' id='word_1_19' title='bbox 2156 451 2212 496; x_wconf 90' lang='lat' dir='ltr'><strong>ut</strong></span> <span class='ocrx_word' id='word_1_20' title='bbox 2246 443 2335 512; x_wconf 86' lang='lat' dir='ltr'><strong>qui</strong></span> <span class='ocrx_word' id='word_1_21' title='bbox 2378 456 2506 504; x_wconf 98' lang='lat' dir='ltr'><strong>ante</strong></span> <span class='ocrx_word' id='word_1_22' title='bbox 2543 449 2752 507; x_wconf 88' lang='lat' dir='ltr'><strong>fuerant</strong></span> <span class='ocrx_word' id='word_1_23' title='bbox 2793 450 3063 509; x_wconf 75' lang='lat' dir='ltr'><strong>idolorum</strong></span> <span class='ocrx_word' id='word_1_24' title='bbox 3102 455 3325 511; x_wconf 77' lang='lat' dir='ltr'><strong>culturis</strong></span> <span class='ocrx_word' id='word_1_25' title='bbox 3363 457 3552 528; x_wconf 87' lang='lat' dir='ltr'><strong>dediti,</strong></span> 
     </span>
    </p>
   </div>
   <div class='ocr_carea' id='block_1_3' title="bbox 271 525 1861 596">
    <p class='ocr_par' dir='ltr' id='par_1_3' title="bbox 271 525 1861 596">
     <span class='ocr_line' id='line_1_3' title="bbox 271 525 1861 596; baseline -0.001 -16"><span class='ocrx_word' id='word_1_26' title='bbox 271 535 374 589; x_wconf 87' lang='lat' dir='ltr'><strong>tur,</strong></span> <span class='ocrx_word' id='word_1_27' title='bbox 410 525 656 595; x_wconf 84' lang='lat' dir='ltr'><strong>quoniam</strong></span> <span class='ocrx_word' id='word_1_28' title='bbox 693 535 899 596; x_wconf 75' lang='lat' dir='ltr'><strong>reputas</strong></span> <span class='ocrx_word' id='word_1_29' title='bbox 927 541 1077 590; x_wconf 86' lang='lat' dir='ltr'><strong>eum;</strong></span> <span class='ocrx_word' id='word_1_30' title='bbox 1110 525 1291 595; x_wconf 91' lang='lat' dir='ltr'><strong>utique</strong></span> <span class='ocrx_word' id='word_1_31' title='bbox 1330 525 1382 578; x_wconf 89' lang='lat' dir='ltr'><strong>in</strong></span> <span class='ocrx_word' id='word_1_32' title='bbox 1424 525 1614 579; x_wconf 88' lang='lat' dir='ltr'><strong>ovibus</strong></span> <span class='ocrx_word' id='word_1_33' title='bbox 1653 525 1779 591; x_wconf 91' lang='lat' dir='ltr'><strong>tuis,</strong></span> <span class='ocrx_word' id='word_1_34' title='bbox 1810 525 1861 578; x_wconf 92' lang='lat' dir='ltr'><strong>in</strong></span> 
     </span>
    </p>
   </div>
   <div class='ocr_carea' id='block_1_4' title="bbox 268 614 1862 686">
    <p class='ocr_par' dir='ltr' id='par_1_4' title="bbox 268 614 1862 686">
     <span class='ocr_line' id='line_1_4' title="bbox 268 614 1862 686; baseline -0.001 -16"><span class='ocrx_word' id='word_1_35' title='bbox 268 630 494 671; x_wconf 84' lang='lat' dir='ltr'><strong>numero</strong></span> <span class='ocrx_word' id='word_1_36' title='bbox 541 615 1066 686; x_wconf 77' lang='lat' dir='ltr'><strong>prtedestinatorum,</strong></span> <span class='ocrx_word' id='word_1_37' title='bbox 1119 615 1172 670; x_wconf 90' lang='lat' dir='ltr'><strong>in</strong></span> <span class='ocrx_word' id='word_1_38' title='bbox 1222 615 1309 671; x_wconf 88' lang='lat' dir='ltr'><strong>illa</strong></span> <span class='ocrx_word' id='word_1_39' title='bbox 1359 614 1659 670; x_wconf 79' lang='lat' dir='ltr'><strong>Jerusalem</strong></span> <span class='ocrx_word' id='word_1_40' title='bbox 1708 616 1862 670; x_wconf 88' lang='lat' dir='ltr'><strong>beata</strong></span> 
     </span>
    </p>
   </div>
   <div class='ocr_carea' id='block_1_5' title="bbox 267 709 1864 781">
    <p class='ocr_par' dir='ltr' id='par_1_5' title="bbox 267 709 1864 781">
     <span class='ocr_line' id='line_1_5' title="bbox 267 709 1864 781; baseline 0.001 -18"><span class='ocrx_word' id='word_1_41' title='bbox 267 710 352 763; x_wconf 91' lang='lat' dir='ltr'><strong>ubi</strong></span> <span class='ocrx_word' id='word_1_42' title='bbox 393 724 609 780; x_wconf 85' lang='lat' dir='ltr'><strong>semper</strong></span> <span class='ocrx_word' id='word_1_43' title='bbox 641 709 772 781; x_wconf 79' lang='lat' dir='ltr'><strong>iusti</strong></span> <span class='ocrx_word' id='word_1_44' title='bbox 811 710 880 766; x_wconf 90' lang='lat' dir='ltr'><strong>de</strong></span> <span class='ocrx_word' id='word_1_45' title='bbox 917 709 1122 764; x_wconf 88' lang='lat' dir='ltr'><strong>Domini</strong></span> <span class='ocrx_word' id='word_1_46' title='bbox 1159 709 1618 779; x_wconf 90' lang='lat' dir='ltr'><strong>contemplatione</strong></span> <span class='ocrx_word' id='word_1_47' title='bbox 1664 709 1864 780; x_wconf 85' lang='lat' dir='ltr'><strong>gaude-</strong></span> 
     </span>
    </p>
   </div>
   <div class='ocr_carea' id='block_1_6' title="bbox 266 801 421 856">
    <p class='ocr_par' dir='ltr' id='par_1_6' title="bbox 266 801 421 856">
     <span class='ocr_line' id='line_1_6' title="bbox 266 801 421 856; baseline 0 0"><span class='ocrx_word' id='word_1_48' title='bbox 266 801 421 856; x_wconf 85' lang='lat' dir='ltr'><strong>bunt.</strong></span> 
     </span>
    </p>
   </div>
   <div class='ocr_carea' id='block_1_7' title="bbox 337 891 1862 962">
    <p class='ocr_par' dir='ltr' id='par_1_7' title="bbox 337 891 1862 962">
     <span class='ocr_line' id='line_1_7' title="bbox 337 891 1862 962; baseline 0 -16"><span class='ocrx_word' id='word_1_49' title='bbox 337 892 493 948; x_wconf 76' lang='lat' dir='ltr'><strong>Vers.</strong></span> <span class='ocrx_word' id='word_1_50' title='bbox 527 891 583 946; x_wconf 76' lang='grc'><strong>4.</strong></span> <span class='ocrx_word' id='word_1_51' title='bbox 625 892 676 946; x_wconf 86' lang='grc' dir='ltr'><em>Π</em></span> <span class='ocrx_word' id='word_1_52' title='bbox 683 909 797 946; x_wconf 82' lang='grc' dir='ltr'><strong>ωηο</strong></span> <span class='ocrx_word' id='word_1_53' title='bbox 829 892 1039 946; x_wconf 74' lang='lat' dir='ltr'><strong>vanitati</strong></span> <span class='ocrx_word' id='word_1_54' title='bbox 1072 891 1256 946; x_wconf 88' lang='lat' dir='ltr'><strong>similis</strong></span> <span class='ocrx_word' id='word_1_55' title='bbox 1288 894 1452 962; x_wconf 77' lang='lat' dir='ltr'><strong>factus</strong></span> <span class='ocrx_word' id='word_1_56' title='bbox 1481 900 1589 960; x_wconf 87' lang='lat' dir='ltr'><strong>est;</strong></span> <span class='ocrx_word' id='word_1_57' title='bbox 1617 893 1726 946; x_wconf 88' lang='lat' dir='ltr'><strong>dies</strong></span> <span class='ocrx_word' id='word_1_58' title='bbox 1754 892 1862 962; x_wconf 84' lang='lat' dir='ltr'><strong>ejus</strong></span> 
     </span>
    </p>
   </div>
   <div class='ocr_carea' id='block_1_8' title="bbox 265 985 1860 1058">
    <p class='ocr_par' dir='ltr' id='par_1_8' title="bbox 265 985 1860 1058">
     <span class='ocr_line' id='line_1_8' title="bbox 265 985 1860 1058; baseline 0.001 -19"><span class='ocrx_word' id='word_1_59' title='bbox 265 987 394 1040; x_wconf 87' lang='lat' dir='ltr'><strong>sicut</strong></span> <span class='ocrx_word' id='word_1_60' title='bbox 426 986 603 1039; x_wconf 85' lang='lat' dir='ltr'><strong>umbra</strong></span> <span class='ocrx_word' id='word_1_61' title='bbox 640 995 970 1056; x_wconf 69' lang='lat' dir='ltr'><strong>praetereunt.</strong></span> <span class='ocrx_word' id='word_1_62' title='bbox 1026 985 1264 1056; x_wconf 79' lang='lat' dir='ltr'><strong>Exponit</strong></span> <span class='ocrx_word' id='word_1_63' title='bbox 1294 986 1567 1042; x_wconf 84' lang='lat' dir='ltr'><strong>detinitive</strong></span> <span class='ocrx_word' id='word_1_64' title='bbox 1595 990 1738 1058; x_wconf 90' lang='lat' dir='ltr'><strong>quod</strong></span> <span class='ocrx_word' id='word_1_65' title='bbox 1769 1003 1860 1040; x_wconf 87' lang='lat' dir='ltr'><strong>stt-</strong></span> 
     </span>
    </p>
   </div>
   <div class='ocr_carea' id='block_1_9' title="bbox 267 1077 1864 1148">
    <p class='ocr_par' dir='ltr' id='par_1_9' title="bbox 267 1077 1864 1148">
     <span class='ocr_line' id='line_1_9' title="bbox 267 1077 1864 1148; baseline -0.001 -16"><span class='ocrx_word' id='word_1_66' title='bbox 267 1079 446 1148; x_wconf 89' lang='lat' dir='ltr'><strong>perius</strong></span> <span class='ocrx_word' id='word_1_67' title='bbox 470 1077 705 1133; x_wconf 87' lang='lat' dir='ltr'><strong>breviter</strong></span> <span class='ocrx_word' id='word_1_68' title='bbox 733 1078 869 1132; x_wconf 81' lang='lat' dir='ltr'><strong>dixit</strong></span> <span class='ocrx_word' id='word_1_69' title='bbox 896 1095 908 1130; x_wconf 90' lang='lat'><strong>:</strong></span> <span class='ocrx_word' id='word_1_70' title='bbox 945 1077 1083 1142; x_wconf 82' lang='lat' dir='ltr'><strong>Quid</strong></span> <span class='ocrx_word' id='word_1_71' title='bbox 1113 1092 1186 1132; x_wconf 86' lang='lat' dir='ltr'><strong>est</strong></span> <span class='ocrx_word' id='word_1_72' title='bbox 1215 1079 1406 1131; x_wconf 82' lang='lat' dir='ltr'><strong>homo?</strong></span> <span class='ocrx_word' id='word_1_73' title='bbox 1435 1079 1482 1131; x_wconf 89' lang='lat' dir='ltr'><strong>id</strong></span> <span class='ocrx_word' id='word_1_74' title='bbox 1515 1085 1623 1133; x_wconf 86' lang='lat' dir='ltr'><strong>est‘</strong></span> <span class='ocrx_word' id='word_1_75' title='bbox 1649 1080 1864 1133; x_wconf 82' lang='lat' dir='ltr'><strong>vanitati</strong></span> 
     </span>
    </p>
   </div>
   <div class='ocr_carea' id='block_1_10' title="bbox 262 1169 1861 1241">
    <p class='ocr_par' dir='ltr' id='par_1_10' title="bbox 262 1169 1861 1241">
     <span class='ocr_line' id='line_1_10' title="bbox 262 1169 1861 1241; baseline 0.002 -18"><span class='ocrx_word' id='word_1_76' title='bbox 262 1170 449 1224; x_wconf 85' lang='lat' dir='ltr'><strong>similis</strong></span> <span class='ocrx_word' id='word_1_77' title='bbox 488 1169 686 1240; x_wconf 75' lang='lat' dir='ltr'><strong>factus,</strong></span> <span class='ocrx_word' id='word_1_78' title='bbox 737 1185 841 1224; x_wconf 91' lang='lat' dir='ltr'><strong>non</strong></span> <span class='ocrx_word' id='word_1_79' title='bbox 889 1171 1204 1239; x_wconf 76' lang='lat' dir='ltr'><strong>plasmatus.</strong></span> <span class='ocrx_word' id='word_1_80' title='bbox 1254 1170 1422 1224; x_wconf 87' lang='lat' dir='ltr'><strong>Adam</strong></span> <span class='ocrx_word' id='word_1_81' title='bbox 1470 1172 1612 1224; x_wconf 88' lang='lat' dir='ltr'><strong>enim</strong></span> <span class='ocrx_word' id='word_1_82' title='bbox 1646 1171 1861 1241; x_wconf 83' lang='lat' dir='ltr'><strong>quando</strong></span> 
     </span>
    </p>
   </div>
   <div class='ocr_carea' id='block_1_11' title="bbox 265 1262 1852 1330">
    <p class='ocr_par' dir='ltr' id='par_1_11' title="bbox 265 1262 1852 1330">
     <span class='ocr_line' id='line_1_11' title="bbox 265 1262 1852 1330; baseline 0.002 -17"><span class='ocrx_word' id='word_1_83' title='bbox 265 1268 477 1316; x_wconf 88' lang='lat' dir='ltr'><strong>creatus</strong></span> <span class='ocrx_word' id='word_1_84' title='bbox 503 1270 605 1324; x_wconf 87' lang='lat' dir='ltr'><strong>est.</strong></span> <span class='ocrx_word' id='word_1_85' title='bbox 640 1276 819 1329; x_wconf 85' lang='lat' dir='ltr'><strong>verax,</strong></span> <span class='ocrx_word' id='word_1_86' title='bbox 852 1262 1104 1330; x_wconf 79' lang='lat' dir='ltr'><strong>simplex,</strong></span> <span class='ocrx_word' id='word_1_87' title='bbox 1141 1277 1324 1330; x_wconf 89' lang='lat' dir='ltr'><strong>purus,</strong></span> <span class='ocrx_word' id='word_1_88' title='bbox 1363 1262 1682 1316; x_wconf 90' lang='lat' dir='ltr'><strong>immortalis</strong></span> <span class='ocrx_word' id='word_1_89' title='bbox 1725 1262 1852 1328; x_wconf 86' lang='lat' dir='ltr'><strong>fuit;</strong></span> 
     </span>
    </p>
   </div>
   <div class='ocr_carea' id='block_1_12' title="bbox 263 1350 1860 1423">
    <p class='ocr_par' dir='ltr' id='par_1_12' title="bbox 263 1350 1860 1423">
     <span class='ocr_line' id='line_1_12' title="bbox 263 1350 1860 1423; baseline 0.001 -18"><span class='ocrx_word' id='word_1_90' title='bbox 263 1350 359 1406; x_wconf 83' lang='lat' dir='ltr'><strong>sed</strong></span> <span class='ocrx_word' id='word_1_91' title='bbox 390 1362 665 1422; x_wconf 86' lang='lat' dir='ltr'><strong>postquam</strong></span> <span class='ocrx_word' id='word_1_92' title='bbox 714 1351 907 1408; x_wconf 83' lang='lat' dir='ltr'><strong>femina</strong></span> <span class='ocrx_word' id='word_1_93' title='bbox 952 1363 1271 1423; x_wconf 77' lang='lat' dir='ltr'><strong>suggerente</strong></span> <span class='ocrx_word' id='word_1_94' title='bbox 1303 1355 1561 1423; x_wconf 86' lang='lat' dir='ltr'><strong>peccavit,</strong></span> <span class='ocrx_word' id='word_1_95' title='bbox 1590 1355 1755 1423; x_wconf 78' lang='lat' dir='ltr'><strong>factus</strong></span> <span class='ocrx_word' id='word_1_96' title='bbox 1785 1362 1860 1407; x_wconf 87' lang='lat' dir='ltr'><strong>est</strong></span> 
     </span>
    </p>
   </div>
   <div class='ocr_carea' id='block_1_13' title="bbox 264 1428 1858 1516">
    <p class='ocr_par' dir='ltr' id='par_1_13' title="bbox 264 1428 1858 1516">
     <span class='ocr_line' id='line_1_13' title="bbox 264 1428 1858 1516; baseline 0 -18"><span class='ocrx_word' id='word_1_97' title='bbox 264 1445 480 1498; x_wconf 72' lang='lat' dir='ltr'><strong>vanitati</strong></span> <span class='ocrx_word' id='word_1_98' title='bbox 529 1445 751 1510; x_wconf 89' lang='lat' dir='ltr'><strong>similis,</strong></span> <span class='ocrx_word' id='word_1_99' title='bbox 799 1446 1050 1516; x_wconf 91' lang='lat' dir='ltr'><strong>quoniam</strong></span> <span class='ocrx_word' id='word_1_100' title='bbox 1095 1456 1150 1500; x_wconf 91' lang='lat' dir='ltr'><strong>et</strong></span> <span class='ocrx_word' id='word_1_101' title='bbox 1202 1445 1472 1500; x_wconf 87' lang='lat' dir='ltr'><strong>mutabilis</strong></span> <span class='ocrx_word' id='word_1_102' title='bbox 1513 1428 1571 1501; x_wconf 54' lang='lat' dir='ltr'><strong>&#39;et</strong></span> <span class='ocrx_word' id='word_1_103' title='bbox 1615 1445 1858 1499; x_wconf 89' lang='lat' dir='ltr'><strong>mortalis</strong></span> 
     </span>
    </p>
   </div>
   <div class='ocr_carea' id='block_1_14' title="bbox 262 1535 1856 1608">
    <p class='ocr_par' dir='ltr' id='par_1_14' title="bbox 262 1535 1856 1608">
     <span class='ocr_line' id='line_1_14' title="bbox 262 1535 1856 1608; baseline 0.002 -18"><span class='ocrx_word' id='word_1_104' title='bbox 262 1535 483 1591; x_wconf 79' lang='lat' dir='ltr'><strong>effectus</strong></span> <span class='ocrx_word' id='word_1_105' title='bbox 512 1547 614 1591; x_wconf 89' lang='lat' dir='ltr'><strong>est.</strong></span> <span class='ocrx_word' id='word_1_106' title='bbox 645 1536 848 1591; x_wconf 85' lang='lat' dir='ltr'><strong>Vanum</strong></span> <span class='ocrx_word' id='word_1_107' title='bbox 880 1539 1022 1592; x_wconf 89' lang='lat' dir='ltr'><strong>enim</strong></span> <span class='ocrx_word' id='word_1_108' title='bbox 1054 1537 1181 1592; x_wconf 90' lang='lat' dir='ltr'><strong>illud</strong></span> <span class='ocrx_word' id='word_1_109' title='bbox 1213 1537 1463 1606; x_wconf 88' lang='lat' dir='ltr'><strong>dicimus,</strong></span> <span class='ocrx_word' id='word_1_110' title='bbox 1497 1539 1634 1608; x_wconf 90' lang='lat' dir='ltr'><strong>quod</strong></span> <span class='ocrx_word' id='word_1_111' title='bbox 1667 1538 1733 1592; x_wconf 89' lang='lat' dir='ltr'><strong>de</strong></span> <span class='ocrx_word' id='word_1_112' title='bbox 1759 1553 1856 1592; x_wconf 89' lang='lat' dir='ltr'><strong>sua</strong></span> 
     </span>
    </p>
   </div>
   <div class='ocr_carea' id='block_1_15' title="bbox 262 1627 1853 1694">
    <p class='ocr_par' dir='ltr' id='par_1_15' title="bbox 262 1627 1853 1694">
     <span class='ocr_line' id='line_1_15' title="bbox 262 1627 1853 1694; baseline -0.002 -11"><span class='ocrx_word' id='word_1_113' title='bbox 262 1627 558 1683; x_wconf 78' lang='lat' dir='ltr'><strong>substantia</strong></span> <span class='ocrx_word' id='word_1_114' title='bbox 594 1627 814 1694; x_wconf 85' lang='lat' dir='ltr'><strong>cadens,</strong></span> <span class='ocrx_word' id='word_1_115' title='bbox 847 1629 898 1683; x_wconf 89' lang='lat' dir='ltr'><strong>in</strong></span> <span class='ocrx_word' id='word_1_116' title='bbox 930 1643 1088 1682; x_wconf 86' lang='lat' dir='ltr'><strong>auras</strong></span> <span class='ocrx_word' id='word_1_117' title='bbox 1121 1637 1310 1683; x_wconf 90' lang='lat' dir='ltr'><strong>tenues</strong></span> <span class='ocrx_word' id='word_1_118' title='bbox 1349 1630 1643 1693; x_wconf 86' lang='lat' dir='ltr'><strong>evanescit,</strong></span> <span class='ocrx_word' id='word_1_119' title='bbox 1679 1640 1728 1680; x_wconf 89' lang='lat' dir='ltr'><strong>ut</strong></span> <span class='ocrx_word' id='word_1_120' title='bbox 1774 1629 1853 1681; x_wconf 88' lang='lat' dir='ltr'><strong>fu-</strong></span> 
     </span>
    </p>
   </div>
   <div class='ocr_carea' id='block_1_16' title="bbox 263 1719 1856 1790">
    <p class='ocr_par' dir='ltr' id='par_1_16' title="bbox 263 1719 1856 1790">
     <span class='ocr_line' id='line_1_16' title="bbox 263 1719 1856 1790; baseline 0 -18"><span class='ocrx_word' id='word_1_121' title='bbox 263 1734 403 1785; x_wconf 87' lang='lat' dir='ltr'><strong>mus,</strong></span> <span class='ocrx_word' id='word_1_122' title='bbox 436 1729 494 1774; x_wconf 89' lang='lat' dir='ltr'><strong>ut</strong></span> <span class='ocrx_word' id='word_1_123' title='bbox 521 1721 730 1775; x_wconf 90' lang='lat' dir='ltr'><strong>umbra.</strong></span> <span class='ocrx_word' id='word_1_124' title='bbox 760 1719 923 1790; x_wconf 86' lang='lat' dir='ltr'><strong>Cujus</strong></span> <span class='ocrx_word' id='word_1_125' title='bbox 952 1720 1028 1775; x_wconf 89' lang='lat' dir='ltr'><strong>rei</strong></span> <span class='ocrx_word' id='word_1_126' title='bbox 1058 1721 1171 1789; x_wconf 90' lang='lat' dir='ltr'><strong>ipse</strong></span> <span class='ocrx_word' id='word_1_127' title='bbox 1198 1720 1655 1790; x_wconf 89' lang='lat' dir='ltr'><strong>comparationem</strong></span> <span class='ocrx_word' id='word_1_128' title='bbox 1685 1719 1856 1785; x_wconf 86' lang='lat' dir='ltr'><strong>dedit,</strong></span> 
     </span>
    </p>
   </div>
   <div class='ocr_carea' id='block_1_17' title="bbox 1967 530 3555 621">
    <p class='ocr_par' dir='ltr' id='par_1_17' title="bbox 1967 530 3555 621">
     <span class='ocr_line' id='line_1_17' title="bbox 1967 530 3555 621; baseline 0.02 -42"><span class='ocrx_word' id='word_1_129' title='bbox 1967 530 2193 621; x_wconf 82' lang='lat' dir='ltr'><strong>subinde</strong></span> <span class='ocrx_word' id='word_1_130' title='bbox 2242 536 2307 590; x_wconf 93' lang='lat' dir='ltr'><strong>ad</strong></span> <span class='ocrx_word' id='word_1_131' title='bbox 2358 537 2618 596; x_wconf 77' lang='lat' dir='ltr'><strong>Ecclesia:</strong></span> <span class='ocrx_word' id='word_1_132' title='bbox 2663 543 2943 601; x_wconf 66' lang='lat' dir='ltr'><strong>catholicae</strong></span> <span class='ocrx_word' id='word_1_133' title='bbox 2987 558 3137 616; x_wconf 87' lang='lat' dir='ltr'><strong>septa</strong></span> <span class='ocrx_word' id='word_1_134' title='bbox 3184 551 3555 621; x_wconf 86' lang='lat' dir='ltr'><strong>confugerent.</strong></span> 
     </span>
    </p>
   </div>
   <div class='ocr_carea' id='block_1_18' title="bbox 1964 620 3553 703">
    <p class='ocr_par' dir='ltr' id='par_1_18' title="bbox 1964 620 3553 703">
     <span class='ocr_line' id='line_1_18' title="bbox 1964 620 3553 703; baseline 0.014 -27"><span class='ocrx_word' id='word_1_135' title='bbox 1964 620 2238 692; x_wconf 80' lang='lat' dir='ltr'><strong>Sequitur,</strong></span> <span class='ocrx_word' id='word_1_136' title='bbox 2292 629 2464 681; x_wconf 81' lang='lat' dir='ltr'><strong>euitte</strong></span> <span class='ocrx_word' id='word_1_137' title='bbox 2515 633 2728 703; x_wconf 84' lang='lat' dir='ltr'><strong>sagittas</strong></span> <span class='ocrx_word' id='word_1_138' title='bbox 2784 645 2930 702; x_wconf 84' lang='lat' dir='ltr'><strong>tuas,</strong></span> <span class='ocrx_word' id='word_1_139' title='bbox 2983 647 3030 692; x_wconf 89' lang='lat' dir='ltr'><strong>et</strong></span> <span class='ocrx_word' id='word_1_140' title='bbox 3079 620 3406 697; x_wconf 85' lang='lat' dir='ltr'><strong>conturbabis</strong></span> <span class='ocrx_word' id='word_1_141' title='bbox 3446 661 3553 702; x_wconf 88' lang='lat' dir='ltr'><strong>eos.</strong></span> 
     </span>
    </p>
   </div>
   <div class='ocr_carea' id='block_1_19' title="bbox 1964 711 3555 801">
    <p class='ocr_par' dir='ltr' id='par_1_19' title="bbox 1964 711 3555 801">
     <span class='ocr_line' id='line_1_19' title="bbox 1964 711 3555 801; baseline 0.014 -33"><span class='ocrx_word' id='word_1_142' title='bbox 1964 711 2195 782; x_wconf 88' lang='lat' dir='ltr'><strong>Sagittas</strong></span> <span class='ocrx_word' id='word_1_143' title='bbox 2243 719 2518 786; x_wconf 90' lang='lat' dir='ltr'><strong>apostolos</strong></span> <span class='ocrx_word' id='word_1_144' title='bbox 2567 722 2852 794; x_wconf 83' lang='lat' dir='ltr'><strong>signiﬁcat,</strong></span> <span class='ocrx_word' id='word_1_145' title='bbox 2883 729 2973 798; x_wconf 91' lang='lat' dir='ltr'><strong>qui</strong></span> <span class='ocrx_word' id='word_1_146' title='bbox 3024 731 3250 786; x_wconf 86' lang='lat' dir='ltr'><strong>veritate</strong></span> <span class='ocrx_word' id='word_1_147' title='bbox 3300 735 3555 801; x_wconf 75' lang='lat' dir='ltr'><strong>prredica-</strong></span> 
     </span>
    </p>
   </div>
   <div class='ocr_carea' id='block_1_20' title="bbox 1966 805 3555 894">
    <p class='ocr_par' dir='ltr' id='par_1_20' title="bbox 1966 805 3555 894">
     <span class='ocr_line' id='line_1_20' title="bbox 1966 805 3555 894; baseline 0.015 -36"><span class='ocrx_word' id='word_1_148' title='bbox 1966 805 2168 860; x_wconf 86' lang='lat' dir='ltr'><strong>tionum</strong></span> <span class='ocrx_word' id='word_1_149' title='bbox 2217 815 2467 880; x_wconf 90' lang='lat' dir='ltr'><strong>tanquam</strong></span> <span class='ocrx_word' id='word_1_150' title='bbox 2512 811 2685 882; x_wconf 83' lang='lat' dir='ltr'><strong>jacula</strong></span> <span class='ocrx_word' id='word_1_151' title='bbox 2738 829 2966 886; x_wconf 89' lang='lat' dir='ltr'><strong>pennata</strong></span> <span class='ocrx_word' id='word_1_152' title='bbox 3018 821 3292 878; x_wconf 85' lang='lat' dir='ltr'><strong>hominum</strong></span> <span class='ocrx_word' id='word_1_153' title='bbox 3335 836 3555 894; x_wconf 83' lang='lat' dir='ltr'><strong>pectora</strong></span> 
     </span>
    </p>
   </div>
   <div class='ocr_carea' id='block_1_21' title="bbox 1965 898 3554 972">
    <p class='ocr_par' dir='ltr' id='par_1_21' title="bbox 1965 898 3554 972">
     <span class='ocr_line' id='line_1_21' title="bbox 1965 898 3554 972; baseline 0.014 -22"><span class='ocrx_word' id='word_1_154' title='bbox 1965 898 2381 967; x_wconf 89' lang='lat' dir='ltr'><strong>transfoderunt,</strong></span> <span class='ocrx_word' id='word_1_155' title='bbox 2404 905 2686 960; x_wconf 88' lang='lat' dir='ltr'><strong>sanitatem</strong></span> <span class='ocrx_word' id='word_1_156' title='bbox 2734 911 2995 965; x_wconf 86' lang='lat' dir='ltr'><strong>mentium</strong></span> <span class='ocrx_word' id='word_1_157' title='bbox 3041 913 3210 968; x_wconf 86' lang='lat' dir='ltr'><strong>sacris</strong></span> <span class='ocrx_word' id='word_1_158' title='bbox 3241 916 3554 972; x_wconf 88' lang='lat' dir='ltr'><strong>vulneribus</strong></span> 
     </span>
    </p>
   </div>
   <div class='ocr_carea' id='block_1_22' title="bbox 1963 991 3554 1075">
    <p class='ocr_par' dir='ltr' id='par_1_22' title="bbox 1963 991 3554 1075">
     <span class='ocr_line' id='line_1_22' title="bbox 1963 991 3554 1075; baseline 0.014 -33"><span class='ocrx_word' id='word_1_159' title='bbox 1963 999 2271 1057; x_wconf 89' lang='lat' dir='ltr'><strong>operantes.</strong></span> <span class='ocrx_word' id='word_1_160' title='bbox 2307 991 2409 1048; x_wconf 85' lang='lat' dir='ltr'><strong>Eos</strong></span> <span class='ocrx_word' id='word_1_161' title='bbox 2453 1006 2658 1061; x_wconf 87' lang='lat' dir='ltr'><strong>autem,</strong></span> <span class='ocrx_word' id='word_1_162' title='bbox 2689 999 2754 1052; x_wconf 92' lang='lat' dir='ltr'><strong>ad</strong></span> <span class='ocrx_word' id='word_1_163' title='bbox 2803 1010 3012 1055; x_wconf 88' lang='lat' dir='ltr'><strong>montes</strong></span> <span class='ocrx_word' id='word_1_164' title='bbox 3059 1004 3401 1062; x_wconf 85' lang='lat' dir='ltr'><strong>referendum</strong></span> <span class='ocrx_word' id='word_1_165' title='bbox 3447 1015 3554 1075; x_wconf 88' lang='lat' dir='ltr'><strong>est,</strong></span> 
     </span>
    </p>
   </div>
   <div class='ocr_carea' id='block_1_23' title="bbox 1965 1087 3028 1154">
    <p class='ocr_par' dir='ltr' id='par_1_23' title="bbox 1965 1087 3028 1154">
     <span class='ocr_line' id='line_1_23' title="bbox 1965 1087 3028 1154; baseline 0.014 -23"><span class='ocrx_word' id='word_1_166' title='bbox 1965 1094 2097 1148; x_wconf 86' lang='lat' dir='ltr'><strong>quos</strong></span> <span class='ocrx_word' id='word_1_167' title='bbox 2131 1087 2180 1136; x_wconf 93' lang='lat' dir='ltr'><strong>in</strong></span> <span class='ocrx_word' id='word_1_168' title='bbox 2213 1097 2369 1137; x_wconf 89' lang='lat' dir='ltr'><strong>versu</strong></span> <span class='ocrx_word' id='word_1_169' title='bbox 2398 1087 2662 1154; x_wconf 88' lang='lat' dir='ltr'><strong>superiori</strong></span> <span class='ocrx_word' id='word_1_170' title='bbox 2695 1095 3028 1146; x_wconf 86' lang='lat' dir='ltr'><strong>memoravit.</strong></span> 
     </span>
    </p>
   </div>
   <div class='ocr_carea' id='block_1_24' title="bbox 2037 1169 3556 1255">
    <p class='ocr_par' dir='ltr' id='par_1_24' title="bbox 2037 1169 3556 1255">
     <span class='ocr_line' id='line_1_24' title="bbox 2037 1169 3556 1255; baseline 0.011 -30"><span class='ocrx_word' id='word_1_171' title='bbox 2037 1169 2189 1226; x_wconf 82' lang='lat' dir='ltr'><strong>Vers.</strong></span> <span class='ocrx_word' id='word_1_172' title='bbox 2214 1171 2268 1225; x_wconf 87' lang='lat'><strong>7.</strong></span> <span class='ocrx_word' id='word_1_173' title='bbox 2298 1170 2487 1228; x_wconf 82' lang='lat' dir='ltr'><strong>Emitte</strong></span> <span class='ocrx_word' id='word_1_174' title='bbox 2515 1192 2722 1230; x_wconf 88' lang='lat' dir='ltr'><strong>manum</strong></span> <span class='ocrx_word' id='word_1_175' title='bbox 2761 1189 2902 1231; x_wconf 83' lang='lat' dir='ltr'><strong>tuam</strong></span> <span class='ocrx_word' id='word_1_176' title='bbox 2940 1180 3003 1232; x_wconf 90' lang='lat' dir='ltr'><strong>de</strong></span> <span class='ocrx_word' id='word_1_177' title='bbox 3042 1181 3172 1246; x_wconf 84' lang='lat' dir='ltr'><strong>alto,</strong></span> <span class='ocrx_word' id='word_1_178' title='bbox 3213 1183 3354 1255; x_wconf 82' lang='lat' dir='ltr'><strong>eripe</strong></span> <span class='ocrx_word' id='word_1_179' title='bbox 3389 1201 3468 1239; x_wconf 88' lang='lat' dir='ltr'><strong>me</strong></span> <span class='ocrx_word' id='word_1_180' title='bbox 3508 1196 3556 1241; x_wconf 88' lang='lat' dir='ltr'><strong>et</strong></span> 
     </span>
    </p>
   </div>
   <div class='ocr_carea' id='block_1_25' title="bbox 1963 1265 3554 1346">
    <p class='ocr_par' dir='ltr' id='par_1_25' title="bbox 1963 1265 3554 1346">
     <span class='ocr_line' id='line_1_25' title="bbox 1963 1265 3554 1346; baseline 0.014 -29"><span class='ocrx_word' id='word_1_181' title='bbox 1963 1265 2123 1319; x_wconf 89' lang='lat' dir='ltr'><strong>libera</strong></span> <span class='ocrx_word' id='word_1_182' title='bbox 2144 1283 2221 1321; x_wconf 89' lang='lat' dir='ltr'><strong>nte</strong></span> <span class='ocrx_word' id='word_1_183' title='bbox 2242 1269 2305 1321; x_wconf 87' lang='lat' dir='ltr'><strong>de</strong></span> <span class='ocrx_word' id='word_1_184' title='bbox 2325 1271 2470 1339; x_wconf 82' lang='lat' dir='ltr'><strong>aquis</strong></span> <span class='ocrx_word' id='word_1_185' title='bbox 2497 1271 2696 1337; x_wconf 86' lang='lat' dir='ltr'><strong>multis,</strong></span> <span class='ocrx_word' id='word_1_186' title='bbox 2722 1274 2785 1328; x_wconf 80' lang='lat' dir='ltr'><strong>de</strong></span> <span class='ocrx_word' id='word_1_187' title='bbox 2807 1292 2961 1330; x_wconf 89' lang='lat' dir='ltr'><strong>manu</strong></span> <span class='ocrx_word' id='word_1_188' title='bbox 2985 1277 3214 1346; x_wconf 83' lang='lat' dir='ltr'><strong>ﬁliorum</strong></span> <span class='ocrx_word' id='word_1_189' title='bbox 3244 1282 3554 1340; x_wconf 80' lang='lat' dir='ltr'><strong>alienarunt.</strong></span> 
     </span>
    </p>
   </div>
   <div class='ocr_carea' id='block_1_26' title="bbox 1964 1358 3550 1431">
    <p class='ocr_par' dir='ltr' id='par_1_26' title="bbox 1964 1358 3550 1431">
     <span class='ocr_line' id='line_1_26' title="bbox 1964 1358 3550 1431; baseline 0.013 -19"><span class='ocrx_word' id='word_1_190' title='bbox 1964 1358 2062 1412; x_wconf 88' lang='lat' dir='ltr'><strong>llic</strong></span> <span class='ocrx_word' id='word_1_191' title='bbox 2089 1359 2154 1414; x_wconf 88' lang='lat' dir='ltr'><strong>ad</strong></span> <span class='ocrx_word' id='word_1_192' title='bbox 2181 1360 2392 1417; x_wconf 86' lang='lat' dir='ltr'><strong>Patrem</strong></span> <span class='ocrx_word' id='word_1_193' title='bbox 2425 1364 2581 1418; x_wconf 88' lang='lat' dir='ltr'><strong>verba</strong></span> <span class='ocrx_word' id='word_1_194' title='bbox 2613 1371 2900 1424; x_wconf 87' lang='lat' dir='ltr'><strong>convertit.</strong></span> <span class='ocrx_word' id='word_1_195' title='bbox 2966 1371 3183 1428; x_wconf 83' lang='lat' dir='ltr'><strong>Manum</strong></span> <span class='ocrx_word' id='word_1_196' title='bbox 3211 1374 3340 1430; x_wconf 89' lang='lat' dir='ltr'><strong>dicit</strong></span> <span class='ocrx_word' id='word_1_197' title='bbox 3368 1376 3550 1431; x_wconf 90' lang='lat' dir='ltr'><strong>Domi-</strong></span> 
     </span>
    </p>
   </div>
   <div class='ocr_carea' id='block_1_27' title="bbox 1964 1452 3555 1537">
    <p class='ocr_par' dir='ltr' id='par_1_27' title="bbox 1964 1452 3555 1537">
     <span class='ocr_line' id='line_1_27' title="bbox 1964 1452 3555 1537; baseline 0.012 -32"><span class='ocrx_word' id='word_1_198' title='bbox 1964 1467 2090 1506; x_wconf 91' lang='lat' dir='ltr'><strong>num</strong></span> <span class='ocrx_word' id='word_1_199' title='bbox 2122 1452 2493 1522; x_wconf 88' lang='lat' dir='ltr'><strong>Salvatorem;</strong></span> <span class='ocrx_word' id='word_1_200' title='bbox 2533 1459 2647 1528; x_wconf 88' lang='lat' dir='ltr'><strong>ipse</strong></span> <span class='ocrx_word' id='word_1_201' title='bbox 2688 1461 2831 1515; x_wconf 89' lang='lat' dir='ltr'><strong>enim</strong></span> <span class='ocrx_word' id='word_1_202' title='bbox 2881 1478 3072 1521; x_wconf 89' lang='lat' dir='ltr'><strong>manus</strong></span> <span class='ocrx_word' id='word_1_203' title='bbox 3115 1477 3198 1521; x_wconf 90' lang='lat' dir='ltr'><strong>est</strong></span> <span class='ocrx_word' id='word_1_204' title='bbox 3229 1467 3425 1537; x_wconf 86' lang='lat' dir='ltr'><strong>Patris,</strong></span> <span class='ocrx_word' id='word_1_205' title='bbox 3459 1485 3555 1537; x_wconf 87' lang='lat' dir='ltr'><strong>per</strong></span> 
     </span>
    </p>
   </div>
   <div class='ocr_carea' id='block_1_28' title="bbox 1961 1547 3555 1630">
    <p class='ocr_par' dir='ltr' id='par_1_28' title="bbox 1961 1547 3555 1630">
     <span class='ocr_line' id='line_1_28' title="bbox 1961 1547 3555 1630; baseline 0.011 -31"><span class='ocrx_word' id='word_1_206' title='bbox 1961 1561 2118 1615; x_wconf 88' lang='lat' dir='ltr'><strong>quem</strong></span> <span class='ocrx_word' id='word_1_207' title='bbox 2151 1547 2289 1603; x_wconf 87' lang='lat' dir='ltr'><strong>facta</strong></span> <span class='ocrx_word' id='word_1_208' title='bbox 2317 1559 2566 1622; x_wconf 87' lang='lat' dir='ltr'><strong>constant</strong></span> <span class='ocrx_word' id='word_1_209' title='bbox 2593 1553 3048 1626; x_wconf 79' lang='lat' dir='ltr'><strong>universazquem</strong></span> <span class='ocrx_word' id='word_1_210' title='bbox 3080 1560 3263 1615; x_wconf 89' lang='lat' dir='ltr'><strong>venire</strong></span> <span class='ocrx_word' id='word_1_211' title='bbox 3292 1561 3555 1630; x_wconf 79' lang='lat' dir='ltr'><strong>depreca-</strong></span> 
     </span>
    </p>
   </div>
   <div class='ocr_carea' id='block_1_29' title="bbox 1964 1639 3558 1722">
    <p class='ocr_par' dir='ltr' id='par_1_29' title="bbox 1964 1639 3558 1722">
     <span class='ocr_line' id='line_1_29' title="bbox 1964 1639 3558 1722; baseline 0.011 -32"><span class='ocrx_word' id='word_1_212' title='bbox 1964 1645 2068 1700; x_wconf 85' lang='lat' dir='ltr'><strong>tur,</strong></span> <span class='ocrx_word' id='word_1_213' title='bbox 2099 1649 2155 1693; x_wconf 92' lang='lat' dir='ltr'><strong>ut</strong></span> <span class='ocrx_word' id='word_1_214' title='bbox 2182 1639 2399 1694; x_wconf 88' lang='lat' dir='ltr'><strong>liberari</strong></span> <span class='ocrx_word' id='word_1_215' title='bbox 2443 1642 2586 1714; x_wconf 81' lang='lat' dir='ltr'><strong>[mss.</strong></span> <span class='ocrx_word' id='word_1_216' title='bbox 2623 1643 2714 1710; x_wconf 75' lang='lat'><strong>0.,</strong></span> <span class='ocrx_word' id='word_1_217' title='bbox 2740 1644 2830 1712; x_wconf 86' lang='lat' dir='ltr'><strong>A.,</strong></span> <span class='ocrx_word' id='word_1_218' title='bbox 2862 1647 3118 1719; x_wconf 86' lang='lat' dir='ltr'><strong>liberare]</strong></span> <span class='ocrx_word' id='word_1_219' title='bbox 3169 1652 3336 1717; x_wconf 86' lang='lat' dir='ltr'><strong>possit</strong></span> <span class='ocrx_word' id='word_1_220' title='bbox 3383 1668 3558 1722; x_wconf 83' lang='lat' dir='ltr'><strong>genus</strong></span> 
     </span>
    </p>
   </div>
   <div class='ocr_carea' id='block_1_30' title="bbox 1965 1729 3550 1806">
    <p class='ocr_par' dir='ltr' id='par_1_30' title="bbox 1965 1729 3550 1806">
     <span class='ocr_line' id='line_1_30' title="bbox 1965 1729 3550 1806; baseline 0.011 -26"><span class='ocrx_word' id='word_1_221' title='bbox 1965 1729 2276 1786; x_wconf 83' lang='lat' dir='ltr'><strong>humanum.</strong></span> <span class='ocrx_word' id='word_1_222' title='bbox 2315 1731 2391 1786; x_wconf 88' lang='lat' dir='ltr'><strong>De</strong></span> <span class='ocrx_word' id='word_1_223' title='bbox 2417 1737 2553 1800; x_wconf 91' lang='lat' dir='ltr'><strong>alto,</strong></span> <span class='ocrx_word' id='word_1_224' title='bbox 2592 1734 2660 1790; x_wconf 90' lang='lat' dir='ltr'><strong>de</strong></span> <span class='ocrx_word' id='word_1_225' title='bbox 2702 1739 2983 1804; x_wconf 88' lang='lat' dir='ltr'><strong>potestatis</strong></span> <span class='ocrx_word' id='word_1_226' title='bbox 3020 1741 3262 1806; x_wconf 76' lang='lat' dir='ltr'><strong>excelso,</strong></span> <span class='ocrx_word' id='word_1_227' title='bbox 3305 1743 3393 1796; x_wconf 89' lang='lat' dir='ltr'><strong>ubi</strong></span> <span class='ocrx_word' id='word_1_228' title='bbox 3429 1760 3550 1798; x_wconf 88' lang='lat' dir='ltr'><strong>cum</strong></span> 
     </span>
    </p>
   </div>
   <div class='ocr_carea' id='block_1_31' title="bbox 261 1808 3554 1892">
    <p class='ocr_par' dir='ltr' id='par_1_31' title="bbox 261 1808 3554 1892">
     <span class='ocr_line' id='line_1_31' title="bbox 261 1808 3554 1892; baseline 0.007 -28"><span class='ocrx_word' id='word_1_229' title='bbox 261 1810 446 1866; x_wconf 90' lang='lat' dir='ltr'><strong>dicens</strong></span> <span class='ocrx_word' id='word_1_230' title='bbox 490 1826 505 1867; x_wconf 88' lang='lat'><strong>:</strong></span> <span class='ocrx_word' id='word_1_231' title='bbox 554 1810 677 1866; x_wconf 59' lang='lat' dir='ltr'><strong>Dius</strong></span> <span class='ocrx_word' id='word_1_232' title='bbox 720 1814 828 1882; x_wconf 82' lang='lat' dir='ltr'><strong>ejus</strong></span> <span class='ocrx_word' id='word_1_233' title='bbox 877 1813 1008 1865; x_wconf 86' lang='lat' dir='ltr'><strong>sicut</strong></span> <span class='ocrx_word' id='word_1_234' title='bbox 1058 1811 1241 1865; x_wconf 86' lang='lat' dir='ltr'><strong>umbra</strong></span> <span class='ocrx_word' id='word_1_235' title='bbox 1288 1822 1614 1880; x_wconf 58' lang='lat' dir='ltr'><strong>praetereunt.</strong></span> <span class='ocrx_word' id='word_1_236' title='bbox 1669 1812 1855 1867; x_wconf 81' lang='lat' dir='ltr'><strong>Merito</strong></span> <span class='ocrx_word' id='word_1_237' title='bbox 1886 1808 1935 1868; x_wconf 92' lang='lat' dir='ltr'><strong>B</strong></span> <span class='ocrx_word' id='word_1_238' title='bbox 1962 1818 2118 1874; x_wconf 86' lang='lat' dir='ltr'><strong>Patre</strong></span> <span class='ocrx_word' id='word_1_239' title='bbox 2147 1832 2335 1892; x_wconf 83' lang='lat' dir='ltr'><strong>regnat</strong></span> <span class='ocrx_word' id='word_1_240' title='bbox 2367 1825 2629 1891; x_wconf 88' lang='lat' dir='ltr'><strong>parilitate</strong></span> <span class='ocrx_word' id='word_1_241' title='bbox 2665 1826 2878 1883; x_wconf 89' lang='lat' dir='ltr'><strong>virtutis</strong></span> <span class='ocrx_word' id='word_1_242' title='bbox 2901 1838 2957 1884; x_wconf 90' lang='lat' dir='ltr'><strong>et</strong></span> <span class='ocrx_word' id='word_1_243' title='bbox 2985 1833 3186 1887; x_wconf 88' lang='lat' dir='ltr'><strong>unitate</strong></span> <span class='ocrx_word' id='word_1_244' title='bbox 3215 1833 3554 1888; x_wconf 70' lang='lat' dir='ltr'><strong>subsmntiae.</strong></span> 
     </span>
    </p>
   </div>
   <div class='ocr_carea' id='block_1_32' title="bbox 261 1897 1858 1974">
    <p class='ocr_par' dir='ltr' id='par_1_32' title="bbox 261 1897 1858 1974">
     <span class='ocr_line' id='line_1_32' title="bbox 261 1897 1858 1974; baseline 0.001 -19"><span class='ocrx_word' id='word_1_245' title='bbox 261 1897 477 1970; x_wconf 76' lang='lat' dir='ltr'><strong>quando</strong></span> <span class='ocrx_word' id='word_1_246' title='bbox 509 1904 693 1958; x_wconf 83' lang='lat' dir='ltr'><strong>umbra</strong></span> <span class='ocrx_word' id='word_1_247' title='bbox 731 1904 962 1969; x_wconf 83' lang='lat' dir='ltr'><strong>videtur,</strong></span> <span class='ocrx_word' id='word_1_248' title='bbox 999 1903 1207 1959; x_wconf 89' lang='lat' dir='ltr'><strong>videtur</strong></span> <span class='ocrx_word' id='word_1_249' title='bbox 1237 1904 1478 1974; x_wconf 88' lang='lat' dir='ltr'><strong>quidem,</strong></span> <span class='ocrx_word' id='word_1_250' title='bbox 1506 1902 1601 1958; x_wconf 90' lang='lat' dir='ltr'><strong>sed</strong></span> <span class='ocrx_word' id='word_1_251' title='bbox 1634 1902 1858 1958; x_wconf 81' lang='lat' dir='ltr'><strong>ﬁrmita-</strong></span> 
     </span>
    </p>
   </div>
   <div class='ocr_carea' id='block_1_33' title="bbox 261 1995 1856 2066">
    <p class='ocr_par' dir='ltr' id='par_1_33' title="bbox 261 1995 1856 2066">
     <span class='ocr_line' id='line_1_33' title="bbox 261 1995 1856 2066; baseline 0.001 -18"><span class='ocrx_word' id='word_1_252' title='bbox 261 2005 367 2049; x_wconf 88' lang='lat' dir='ltr'><strong>tem</strong></span> <span class='ocrx_word' id='word_1_253' title='bbox 421 2011 524 2051; x_wconf 89' lang='lat' dir='ltr'><strong>non</strong></span> <span class='ocrx_word' id='word_1_254' title='bbox 572 1996 732 2050; x_wconf 84' lang='lat' dir='ltr'><strong>habet</strong></span> <span class='ocrx_word' id='word_1_255' title='bbox 774 1997 1155 2066; x_wconf 84' lang='lat' dir='ltr'><strong>permanendi;</strong></span> <span class='ocrx_word' id='word_1_256' title='bbox 1207 2011 1330 2050; x_wconf 88' lang='lat' dir='ltr'><strong>nam</strong></span> <span class='ocrx_word' id='word_1_257' title='bbox 1374 1995 1856 2051; x_wconf 70' lang='lat' dir='ltr'><strong>discedente&#39;cor-</strong></span> 
     </span>
    </p>
   </div>
   <div class='ocr_carea' id='block_1_34' title="bbox 261 2087 1856 2158">
    <p class='ocr_par' dir='ltr' id='par_1_34' title="bbox 261 2087 1856 2158">
     <span class='ocr_line' id='line_1_34' title="bbox 261 2087 1856 2158; baseline 0.001 -18"><span class='ocrx_word' id='word_1_258' title='bbox 261 2103 393 2153; x_wconf 88' lang='lat' dir='ltr'><strong>pore</strong></span> <span class='ocrx_word' id='word_1_259' title='bbox 423 2103 518 2158; x_wconf 91' lang='lat' dir='ltr'><strong>per</strong></span> <span class='ocrx_word' id='word_1_260' title='bbox 542 2088 686 2158; x_wconf 90' lang='lat' dir='ltr'><strong>quod</strong></span> <span class='ocrx_word' id='word_1_261' title='bbox 715 2087 801 2149; x_wconf 83' lang='lat' dir='ltr'><strong>lit.</strong></span> <span class='ocrx_word' id='word_1_262' title='bbox 831 2089 945 2157; x_wconf 88' lang='lat' dir='ltr'><strong>ipsa</strong></span> <span class='ocrx_word' id='word_1_263' title='bbox 973 2103 1185 2156; x_wconf 88' lang='lat' dir='ltr'><strong>quoque</strong></span> <span class='ocrx_word' id='word_1_264' title='bbox 1214 2089 1487 2142; x_wconf 79' lang='lat' dir='ltr'><strong>cvnnescit</strong></span> <span class='ocrx_word' id='word_1_265' title='bbox 1514 2104 1578 2142; x_wconf 91' lang='lat' dir='ltr'><strong>ac</strong></span> <span class='ocrx_word' id='word_1_266' title='bbox 1602 2087 1856 2156; x_wconf 85' lang='lat' dir='ltr'><strong>disperit.</strong></span> 
     </span>
    </p>
   </div>
   <div class='ocr_carea' id='block_1_35' title="bbox 257 2179 1854 2249">
    <p class='ocr_par' dir='ltr' id='par_1_35' title="bbox 257 2179 1854 2249">
     <span class='ocr_line' id='line_1_35' title="bbox 257 2179 1854 2249; baseline 0 -15"><span class='ocrx_word' id='word_1_267' title='bbox 257 2179 410 2234; x_wconf 82' lang='lat' dir='ltr'><strong>Talis</strong></span> <span class='ocrx_word' id='word_1_268' title='bbox 451 2195 580 2249; x_wconf 88' lang='lat' dir='ltr'><strong>ergo</strong></span> <span class='ocrx_word' id='word_1_269' title='bbox 622 2188 706 2235; x_wconf 88' lang='lat' dir='ltr'><strong>est</strong></span> <span class='ocrx_word' id='word_1_270' title='bbox 747 2191 864 2249; x_wconf 81' lang='lat' dir='ltr'><strong>p05t</strong></span> <span class='ocrx_word' id='word_1_271' title='bbox 910 2189 1187 2249; x_wconf 87' lang='lat' dir='ltr'><strong>peccatum</strong></span> <span class='ocrx_word' id='word_1_272' title='bbox 1222 2180 1352 2235; x_wconf 65' lang='lat' dir='ltr'><strong>Adae</strong></span> <span class='ocrx_word' id='word_1_273' title='bbox 1397 2180 1674 2234; x_wconf 87' lang='lat' dir='ltr'><strong>hominum</strong></span> <span class='ocrx_word' id='word_1_274' title='bbox 1727 2181 1854 2249; x_wconf 90' lang='lat' dir='ltr'><strong>vita,</strong></span> 
     </span>
    </p>
   </div>
   <div class='ocr_carea' id='block_1_36' title="bbox 260 2276 1757 2346">
    <p class='ocr_par' dir='ltr' id='par_1_36' title="bbox 260 2276 1757 2346">
     <span class='ocr_line' id='line_1_36' title="bbox 260 2276 1757 2346; baseline -0.001 -16"><span class='ocrx_word' id='word_1_275' title='bbox 260 2277 366 2330; x_wconf 84' lang='lat' dir='ltr'><strong>nisi</strong></span> <span class='ocrx_word' id='word_1_276' title='bbox 396 2277 655 2333; x_wconf 83' lang='lat' dir='ltr'><strong>beneﬁcio</strong></span> <span class='ocrx_word' id='word_1_277' title='bbox 684 2277 889 2331; x_wconf 86' lang='lat' dir='ltr'><strong>Domini</strong></span> <span class='ocrx_word' id='word_1_278' title='bbox 921 2277 1080 2332; x_wconf 87' lang='lat' dir='ltr'><strong>fuerit</strong></span> <span class='ocrx_word' id='word_1_279' title='bbox 1115 2276 1457 2332; x_wconf 84' lang='lat' dir='ltr'><strong>confessione</strong></span> <span class='ocrx_word' id='word_1_280' title='bbox 1489 2284 1757 2346; x_wconf 88' lang='lat' dir='ltr'><strong>reparata.</strong></span> 
     </span>
    </p>
   </div>
   <div class='ocr_carea' id='block_1_37' title="bbox 341 2369 1854 2438">
    <p class='ocr_par' dir='ltr' id='par_1_37' title="bbox 341 2369 1854 2438">
     <span class='ocr_line' id='line_1_37' title="bbox 341 2369 1854 2438; baseline 0 -15"><span class='ocrx_word' id='word_1_281' title='bbox 341 2369 489 2424; x_wconf 87' lang='lat' dir='ltr'><strong>Vers.</strong></span> <span class='ocrx_word' id='word_1_282' title='bbox 523 2370 578 2425; x_wconf 84' lang='lat'><strong>5.</strong></span> <span class='ocrx_word' id='word_1_283' title='bbox 619 2369 855 2432; x_wconf 84' lang='lat' dir='ltr'><strong>Domine,</strong></span> <span class='ocrx_word' id='word_1_284' title='bbox 898 2371 1091 2424; x_wconf 86' lang='lat' dir='ltr'><strong>inclina</strong></span> <span class='ocrx_word' id='word_1_285' title='bbox 1133 2369 1285 2424; x_wconf 65' lang='lat' dir='ltr'><strong>caios</strong></span> <span class='ocrx_word' id='word_1_286' title='bbox 1331 2379 1465 2438; x_wconf 86' lang='lat' dir='ltr'><strong>tuos,</strong></span> <span class='ocrx_word' id='word_1_287' title='bbox 1499 2378 1545 2424; x_wconf 90' lang='lat' dir='ltr'><strong>et</strong></span> <span class='ocrx_word' id='word_1_288' title='bbox 1577 2369 1854 2434; x_wconf 81' lang='lat' dir='ltr'><strong>descende;</strong></span> 
     </span>
    </p>
   </div>
   <div class='ocr_carea' id='block_1_38' title="bbox 260 2461 1854 2531">
    <p class='ocr_par' dir='ltr' id='par_1_38' title="bbox 260 2461 1854 2531">
     <span class='ocr_line' id='line_1_38' title="bbox 260 2461 1854 2531; baseline 0.001 -19"><span class='ocrx_word' id='word_1_289' title='bbox 260 2469 413 2529; x_wconf 83' lang='lat' dir='ltr'><strong>tange</strong></span> <span class='ocrx_word' id='word_1_290' title='bbox 444 2469 656 2526; x_wconf 86' lang='lat' dir='ltr'><strong>montes,</strong></span> <span class='ocrx_word' id='word_1_291' title='bbox 686 2471 732 2515; x_wconf 90' lang='lat' dir='ltr'><strong>et</strong></span> <span class='ocrx_word' id='word_1_292' title='bbox 765 2461 1105 2531; x_wconf 77' lang='lat' dir='ltr'><strong>fumigabunt.</strong></span> <span class='ocrx_word' id='word_1_293' title='bbox 1143 2461 1330 2531; x_wconf 84' lang='lat' dir='ltr'><strong>Erupit</strong></span> <span class='ocrx_word' id='word_1_294' title='bbox 1360 2461 1413 2516; x_wconf 91' lang='lat' dir='ltr'><strong>in</strong></span> <span class='ocrx_word' id='word_1_295' title='bbox 1444 2470 1683 2530; x_wconf 89' lang='lat' dir='ltr'><strong>apertam</strong></span> <span class='ocrx_word' id='word_1_296' title='bbox 1729 2475 1854 2530; x_wconf 92' lang='lat' dir='ltr'><strong>pro-</strong></span> 
     </span>
    </p>
   </div>
   <div class='ocr_carea' id='block_1_39' title="bbox 259 2553 1859 2623">
    <p class='ocr_par' dir='ltr' id='par_1_39' title="bbox 259 2553 1859 2623">
     <span class='ocr_line' id='line_1_39' title="bbox 259 2553 1859 2623; baseline 0.001 -16"><span class='ocrx_word' id='word_1_297' title='bbox 259 2553 496 2623; x_wconf 80' lang='lat' dir='ltr'><strong>phetiam</strong></span> <span class='ocrx_word' id='word_1_298' title='bbox 525 2553 593 2608; x_wconf 90' lang='lat' dir='ltr'><strong>de</strong></span> <span class='ocrx_word' id='word_1_299' title='bbox 626 2555 852 2610; x_wconf 90' lang='lat' dir='ltr'><strong>Domino</strong></span> <span class='ocrx_word' id='word_1_300' title='bbox 881 2555 1098 2610; x_wconf 89' lang='lat' dir='ltr'><strong>Christo</strong></span> <span class='ocrx_word' id='word_1_301' title='bbox 1129 2573 1142 2610; x_wconf 89' lang='lat'><strong>:</strong></span> <span class='ocrx_word' id='word_1_302' title='bbox 1172 2554 1319 2609; x_wconf 88' lang='lat' dir='ltr'><strong>illam</strong></span> <span class='ocrx_word' id='word_1_303' title='bbox 1345 2553 1676 2610; x_wconf 84' lang='lat' dir='ltr'><strong>sententiam</strong></span> <span class='ocrx_word' id='word_1_304' title='bbox 1701 2554 1859 2622; x_wconf 70' lang='lat' dir='ltr'><strong>paulo</strong></span> 
     </span>
    </p>
   </div>
   <div class='ocr_carea' id='block_1_40' title="bbox 258 2645 1859 2716">
    <p class='ocr_par' dir='ltr' id='par_1_40' title="bbox 258 2645 1859 2716">
     <span class='ocr_line' id='line_1_40' title="bbox 258 2645 1859 2716; baseline 0.001 -17"><span class='ocrx_word' id='word_1_305' title='bbox 258 2645 420 2699; x_wconf 69' lang='lat' dir='ltr'><strong>latius</strong></span> <span class='ocrx_word' id='word_1_306' title='bbox 449 2646 719 2715; x_wconf 89' lang='lat' dir='ltr'><strong>aperiens,</strong></span> <span class='ocrx_word' id='word_1_307' title='bbox 749 2663 906 2716; x_wconf 88' lang='lat' dir='ltr'><strong>quam</strong></span> <span class='ocrx_word' id='word_1_308' title='bbox 938 2649 1188 2716; x_wconf 86' lang='lat' dir='ltr'><strong>superius</strong></span> <span class='ocrx_word' id='word_1_309' title='bbox 1218 2648 1452 2702; x_wconf 88' lang='lat' dir='ltr'><strong>breviter</strong></span> <span class='ocrx_word' id='word_1_310' title='bbox 1481 2647 1634 2712; x_wconf 83' lang='lat' dir='ltr'><strong>dixit,</strong></span> <span class='ocrx_word' id='word_1_311' title='bbox 1663 2645 1716 2699; x_wconf 90' lang='lat' dir='ltr'><strong>id</strong></span> <span class='ocrx_word' id='word_1_312' title='bbox 1770 2656 1859 2701; x_wconf 89' lang='lat' dir='ltr'><strong>est</strong></span> 
     </span>
    </p>
   </div>
   <div class='ocr_carea' id='block_1_41' title="bbox 255 2739 1858 2811">
    <p class='ocr_par' dir='ltr' id='par_1_41' title="bbox 255 2739 1858 2811">
     <span class='ocr_line' id='line_1_41' title="bbox 255 2739 1858 2811; baseline 0.001 -19"><span class='ocrx_word' id='word_1_313' title='bbox 255 2739 395 2811; x_wconf 84' lang='lat' dir='ltr'><strong>quod</strong></span> <span class='ocrx_word' id='word_1_314' title='bbox 421 2741 687 2794; x_wconf 88' lang='lat' dir='ltr'><strong>innotuisti</strong></span> <span class='ocrx_word' id='word_1_315' title='bbox 720 2741 788 2795; x_wconf 84' lang='lat' dir='ltr'><strong>ei.</strong></span> <span class='ocrx_word' id='word_1_316' title='bbox 829 2740 980 2794; x_wconf 83' lang='lat' dir='ltr'><strong>Tunc</strong></span> <span class='ocrx_word' id='word_1_317' title='bbox 1011 2742 1192 2809; x_wconf 90' lang='lat' dir='ltr'><strong>utique</strong></span> <span class='ocrx_word' id='word_1_318' title='bbox 1229 2749 1450 2810; x_wconf 89' lang='lat' dir='ltr'><strong>aspectu</strong></span> <span class='ocrx_word' id='word_1_319' title='bbox 1491 2739 1722 2794; x_wconf 88' lang='lat' dir='ltr'><strong>innotuit</strong></span> <span class='ocrx_word' id='word_1_320' title='bbox 1762 2739 1858 2793; x_wconf 80' lang='lat' dir='ltr'><strong>ho-</strong></span> 
     </span>
    </p>
   </div>
   <div class='ocr_carea' id='block_1_42' title="bbox 255 2831 1858 2902">
    <p class='ocr_par' dir='ltr' id='par_1_42' title="bbox 255 2831 1858 2902">
     <span class='ocr_line' id='line_1_42' title="bbox 255 2831 1858 2902; baseline -0.001 -15"><span class='ocrx_word' id='word_1_321' title='bbox 255 2831 414 2898; x_wconf 87' lang='lat' dir='ltr'><strong>mini,</strong></span> <span class='ocrx_word' id='word_1_322' title='bbox 442 2833 654 2902; x_wconf 91' lang='lat' dir='ltr'><strong>quando</strong></span> <span class='ocrx_word' id='word_1_323' title='bbox 694 2833 745 2888; x_wconf 93' lang='lat' dir='ltr'><strong>in</strong></span> <span class='ocrx_word' id='word_1_324' title='bbox 779 2833 1074 2889; x_wconf 89' lang='lat' dir='ltr'><strong>humilitate</strong></span> <span class='ocrx_word' id='word_1_325' title='bbox 1113 2843 1313 2888; x_wconf 64' lang='lat' dir='ltr'><strong>sancta:</strong></span> <span class='ocrx_word' id='word_1_326' title='bbox 1350 2833 1734 2888; x_wconf 89' lang='lat' dir='ltr'><strong>incarnationis</strong></span> <span class='ocrx_word' id='word_1_327' title='bbox 1763 2847 1858 2898; x_wconf 82' lang='lat' dir='ltr'><strong>ap-</strong></span> 
     </span>
    </p>
   </div>
   <div class='ocr_carea' id='block_1_43' title="bbox 256 2922 1854 2995">
    <p class='ocr_par' dir='ltr' id='par_1_43' title="bbox 256 2922 1854 2995">
     <span class='ocr_line' id='line_1_43' title="bbox 256 2922 1854 2995; baseline 0.001 -18"><span class='ocrx_word' id='word_1_328' title='bbox 256 2922 436 2993; x_wconf 86' lang='lat' dir='ltr'><strong>paruit</strong></span> <span class='ocrx_word' id='word_1_329' title='bbox 467 2940 479 2976; x_wconf 92' lang='lat'><strong>:</strong></span> <span class='ocrx_word' id='word_1_330' title='bbox 509 2924 633 2995; x_wconf 88' lang='lat' dir='ltr'><strong>quia</strong></span> <span class='ocrx_word' id='word_1_331' title='bbox 679 2939 796 2979; x_wconf 89' lang='lat' dir='ltr'><strong>cum</strong></span> <span class='ocrx_word' id='word_1_332' title='bbox 835 2926 889 2978; x_wconf 88' lang='lat' dir='ltr'><strong>in</strong></span> <span class='ocrx_word' id='word_1_333' title='bbox 934 2925 1104 2993; x_wconf 78' lang='lat' dir='ltr'><strong>forma</strong></span> <span class='ocrx_word' id='word_1_334' title='bbox 1149 2923 1245 2978; x_wconf 88' lang='lat' dir='ltr'><strong>Dei</strong></span> <span class='ocrx_word' id='word_1_335' title='bbox 1291 2932 1553 2988; x_wconf 90' lang='lat' dir='ltr'><strong>maneret,</strong></span> <span class='ocrx_word' id='word_1_336' title='bbox 1605 2934 1854 2992; x_wconf 78' lang='lat' dir='ltr'><strong>essetque</strong></span> 
     </span>
    </p>
   </div>
   <div class='ocr_carea' id='block_1_44' title="bbox 256 3015 1852 3087">
    <p class='ocr_par' dir='ltr' id='par_1_44' title="bbox 256 3015 1852 3087">
     <span class='ocr_line' id='line_1_44' title="bbox 256 3015 1852 3087; baseline -0.004 -15"><span class='ocrx_word' id='word_1_337' title='bbox 256 3017 373 3072; x_wconf 86' lang='lat' dir='ltr'><strong>Deo</strong></span> <span class='ocrx_word' id='word_1_338' title='bbox 393 3017 533 3072; x_wconf 87' lang='lat' dir='ltr'><strong>Patri</strong></span> <span class='ocrx_word' id='word_1_339' title='bbox 555 3027 854 3073; x_wconf 67' lang='lat' dir='ltr'><strong>coaeternus</strong></span> <span class='ocrx_word' id='word_1_340' title='bbox 876 3025 1034 3087; x_wconf 88' lang='lat' dir='ltr'><strong>atque</strong></span> <span class='ocrx_word' id='word_1_341' title='bbox 1056 3017 1295 3084; x_wconf 66' lang='lat' dir='ltr'><strong>:ejualis,</strong></span> <span class='ocrx_word' id='word_1_342' title='bbox 1315 3015 1592 3070; x_wconf 72' lang='lat' dir='ltr'><strong>exinanivit</strong></span> <span class='ocrx_word' id='word_1_343' title='bbox 1608 3016 1852 3084; x_wconf 81' lang='lat' dir='ltr'><strong>seipsum,</strong></span> 
     </span>
    </p>
   </div>
   <div class='ocr_carea' id='block_1_45' title="bbox 1963 1909 3554 1994">
    <p class='ocr_par' dir='ltr' id='par_1_45' title="bbox 1963 1909 3554 1994">
     <span class='ocr_line' id='line_1_45' title="bbox 1963 1909 3554 1994; baseline 0.011 -30"><span class='ocrx_word' id='word_1_344' title='bbox 1963 1909 2102 1965; x_wconf 83' lang='lat' dir='ltr'><strong>Petit</strong></span> <span class='ocrx_word' id='word_1_345' title='bbox 2129 1928 2256 1984; x_wconf 85' lang='lat' dir='ltr'><strong>ergo</strong></span> <span class='ocrx_word' id='word_1_346' title='bbox 2287 1930 2347 1970; x_wconf 90' lang='lat' dir='ltr'><strong>se</strong></span> <span class='ocrx_word' id='word_1_347' title='bbox 2373 1914 2441 1970; x_wconf 90' lang='lat' dir='ltr'><strong>de</strong></span> <span class='ocrx_word' id='word_1_348' title='bbox 2471 1918 2812 1975; x_wconf 87' lang='lat' dir='ltr'><strong>multitudine</strong></span> <span class='ocrx_word' id='word_1_349' title='bbox 2839 1937 3099 1991; x_wconf 88' lang='lat' dir='ltr'><strong>aquarum</strong></span> <span class='ocrx_word' id='word_1_350' title='bbox 3132 1925 3397 1994; x_wconf 84' lang='lat' dir='ltr'><strong>prOpheta</strong></span> <span class='ocrx_word' id='word_1_351' title='bbox 3422 1927 3554 1982; x_wconf 58' lang='lat' dir='ltr'><strong>liba.</strong></span> 
     </span>
    </p>
   </div>
   <div class='ocr_carea' id='block_1_46' title="bbox 1961 2003 3557 2086">
    <p class='ocr_par' dir='ltr' id='par_1_46' title="bbox 1961 2003 3557 2086">
     <span class='ocr_line' id='line_1_46' title="bbox 1961 2003 3557 2086; baseline 0.009 -26"><span class='ocrx_word' id='word_1_352' title='bbox 1961 2007 2089 2072; x_wconf 87' lang='lat' dir='ltr'><strong>rari,</strong></span> <span class='ocrx_word' id='word_1_353' title='bbox 2131 2008 2182 2062; x_wconf 92' lang='lat' dir='ltr'><strong>id</strong></span> <span class='ocrx_word' id='word_1_354' title='bbox 2215 2017 2300 2064; x_wconf 88' lang='lat' dir='ltr'><strong>est</strong></span> <span class='ocrx_word' id='word_1_355' title='bbox 2345 2023 2375 2062; x_wconf 90' lang='lat' dir='ltr'><strong>a</strong></span> <span class='ocrx_word' id='word_1_356' title='bbox 2405 2012 2614 2079; x_wconf 91' lang='lat' dir='ltr'><strong>populis</strong></span> <span class='ocrx_word' id='word_1_357' title='bbox 2645 2013 2887 2078; x_wconf 90' lang='lat' dir='ltr'><strong>undosis,</strong></span> <span class='ocrx_word' id='word_1_358' title='bbox 2919 2003 2973 2069; x_wconf 70' lang='lat' dir='ltr'><strong>ei</strong></span> <span class='ocrx_word' id='word_1_359' title='bbox 3003 2016 3148 2070; x_wconf 88' lang='lat' dir='ltr'><strong>velut</strong></span> <span class='ocrx_word' id='word_1_360' title='bbox 3189 2019 3424 2086; x_wconf 79' lang='lat' dir='ltr'><strong>procella</strong></span> <span class='ocrx_word' id='word_1_361' title='bbox 3455 2035 3557 2074; x_wconf 71' lang='lat' dir='ltr'><strong>sa:-</strong></span> 
     </span>
    </p>
   </div>
   <div class='ocr_carea' id='block_1_47' title="bbox 1959 2100 3559 2181">
    <p class='ocr_par' dir='ltr' id='par_1_47' title="bbox 1959 2100 3559 2181">
     <span class='ocr_line' id='line_1_47' title="bbox 1959 2100 3559 2181; baseline 0.01 -29"><span class='ocrx_word' id='word_1_362' title='bbox 1959 2100 2175 2155; x_wconf 89' lang='lat' dir='ltr'><strong>vissima</strong></span> <span class='ocrx_word' id='word_1_363' title='bbox 2221 2101 2528 2158; x_wconf 89' lang='lat' dir='ltr'><strong>concitatis.</strong></span> <span class='ocrx_word' id='word_1_364' title='bbox 2572 2105 2742 2175; x_wconf 79' lang='lat' dir='ltr'><strong>Aquas</strong></span> <span class='ocrx_word' id='word_1_365' title='bbox 2793 2107 2938 2162; x_wconf 91' lang='lat' dir='ltr'><strong>enim</strong></span> <span class='ocrx_word' id='word_1_366' title='bbox 2983 2108 3207 2178; x_wconf 90' lang='lat' dir='ltr'><strong>populos</strong></span> <span class='ocrx_word' id='word_1_367' title='bbox 3254 2110 3559 2181; x_wconf 84' lang='lat' dir='ltr'><strong>significare</strong></span> 
     </span>
    </p>
   </div>
   <div class='ocr_carea' id='block_1_48' title="bbox 1960 2195 3557 2271">
    <p class='ocr_par' dir='ltr' id='par_1_48' title="bbox 1960 2195 3557 2271">
     <span class='ocr_line' id='line_1_48' title="bbox 1960 2195 3557 2271; baseline 0.008 -25"><span class='ocrx_word' id='word_1_368' title='bbox 1960 2195 2293 2250; x_wconf 89' lang='lat' dir='ltr'><strong>notissimum</strong></span> <span class='ocrx_word' id='word_1_369' title='bbox 2322 2206 2424 2261; x_wconf 90' lang='lat' dir='ltr'><strong>est,</strong></span> <span class='ocrx_word' id='word_1_370' title='bbox 2455 2196 2595 2251; x_wconf 90' lang='lat' dir='ltr'><strong>sicut</strong></span> <span class='ocrx_word' id='word_1_371' title='bbox 2624 2197 2790 2253; x_wconf 84' lang='lat' dir='ltr'><strong>Isaias</strong></span> <span class='ocrx_word' id='word_1_372' title='bbox 2819 2200 2950 2254; x_wconf 90' lang='lat' dir='ltr'><strong>dicit</strong></span> <span class='ocrx_word' id='word_1_373' title='bbox 2982 2218 2996 2253; x_wconf 90' lang='lat'><strong>:</strong></span> <span class='ocrx_word' id='word_1_374' title='bbox 3050 2200 3276 2271; x_wconf 78' lang='lat' dir='ltr'><strong>PrOpter</strong></span> <span class='ocrx_word' id='word_1_375' title='bbox 3312 2204 3410 2257; x_wconf 83' lang='lat' dir='ltr'><strong>hoc</strong></span> <span class='ocrx_word' id='word_1_376' title='bbox 3443 2219 3557 2258; x_wconf 85' lang='lat' dir='ltr'><strong>ecce</strong></span> 
     </span>
    </p>
   </div>
   <div class='ocr_carea' id='block_1_49' title="bbox 1959 2283 3555 2361">
    <p class='ocr_par' dir='ltr' id='par_1_49' title="bbox 1959 2283 3555 2361">
     <span class='ocr_line' id='line_1_49' title="bbox 1959 2283 3555 2361; baseline 0.009 -25"><span class='ocrx_word' id='word_1_377' title='bbox 1959 2283 2209 2339; x_wconf 87' lang='lat' dir='ltr'><strong>Dominus</strong></span> <span class='ocrx_word' id='word_1_378' title='bbox 2250 2287 2455 2342; x_wconf 85' lang='lat' dir='ltr'><strong>inducet</strong></span> <span class='ocrx_word' id='word_1_379' title='bbox 2496 2305 2650 2358; x_wconf 81' lang='lat' dir='ltr'><strong>super</strong></span> <span class='ocrx_word' id='word_1_380' title='bbox 2694 2306 2781 2344; x_wconf 84' lang='lat' dir='ltr'><strong>vos</strong></span> <span class='ocrx_word' id='word_1_381' title='bbox 2823 2308 3009 2361; x_wconf 84' lang='lat' dir='ltr'><strong>aquam</strong></span> <span class='ocrx_word' id='word_1_382' title='bbox 3043 2295 3190 2361; x_wconf 76' lang='lat' dir='ltr'><strong>ﬂuvii</strong></span> <span class='ocrx_word' id='word_1_383' title='bbox 3235 2294 3458 2349; x_wconf 76' lang='lat' dir='ltr'><strong>ualidam</strong></span> <span class='ocrx_word' id='word_1_384' title='bbox 3507 2306 3555 2350; x_wconf 90' lang='lat' dir='ltr'><strong>et</strong></span> 
     </span>
    </p>
   </div>
   <div class='ocr_carea' id='block_1_50' title="bbox 1957 2378 3548 2454">
    <p class='ocr_par' dir='ltr' id='par_1_50' title="bbox 1957 2378 3548 2454">
     <span class='ocr_line' id='line_1_50' title="bbox 1957 2378 3548 2454; baseline 0.007 -25"><span class='ocrx_word' id='word_1_385' title='bbox 1957 2378 2194 2442; x_wconf 87' lang='lat' dir='ltr'><strong>multam,</strong></span> <span class='ocrx_word' id='word_1_386' title='bbox 2233 2394 2402 2448; x_wconf 86' lang='lat' dir='ltr'><strong>regem</strong></span> <span class='ocrx_word' id='word_1_387' title='bbox 2427 2381 2756 2448; x_wconf 83' lang='lat' dir='ltr'><strong>Assyriorum</strong></span> <span class='ocrx_word' id='word_1_388' title='bbox 2800 2380 2953 2450; x_wconf 84' lang='lat' dir='ltr'><strong>(Isai.</strong></span> <span class='ocrx_word' id='word_1_389' title='bbox 2985 2398 3100 2447; x_wconf 91' lang='lat' dir='ltr'><strong>vttt,</strong></span> <span class='ocrx_word' id='word_1_390' title='bbox 3129 2384 3204 2451; x_wconf 80' lang='lat'><strong>7).</strong></span> <span class='ocrx_word' id='word_1_391' title='bbox 3239 2385 3349 2440; x_wconf 88' lang='lat' dir='ltr'><strong>Sed</strong></span> <span class='ocrx_word' id='word_1_392' title='bbox 3378 2401 3407 2440; x_wconf 80' lang='lat' dir='ltr'><strong>a</strong></span> <span class='ocrx_word' id='word_1_393' title='bbox 3437 2400 3548 2454; x_wconf 87' lang='lat' dir='ltr'><strong>quo</strong></span> 
     </span>
    </p>
   </div>
   <div class='ocr_carea' id='block_1_51' title="bbox 1959 2469 3556 2542">
    <p class='ocr_par' dir='ltr' id='par_1_51' title="bbox 1959 2469 3556 2542">
     <span class='ocr_line' id='line_1_51' title="bbox 1959 2469 3556 2542; baseline 0.004 -20"><span class='ocrx_word' id='word_1_394' title='bbox 1959 2470 2157 2537; x_wconf 90' lang='lat' dir='ltr'><strong>populo</strong></span> <span class='ocrx_word' id='word_1_395' title='bbox 2185 2483 2246 2525; x_wconf 88' lang='lat' dir='ltr'><strong>se</strong></span> <span class='ocrx_word' id='word_1_396' title='bbox 2273 2469 2528 2539; x_wconf 88' lang='lat' dir='ltr'><strong>petiverit</strong></span> <span class='ocrx_word' id='word_1_397' title='bbox 2574 2470 2787 2526; x_wconf 84' lang='lat' dir='ltr'><strong>liberari</strong></span> <span class='ocrx_word' id='word_1_398' title='bbox 2819 2472 3048 2542; x_wconf 79' lang='lat' dir='ltr'><strong>subjecit</strong></span> <span class='ocrx_word' id='word_1_399' title='bbox 3077 2472 3282 2541; x_wconf 86' lang='lat' dir='ltr'><strong>dicens,</strong></span> <span class='ocrx_word' id='word_1_400' title='bbox 3313 2474 3374 2527; x_wconf 88' lang='lat' dir='ltr'><strong>de</strong></span> <span class='ocrx_word' id='word_1_401' title='bbox 3398 2492 3556 2529; x_wconf 87' lang='lat' dir='ltr'><strong>manu</strong></span> 
     </span>
    </p>
   </div>
   <div class='ocr_carea' id='block_1_52' title="bbox 1957 2560 3555 2636">
    <p class='ocr_par' dir='ltr' id='par_1_52' title="bbox 1957 2560 3555 2636">
     <span class='ocr_line' id='line_1_52' title="bbox 1957 2560 3555 2636; baseline 0.004 -23"><span class='ocrx_word' id='word_1_402' title='bbox 1957 2561 2184 2630; x_wconf 82' lang='lat' dir='ltr'><strong>ﬁliorum</strong></span> <span class='ocrx_word' id='word_1_403' title='bbox 2224 2560 2537 2628; x_wconf 86' lang='lat' dir='ltr'><strong>alienorum,</strong></span> <span class='ocrx_word' id='word_1_404' title='bbox 2573 2563 2624 2617; x_wconf 90' lang='lat' dir='ltr'><strong>id</strong></span> <span class='ocrx_word' id='word_1_405' title='bbox 2653 2572 2739 2617; x_wconf 89' lang='lat' dir='ltr'><strong>est</strong></span> <span class='ocrx_word' id='word_1_406' title='bbox 2770 2564 2836 2619; x_wconf 91' lang='lat' dir='ltr'><strong>de</strong></span> <span class='ocrx_word' id='word_1_407' title='bbox 2863 2573 3129 2634; x_wconf 89' lang='lat' dir='ltr'><strong>potestate</strong></span> <span class='ocrx_word' id='word_1_408' title='bbox 3157 2581 3341 2620; x_wconf 90' lang='lat' dir='ltr'><strong>eorum</strong></span> <span class='ocrx_word' id='word_1_409' title='bbox 3372 2568 3462 2636; x_wconf 92' lang='lat' dir='ltr'><strong>qui</strong></span> <span class='ocrx_word' id='word_1_410' title='bbox 3493 2567 3555 2620; x_wconf 89' lang='lat' dir='ltr'><strong>fi-</strong></span> 
     </span>
    </p>
   </div>
   <div class='ocr_carea' id='block_1_53' title="bbox 1957 2652 3552 2726">
    <p class='ocr_par' dir='ltr' id='par_1_53' title="bbox 1957 2652 3552 2726">
     <span class='ocr_line' id='line_1_53' title="bbox 1957 2652 3552 2726; baseline 0.004 -19"><span class='ocrx_word' id='word_1_411' title='bbox 1957 2652 2165 2708; x_wconf 90' lang='lat' dir='ltr'><strong>delibus</strong></span> <span class='ocrx_word' id='word_1_412' title='bbox 2209 2668 2430 2722; x_wconf 88' lang='lat' dir='ltr'><strong>parcere</strong></span> <span class='ocrx_word' id='word_1_413' title='bbox 2483 2655 2761 2719; x_wconf 87' lang='lat' dir='ltr'><strong>nesciunt,</strong></span> <span class='ocrx_word' id='word_1_414' title='bbox 2812 2657 3063 2725; x_wconf 89' lang='lat' dir='ltr'><strong>quoniam</strong></span> <span class='ocrx_word' id='word_1_415' title='bbox 3126 2657 3353 2711; x_wconf 88' lang='lat' dir='ltr'><strong>adverso</strong></span> <span class='ocrx_word' id='word_1_416' title='bbox 3400 2667 3552 2726; x_wconf 87' lang='lat' dir='ltr'><strong>patre</strong></span> 
     </span>
    </p>
   </div>
   <div class='ocr_carea' id='block_1_54' title="bbox 1958 2744 3551 2818">
    <p class='ocr_par' dir='ltr' id='par_1_54' title="bbox 1958 2744 3551 2818">
     <span class='ocr_line' id='line_1_54' title="bbox 1958 2744 3551 2818; baseline 0.002 -20"><span class='ocrx_word' id='word_1_417' title='bbox 1958 2752 2264 2799; x_wconf 90' lang='lat' dir='ltr'><strong>nascuntur.</strong></span> <span class='ocrx_word' id='word_1_418' title='bbox 2300 2744 2405 2800; x_wconf 89' lang='lat' dir='ltr'><strong>Sed</strong></span> <span class='ocrx_word' id='word_1_419' title='bbox 2436 2746 2681 2814; x_wconf 88' lang='lat' dir='ltr'><strong>quamvis</strong></span> <span class='ocrx_word' id='word_1_420' title='bbox 2725 2747 2826 2801; x_wconf 93' lang='lat' dir='ltr'><strong>hoc</strong></span> <span class='ocrx_word' id='word_1_421' title='bbox 2870 2747 3125 2801; x_wconf 88' lang='lat' dir='ltr'><strong>historice</strong></span> <span class='ocrx_word' id='word_1_422' title='bbox 3152 2748 3222 2803; x_wconf 86' lang='lat' dir='ltr'><strong>de</strong></span> <span class='ocrx_word' id='word_1_423' title='bbox 3261 2748 3551 2818; x_wconf 84' lang='lat' dir='ltr'><strong>allophylis</strong></span> 
     </span>
    </p>
   </div>
   <div class='ocr_carea' id='block_1_55' title="bbox 1957 2836 3548 2909">
    <p class='ocr_par' dir='ltr' id='par_1_55' title="bbox 1957 2836 3548 2909">
     <span class='ocr_line' id='line_1_55' title="bbox 1957 2836 3548 2909; baseline 0.001 -18"><span class='ocrx_word' id='word_1_424' title='bbox 1957 2836 2139 2892; x_wconf 90' lang='lat' dir='ltr'><strong>dicere</strong></span> <span class='ocrx_word' id='word_1_425' title='bbox 2167 2837 2430 2902; x_wconf 90' lang='lat' dir='ltr'><strong>videatur,</strong></span> <span class='ocrx_word' id='word_1_426' title='bbox 2464 2844 2641 2893; x_wconf 89' lang='lat' dir='ltr'><strong>tamen</strong></span> <span class='ocrx_word' id='word_1_427' title='bbox 2681 2839 2872 2894; x_wconf 91' lang='lat' dir='ltr'><strong>melius</strong></span> <span class='ocrx_word' id='word_1_428' title='bbox 2905 2839 3218 2909; x_wconf 83' lang='lat' dir='ltr'><strong>intelligitur</strong></span> <span class='ocrx_word' id='word_1_429' title='bbox 3248 2839 3317 2893; x_wconf 92' lang='lat' dir='ltr'><strong>de</strong></span> <span class='ocrx_word' id='word_1_430' title='bbox 3348 2839 3428 2892; x_wconf 89' lang='lat' dir='ltr'><strong>his</strong></span> <span class='ocrx_word' id='word_1_431' title='bbox 3458 2841 3548 2908; x_wconf 88' lang='lat' dir='ltr'><strong>qui</strong></span> 
     </span>
    </p>
   </div>
   <div class='ocr_carea' id='block_1_56' title="bbox 1957 2927 3551 2998">
    <p class='ocr_par' dir='ltr' id='par_1_56' title="bbox 1957 2927 3551 2998">
     <span class='ocr_line' id='line_1_56' title="bbox 1957 2927 3551 2998; baseline 0.001 -17"><span class='ocrx_word' id='word_1_432' title='bbox 1957 2927 2174 2982; x_wconf 91' lang='lat' dir='ltr'><strong>diabolo</strong></span> <span class='ocrx_word' id='word_1_433' title='bbox 2221 2936 2375 2996; x_wconf 89' lang='lat' dir='ltr'><strong>patre</strong></span> <span class='ocrx_word' id='word_1_434' title='bbox 2419 2939 2775 2997; x_wconf 75' lang='lat' dir='ltr'><strong>generantur;</strong></span> <span class='ocrx_word' id='word_1_435' title='bbox 2820 2928 2888 2984; x_wconf 91' lang='lat' dir='ltr'><strong>de</strong></span> <span class='ocrx_word' id='word_1_436' title='bbox 2927 2930 3120 2998; x_wconf 88' lang='lat' dir='ltr'><strong>quibus</strong></span> <span class='ocrx_word' id='word_1_437' title='bbox 3167 2929 3218 2984; x_wconf 93' lang='lat' dir='ltr'><strong>in</strong></span> <span class='ocrx_word' id='word_1_438' title='bbox 3262 2929 3551 2998; x_wconf 87' lang='lat' dir='ltr'><strong>Evangelio</strong></span> 
     </span>
    </p>
   </div>
   <div class='ocr_carea' id='block_1_57' title="bbox 1955 3019 3548 3092">
    <p class='ocr_par' dir='ltr' id='par_1_57' title="bbox 1955 3019 3548 3092">
     <span class='ocr_line' id='line_1_57' title="bbox 1955 3019 3548 3092; baseline -0.003 -16"><span class='ocrx_word' id='word_1_439' title='bbox 1955 3020 2154 3079; x_wconf 81' lang='lat' dir='ltr'><strong>dietum</strong></span> <span class='ocrx_word' id='word_1_440' title='bbox 2183 3028 2266 3076; x_wconf 84' lang='lat' dir='ltr'><strong>est</strong></span> <span class='ocrx_word' id='word_1_441' title='bbox 2291 3036 2305 3074; x_wconf 89' lang='lat'>:</span> <span class='ocrx_word' id='word_1_442' title='bbox 2336 3019 2438 3075; x_wconf 86' lang='lat' dir='ltr'><strong>Vos</strong></span> <span class='ocrx_word' id='word_1_443' title='bbox 2466 3037 2497 3073; x_wconf 78' lang='grc' dir='ltr'><em>α</em></span> <span class='ocrx_word' id='word_1_444' title='bbox 2528 3032 2672 3090; x_wconf 84' lang='lat' dir='ltr'><strong>patre</strong></span> <span class='ocrx_word' id='word_1_445' title='bbox 2702 3021 2903 3076; x_wconf 89' lang='lat' dir='ltr'><strong>diabolo</strong></span> <span class='ocrx_word' id='word_1_446' title='bbox 2931 3022 3050 3076; x_wconf 85' lang='lat' dir='ltr'><strong>estis</strong></span> <span class='ocrx_word' id='word_1_447' title='bbox 3082 3021 3265 3091; x_wconf 85' lang='lat' dir='ltr'><strong>(Joan.</strong></span> <span class='ocrx_word' id='word_1_448' title='bbox 3289 3038 3403 3087; x_wconf 86' lang='lat' dir='ltr'><strong>vnt,</strong></span> <span class='ocrx_word' id='word_1_449' title='bbox 3431 3023 3548 3092; x_wconf 72' lang='grc'><strong>44).</strong></span> 
     </span>
    </p>
   </div>
   <div class='ocr_carea' id='block_1_58' title="bbox 261 3107 3554 3183">
    <p class='ocr_par' dir='ltr' id='par_1_58' title="bbox 261 3107 3554 3183">
     <span class='ocr_line' id='line_1_58' title="bbox 261 3107 3554 3183; baseline 0.002 -19"><span class='ocrx_word' id='word_1_450' title='bbox 261 3111 487 3181; x_wconf 77' lang='lat' dir='ltr'><strong>{armant</strong></span> <span class='ocrx_word' id='word_1_451' title='bbox 526 3113 657 3164; x_wconf 83' lang='lat' dir='ltr'><strong>serui</strong></span> <span class='ocrx_word' id='word_1_452' title='bbox 704 3112 957 3182; x_wconf 83' lang='lat' dir='ltr'><strong>accipiens</strong></span> <span class='ocrx_word' id='word_1_453' title='bbox 1005 3110 1228 3181; x_wconf 85' lang='lat' dir='ltr'><strong>(Philip.</strong></span> <span class='ocrx_word' id='word_1_454' title='bbox 1262 3125 1323 3175; x_wconf 90' lang='lat' dir='ltr'><strong>n,</strong></span> <span class='ocrx_word' id='word_1_455' title='bbox 1355 3109 1431 3179; x_wconf 84' lang='grc'><strong>’1).</strong></span> <span class='ocrx_word' id='word_1_456' title='bbox 1477 3107 1628 3164; x_wconf 88' lang='lat' dir='ltr'><strong>Unde</strong></span> <span class='ocrx_word' id='word_1_457' title='bbox 1659 3108 1852 3162; x_wconf 89' lang='lat' dir='ltr'><strong>merito</strong></span> <span class='ocrx_word' id='word_1_458' title='bbox 1904 3179 1918 3183; x_wconf 87' lang='lat'>_</span> <span class='ocrx_word' id='word_1_459' title='bbox 1959 3113 2061 3183; x_wconf 92' lang='lat' dir='ltr'><strong>Ipsi</strong></span> <span class='ocrx_word' id='word_1_460' title='bbox 2105 3122 2232 3168; x_wconf 86' lang='lat' dir='ltr'><strong>sunt</strong></span> <span class='ocrx_word' id='word_1_461' title='bbox 2276 3114 2419 3168; x_wconf 87' lang='lat' dir='ltr'><strong>enim</strong></span> <span class='ocrx_word' id='word_1_462' title='bbox 2466 3113 2560 3167; x_wconf 82' lang='lat' dir='ltr'><strong>lilii</strong></span> <span class='ocrx_word' id='word_1_463' title='bbox 2611 3114 2791 3180; x_wconf 89' lang='lat' dir='ltr'><strong>alieni,</strong></span> <span class='ocrx_word' id='word_1_464' title='bbox 2843 3115 2934 3182; x_wconf 90' lang='lat' dir='ltr'><strong>qui</strong></span> <span class='ocrx_word' id='word_1_465' title='bbox 2984 3114 3052 3169; x_wconf 90' lang='lat' dir='ltr'><strong>ab</strong></span> <span class='ocrx_word' id='word_1_466' title='bbox 3093 3114 3334 3174; x_wconf 87' lang='lat' dir='ltr'><strong>Ecclesia</strong></span> <span class='ocrx_word' id='word_1_467' title='bbox 3382 3123 3554 3169; x_wconf 88' lang='lat' dir='ltr'><strong>matre</strong></span> 
     </span>
    </p>
   </div>
   <div class='ocr_carea' id='block_1_59' title="bbox 256 3179 2921 3272">
    <p class='ocr_par' dir='ltr' id='par_1_59' title="bbox 256 3179 2921 3272">
     <span class='ocr_line' id='line_1_59' title="bbox 256 3179 2921 3272; baseline -0.003 -11"><span class='ocrx_word' id='word_1_468' title='bbox 256 3179 456 3261; x_wconf 79' lang='lat' dir='ltr'><strong>dicitur</strong></span> <span class='ocrx_word' id='word_1_469' title='bbox 484 3221 498 3259; x_wconf 85' lang='lat'><strong>:</strong></span> <span class='ocrx_word' id='word_1_470' title='bbox 531 3205 738 3259; x_wconf 87' lang='lat' dir='ltr'><strong>Inclina</strong></span> <span class='ocrx_word' id='word_1_471' title='bbox 785 3179 957 3271; x_wconf 70' lang='lat' dir='ltr'><strong>rtzlos,</strong></span> <span class='ocrx_word' id='word_1_472' title='bbox 1003 3215 1050 3259; x_wconf 87' lang='lat' dir='ltr'><strong>et</strong></span> <span class='ocrx_word' id='word_1_473' title='bbox 1095 3179 1339 3260; x_wconf 71' lang='lat' dir='ltr'><strong>descende</strong></span> <span class='ocrx_word' id='word_1_474' title='bbox 1384 3218 1404 3257; x_wconf 84' lang='lat'><strong>.&#39;</strong></span> <span class='ocrx_word' id='word_1_475' title='bbox 1454 3201 1704 3272; x_wconf 89' lang='lat' dir='ltr'><strong>quoniam</strong></span> <span class='ocrx_word' id='word_1_476' title='bbox 1751 3201 1849 3254; x_wconf 80' lang='lat' dir='ltr'><strong>ista</strong></span> <span class='ocrx_word' id='word_1_477' title='bbox 1880 3179 1923 3239; x_wconf 54' lang='grc' dir='ltr'><strong>(δ</strong></span> <span class='ocrx_word' id='word_1_478' title='bbox 1955 3179 2337 3262; x_wconf 50' lang='lat' dir='ltr'><strong>catholicorum</strong></span> <span class='ocrx_word' id='word_1_479' title='bbox 2370 3205 2632 3260; x_wconf 83' lang='lat' dir='ltr'><strong>habentur</strong></span> <span class='ocrx_word' id='word_1_480' title='bbox 2657 3179 2921 3260; x_wconf 66' lang='lat' dir='ltr'><strong>extranei.</strong></span> 
     </span>
    </p>
   </div>
   <div class='ocr_carea' id='block_1_60' title="bbox 256 3297 1849 3366">
    <p class='ocr_par' dir='ltr' id='par_1_60' title="bbox 256 3297 1849 3366">
     <span class='ocr_line' id='line_1_60' title="bbox 256 3297 1849 3366; baseline -0.003 -13"><span class='ocrx_word' id='word_1_481' title='bbox 256 3298 377 3353; x_wconf 82' lang='lat' dir='ltr'><strong>fieri</strong></span> <span class='ocrx_word' id='word_1_482' title='bbox 428 3297 531 3353; x_wconf 91' lang='lat' dir='ltr'><strong>nisi</strong></span> <span class='ocrx_word' id='word_1_483' title='bbox 577 3297 832 3353; x_wconf 88' lang='lat' dir='ltr'><strong>inclinata</strong></span> <span class='ocrx_word' id='word_1_484' title='bbox 880 3298 1058 3352; x_wconf 88' lang='lat' dir='ltr'><strong>divina</strong></span> <span class='ocrx_word' id='word_1_485' title='bbox 1111 3306 1375 3366; x_wconf 82' lang='lat' dir='ltr'><strong>potestate</strong></span> <span class='ocrx_word' id='word_1_486' title='bbox 1424 3311 1528 3350; x_wconf 92' lang='lat' dir='ltr'><strong>non</strong></span> <span class='ocrx_word' id='word_1_487' title='bbox 1581 3302 1849 3364; x_wconf 90' lang='lat' dir='ltr'><strong>poterant.</strong></span> 
     </span>
    </p>
   </div>
   <div class='ocr_carea' id='block_1_61' title="bbox 259 3387 1848 3460">
    <p class='ocr_par' dir='ltr' id='par_1_61' title="bbox 259 3387 1848 3460">
     <span class='ocr_line' id='line_1_61' title="bbox 259 3387 1848 3460; baseline -0.003 -15"><span class='ocrx_word' id='word_1_488' title='bbox 259 3391 542 3446; x_wconf 84' lang='lat' dir='ltr'><strong>Inclinatio</strong></span> <span class='ocrx_word' id='word_1_489' title='bbox 578 3392 721 3447; x_wconf 88' lang='lat' dir='ltr'><strong>enim</strong></span> <span class='ocrx_word' id='word_1_490' title='bbox 759 3391 1017 3448; x_wconf 66' lang='lat' dir='ltr'><strong>caelorum</strong></span> <span class='ocrx_word' id='word_1_491' title='bbox 1057 3391 1174 3453; x_wconf 78' lang='lat' dir='ltr'><strong>fuit,</strong></span> <span class='ocrx_word' id='word_1_492' title='bbox 1222 3389 1438 3460; x_wconf 87' lang='lat' dir='ltr'><strong>quando</strong></span> <span class='ocrx_word' id='word_1_493' title='bbox 1476 3389 1543 3444; x_wconf 90' lang='lat' dir='ltr'><strong>ad</strong></span> <span class='ocrx_word' id='word_1_494' title='bbox 1580 3387 1848 3443; x_wconf 90' lang='lat' dir='ltr'><strong>hominem</strong></span> 
     </span>
    </p>
   </div>
   <div class='ocr_carea' id='block_1_62' title="bbox 256 3481 1848 3552">
    <p class='ocr_par' dir='ltr' id='par_1_62' title="bbox 256 3481 1848 3552">
     <span class='ocr_line' id='line_1_62' title="bbox 256 3481 1848 3552; baseline -0.001 -16"><span class='ocrx_word' id='word_1_495' title='bbox 256 3482 596 3538; x_wconf 87' lang='lat' dir='ltr'><strong>liberandum</strong></span> <span class='ocrx_word' id='word_1_496' title='bbox 641 3483 813 3541; x_wconf 83' lang='lat' dir='ltr'><strong>honor</strong></span> <span class='ocrx_word' id='word_1_497' title='bbox 854 3498 1206 3552; x_wconf 87' lang='lat' dir='ltr'><strong>supernorum</strong></span> <span class='ocrx_word' id='word_1_498' title='bbox 1238 3484 1512 3552; x_wconf 87' lang='lat' dir='ltr'><strong>virtusque</strong></span> <span class='ocrx_word' id='word_1_499' title='bbox 1552 3481 1848 3538; x_wconf 88' lang='lat' dir='ltr'><strong>descendit.</strong></span> 
     </span>
    </p>
   </div>
   <div class='ocr_carea' id='block_1_63' title="bbox 261 3572 1855 3644">
    <p class='ocr_par' dir='ltr' id='par_1_63' title="bbox 261 3572 1855 3644">
     <span class='ocr_line' id='line_1_63' title="bbox 261 3572 1855 3644; baseline 0.001 -19"><span class='ocrx_word' id='word_1_500' title='bbox 261 3572 466 3627; x_wconf 79' lang='lat' dir='ltr'><strong>Montes</strong></span> <span class='ocrx_word' id='word_1_501' title='bbox 506 3573 594 3630; x_wconf 90' lang='lat' dir='ltr'><strong>bic</strong></span> <span class='ocrx_word' id='word_1_502' title='bbox 629 3574 892 3644; x_wconf 89' lang='lat' dir='ltr'><strong>superbos</strong></span> <span class='ocrx_word' id='word_1_503' title='bbox 922 3574 1166 3629; x_wconf 90' lang='lat' dir='ltr'><strong>homines</strong></span> <span class='ocrx_word' id='word_1_504' title='bbox 1195 3574 1457 3630; x_wconf 85' lang='lat' dir='ltr'><strong>debemus</strong></span> <span class='ocrx_word' id='word_1_505' title='bbox 1496 3574 1764 3642; x_wconf 86' lang='lat' dir='ltr'><strong>accipere,</strong></span> <span class='ocrx_word' id='word_1_506' title='bbox 1799 3580 1855 3627; x_wconf 91' lang='lat' dir='ltr'><strong>et</strong></span> 
     </span>
    </p>
   </div>
   <div class='ocr_carea' id='block_1_64' title="bbox 257 3665 1854 3736">
    <p class='ocr_par' dir='ltr' id='par_1_64' title="bbox 257 3665 1854 3736">
     <span class='ocr_line' id='line_1_64' title="bbox 257 3665 1854 3736; baseline 0.001 -17"><span class='ocrx_word' id='word_1_507' title='bbox 257 3665 526 3721; x_wconf 85' lang='lat' dir='ltr'><strong>diabolica</strong></span> <span class='ocrx_word' id='word_1_508' title='bbox 558 3666 837 3736; x_wconf 88' lang='lat' dir='ltr'><strong>iniquitate</strong></span> <span class='ocrx_word' id='word_1_509' title='bbox 875 3666 1251 3736; x_wconf 64' lang='lat' dir='ltr'><strong>praetumidos,</strong></span> <span class='ocrx_word' id='word_1_510' title='bbox 1285 3681 1420 3736; x_wconf 89' lang='lat' dir='ltr'><strong>quos</strong></span> <span class='ocrx_word' id='word_1_511' title='bbox 1450 3665 1707 3720; x_wconf 90' lang='lat' dir='ltr'><strong>Dominus</strong></span> <span class='ocrx_word' id='word_1_512' title='bbox 1736 3666 1854 3720; x_wconf 83' lang='lat' dir='ltr'><strong>teti-</strong></span> 
     </span>
    </p>
   </div>
   <div class='ocr_carea' id='block_1_65' title="bbox 260 3755 1854 3828">
    <p class='ocr_par' dir='ltr' id='par_1_65' title="bbox 260 3755 1854 3828">
     <span class='ocr_line' id='line_1_65' title="bbox 260 3755 1854 3828; baseline -0.001 -17"><span class='ocrx_word' id='word_1_513' title='bbox 260 3759 377 3828; x_wconf 85' lang='lat' dir='ltr'><strong>git,</strong></span> <span class='ocrx_word' id='word_1_514' title='bbox 431 3759 647 3828; x_wconf 89' lang='lat' dir='ltr'><strong>quando</strong></span> <span class='ocrx_word' id='word_1_515' title='bbox 693 3759 774 3814; x_wconf 91' lang='lat' dir='ltr'><strong>eis</strong></span> <span class='ocrx_word' id='word_1_516' title='bbox 818 3759 1286 3827; x_wconf 88' lang='lat' dir='ltr'><strong>compunctionem</strong></span> <span class='ocrx_word' id='word_1_517' title='bbox 1337 3757 1437 3825; x_wconf 65' lang='lat' dir='ltr'><strong>piae</strong></span> <span class='ocrx_word' id='word_1_518' title='bbox 1483 3755 1854 3810; x_wconf 86' lang='lat' dir='ltr'><strong>conversionis</strong></span> 
     </span>
    </p>
   </div>
   <div class='ocr_carea' id='block_1_66' title="bbox 259 3845 1854 3921">
    <p class='ocr_par' dir='ltr' id='par_1_66' title="bbox 259 3845 1854 3921">
     <span class='ocr_line' id='line_1_66' title="bbox 259 3845 1854 3921; baseline 0.001 -20"><span class='ocrx_word' id='word_1_519' title='bbox 259 3848 523 3904; x_wconf 90' lang='lat' dir='ltr'><strong>attribuit.</strong></span> <span class='ocrx_word' id='word_1_520' title='bbox 565 3848 971 3921; x_wconf 78' lang='lat' dir='ltr'><strong>Fumigaverunt</strong></span> <span class='ocrx_word' id='word_1_521' title='bbox 1017 3858 1217 3918; x_wconf 83' lang='lat' dir='ltr'><strong>autem,</strong></span> <span class='ocrx_word' id='word_1_522' title='bbox 1268 3848 1394 3903; x_wconf 91' lang='lat' dir='ltr'><strong>dum</strong></span> <span class='ocrx_word' id='word_1_523' title='bbox 1449 3846 1578 3919; x_wconf 88' lang='lat' dir='ltr'><strong>[ed.,</strong></span> <span class='ocrx_word' id='word_1_524' title='bbox 1612 3845 1854 3919; x_wconf 83' lang='lat' dir='ltr'><strong>quando]</strong></span> 
     </span>
    </p>
   </div>
   <div class='ocr_carea' id='block_1_67' title="bbox 259 3939 1854 4010">
    <p class='ocr_par' dir='ltr' id='par_1_67' title="bbox 259 3939 1854 4010">
     <span class='ocr_line' id='line_1_67' title="bbox 259 3939 1854 4010; baseline -0.001 -16"><span class='ocrx_word' id='word_1_525' title='bbox 259 3939 470 3994; x_wconf 88' lang='lat' dir='ltr'><strong>crebris</strong></span> <span class='ocrx_word' id='word_1_526' title='bbox 513 3939 757 4010; x_wconf 87' lang='lat' dir='ltr'><strong>suspiriis</strong></span> <span class='ocrx_word' id='word_1_527' title='bbox 787 3940 1159 4008; x_wconf 90' lang='lat' dir='ltr'><strong>continuisque</strong></span> <span class='ocrx_word' id='word_1_528' title='bbox 1185 3940 1472 4009; x_wconf 90' lang='lat' dir='ltr'><strong>gemitibus</strong></span> <span class='ocrx_word' id='word_1_529' title='bbox 1502 3954 1596 3992; x_wconf 91' lang='lat' dir='ltr'><strong>sua</strong></span> <span class='ocrx_word' id='word_1_530' title='bbox 1631 3947 1854 4008; x_wconf 84' lang='lat' dir='ltr'><strong>peccata</strong></span> 
     </span>
    </p>
   </div>
   <div class='ocr_carea' id='block_1_68' title="bbox 261 4032 1853 4102">
    <p class='ocr_par' dir='ltr' id='par_1_68' title="bbox 261 4032 1853 4102">
     <span class='ocr_line' id='line_1_68' title="bbox 261 4032 1853 4102; baseline 0.001 -16"><span class='ocrx_word' id='word_1_531' title='bbox 261 4032 628 4102; x_wconf 87' lang='lat' dir='ltr'><strong>ploraverunt.</strong></span> <span class='ocrx_word' id='word_1_532' title='bbox 680 4033 904 4088; x_wconf 89' lang='lat' dir='ltr'><strong>Crassus</strong></span> <span class='ocrx_word' id='word_1_533' title='bbox 939 4035 1082 4089; x_wconf 90' lang='lat' dir='ltr'><strong>enim</strong></span> <span class='ocrx_word' id='word_1_534' title='bbox 1116 4034 1292 4088; x_wconf 90' lang='lat' dir='ltr'><strong>fumus</strong></span> <span class='ocrx_word' id='word_1_535' title='bbox 1319 4046 1414 4087; x_wconf 92' lang='lat' dir='ltr'><strong>ore</strong></span> <span class='ocrx_word' id='word_1_536' title='bbox 1446 4032 1700 4096; x_wconf 89' lang='lat' dir='ltr'><strong>vomitur,</strong></span> <span class='ocrx_word' id='word_1_537' title='bbox 1731 4046 1853 4087; x_wconf 90' lang='lat' dir='ltr'><strong>cum</strong></span> 
     </span>
    </p>
   </div>
   <div class='ocr_carea' id='block_1_69' title="bbox 268 4123 1856 4196">
    <p class='ocr_par' dir='ltr' id='par_1_69' title="bbox 268 4123 1856 4196">
     <span class='ocr_line' id='line_1_69' title="bbox 268 4123 1856 4196; baseline -0.001 -16"><span class='ocrx_word' id='word_1_538' title='bbox 268 4139 324 4180; x_wconf 84' lang='lat' dir='ltr'><strong>se</strong></span> <span class='ocrx_word' id='word_1_539' title='bbox 371 4127 423 4181; x_wconf 91' lang='lat' dir='ltr'><strong>in</strong></span> <span class='ocrx_word' id='word_1_540' title='bbox 471 4126 740 4196; x_wconf 89' lang='lat' dir='ltr'><strong>planctum</strong></span> <span class='ocrx_word' id='word_1_541' title='bbox 774 4127 990 4183; x_wconf 89' lang='lat' dir='ltr'><strong>vitalem</strong></span> <span class='ocrx_word' id='word_1_542' title='bbox 1031 4126 1278 4181; x_wconf 87' lang='lat' dir='ltr'><strong>mortalis</strong></span> <span class='ocrx_word' id='word_1_543' title='bbox 1313 4123 1556 4196; x_wconf 90' lang='lat' dir='ltr'><strong>corporis</strong></span> <span class='ocrx_word' id='word_1_544' title='bbox 1595 4137 1856 4194; x_wconf 78' lang='lat' dir='ltr'><strong>compago</strong></span> 
     </span>
    </p>
   </div>
   <div class='ocr_carea' id='block_1_70' title="bbox 262 4221 640 4275">
    <p class='ocr_par' dir='ltr' id='par_1_70' title="bbox 262 4221 640 4275">
     <span class='ocr_line' id='line_1_70' title="bbox 262 4221 640 4275; baseline 0.005 -3"><span class='ocrx_word' id='word_1_545' title='bbox 262 4221 640 4275; x_wconf 78' lang='lat' dir='ltr'><strong>commoverit.</strong></span> 
     </span>
    </p>
   </div>
   <div class='ocr_carea' id='block_1_71' title="bbox 338 4309 1856 4387">
    <p class='ocr_par' dir='ltr' id='par_1_71' title="bbox 338 4309 1856 4387">
     <span class='ocr_line' id='line_1_71' title="bbox 338 4309 1856 4387; baseline 0.003 -19"><span class='ocrx_word' id='word_1_546' title='bbox 338 4315 490 4372; x_wconf 79' lang='lat' dir='ltr'><strong>Vers.</strong></span> <span class='ocrx_word' id='word_1_547' title='bbox 526 4317 578 4371; x_wconf 86' lang='lat'><strong>6.</strong></span> <span class='ocrx_word' id='word_1_548' title='bbox 625 4309 851 4371; x_wconf 76' lang='lat' dir='ltr'><strong>Corusca</strong></span> <span class='ocrx_word' id='word_1_549' title='bbox 891 4321 1265 4372; x_wconf 87' lang='lat' dir='ltr'><strong>coruscationes</strong></span> <span class='ocrx_word' id='word_1_550' title='bbox 1311 4327 1449 4383; x_wconf 87' lang='lat' dir='ltr'><strong>tuas,</strong></span> <span class='ocrx_word' id='word_1_551' title='bbox 1495 4327 1542 4371; x_wconf 88' lang='lat' dir='ltr'><strong>et</strong></span> <span class='ocrx_word' id='word_1_552' title='bbox 1582 4317 1856 4387; x_wconf 84' lang='lat' dir='ltr'><strong>dissipabis</strong></span> 
     </span>
    </p>
   </div>
   <div class='ocr_carea' id='block_1_72' title="bbox 263 4409 1853 4480">
    <p class='ocr_par' dir='ltr' id='par_1_72' title="bbox 263 4409 1853 4480">
     <span class='ocr_line' id='line_1_72' title="bbox 263 4409 1853 4480; baseline 0.003 -19"><span class='ocrx_word' id='word_1_553' title='bbox 263 4424 381 4472; x_wconf 80' lang='lat' dir='ltr'><strong>eos;</strong></span> <span class='ocrx_word' id='word_1_554' title='bbox 411 4409 580 4462; x_wconf 87' lang='lat' dir='ltr'><strong>emitte</strong></span> <span class='ocrx_word' id='word_1_555' title='bbox 609 4410 822 4479; x_wconf 80' lang='lat' dir='ltr'><strong>sagittas</strong></span> <span class='ocrx_word' id='word_1_556' title='bbox 852 4421 986 4479; x_wconf 86' lang='lat' dir='ltr'><strong>tuas,</strong></span> <span class='ocrx_word' id='word_1_557' title='bbox 1019 4420 1063 4463; x_wconf 86' lang='lat' dir='ltr'><strong>et</strong></span> <span class='ocrx_word' id='word_1_558' title='bbox 1094 4410 1418 4464; x_wconf 82' lang='lat' dir='ltr'><strong>conturbabis</strong></span> <span class='ocrx_word' id='word_1_559' title='bbox 1446 4426 1548 4464; x_wconf 91' lang='lat' dir='ltr'><strong>eos.</strong></span> <span class='ocrx_word' id='word_1_560' title='bbox 1582 4411 1718 4466; x_wconf 81' lang='lat' dir='ltr'><strong>Ecce</strong></span> <span class='ocrx_word' id='word_1_561' title='bbox 1742 4411 1853 4480; x_wconf 89' lang='lat' dir='ltr'><strong>jam</strong></span> 
     </span>
    </p>
   </div>
   <div class='ocr_carea' id='block_1_73' title="bbox 263 4499 1853 4572">
    <p class='ocr_par' dir='ltr' id='par_1_73' title="bbox 263 4499 1853 4572">
     <span class='ocr_line' id='line_1_73' title="bbox 263 4499 1853 4572; baseline 0.004 -20"><span class='ocrx_word' id='word_1_562' title='bbox 263 4499 460 4553; x_wconf 77' lang='lat' dir='ltr'><strong>Christi</strong></span> <span class='ocrx_word' id='word_1_563' title='bbox 507 4501 701 4556; x_wconf 89' lang='lat' dir='ltr'><strong>dicitur</strong></span> <span class='ocrx_word' id='word_1_564' title='bbox 741 4502 964 4565; x_wconf 90' lang='lat' dir='ltr'><strong>bellum,</strong></span> <span class='ocrx_word' id='word_1_565' title='bbox 1003 4511 1059 4558; x_wconf 91' lang='lat' dir='ltr'><strong>et</strong></span> <span class='ocrx_word' id='word_1_566' title='bbox 1099 4503 1551 4572; x_wconf 88' lang='lat' dir='ltr'><strong>quemadmodum</strong></span> <span class='ocrx_word' id='word_1_567' title='bbox 1593 4502 1853 4559; x_wconf 87' lang='lat' dir='ltr'><strong>diabolica</strong></span> 
     </span>
    </p>
   </div>
   <div class='ocr_carea' id='block_1_74' title="bbox 2033 3293 3550 3363">
    <p class='ocr_par' dir='ltr' id='par_1_74' title="bbox 2033 3293 3550 3363">
     <span class='ocr_line' id='line_1_74' title="bbox 2033 3293 3550 3363; baseline -0.001 -13"><span class='ocrx_word' id='word_1_568' title='bbox 2033 3295 2188 3350; x_wconf 82' lang='lat' dir='ltr'><strong>Vers.</strong></span> <span class='ocrx_word' id='word_1_569' title='bbox 2247 3295 2300 3349; x_wconf 89' lang='lat'><strong>8.</strong></span> <span class='ocrx_word' id='word_1_570' title='bbox 2362 3295 2594 3361; x_wconf 81' lang='lat' dir='ltr'><strong>Quorum</strong></span> <span class='ocrx_word' id='word_1_571' title='bbox 2642 3310 2699 3348; x_wconf 86' lang='lat' dir='ltr'><strong>os</strong></span> <span class='ocrx_word' id='word_1_572' title='bbox 2749 3293 2973 3346; x_wconf 85' lang='lat' dir='ltr'><strong>locutum</strong></span> <span class='ocrx_word' id='word_1_573' title='bbox 3019 3302 3094 3348; x_wconf 88' lang='lat' dir='ltr'><strong>est</strong></span> <span class='ocrx_word' id='word_1_574' title='bbox 3136 3294 3452 3363; x_wconf 83' lang='lat' dir='ltr'><strong>vanitatem,</strong></span> <span class='ocrx_word' id='word_1_575' title='bbox 3496 3302 3550 3348; x_wconf 87' lang='lat' dir='ltr'><strong>et</strong></span> 
     </span>
    </p>
   </div>
   <div class='ocr_carea' id='block_1_75' title="bbox 1955 3384 3554 3455">
    <p class='ocr_par' dir='ltr' id='par_1_75' title="bbox 1955 3384 3554 3455">
     <span class='ocr_line' id='line_1_75' title="bbox 1955 3384 3554 3455; baseline -0.001 -15"><span class='ocrx_word' id='word_1_576' title='bbox 1955 3387 2164 3440; x_wconf 71' lang='lat' dir='ltr'><strong>dextera</strong></span> <span class='ocrx_word' id='word_1_577' title='bbox 2196 3401 2370 3440; x_wconf 85' lang='lat' dir='ltr'><strong>eorum</strong></span> <span class='ocrx_word' id='word_1_578' title='bbox 2401 3385 2611 3439; x_wconf 72' lang='lat' dir='ltr'><strong>dextera</strong></span> <span class='ocrx_word' id='word_1_579' title='bbox 2642 3385 2944 3452; x_wconf 84' lang='lat' dir='ltr'><strong>iniquitatis.</strong></span> <span class='ocrx_word' id='word_1_580' title='bbox 2975 3385 3053 3439; x_wconf 87' lang='lat' dir='ltr'><strong>De</strong></span> <span class='ocrx_word' id='word_1_581' title='bbox 3082 3384 3212 3455; x_wconf 90' lang='lat' dir='ltr'><strong>ipsis</strong></span> <span class='ocrx_word' id='word_1_582' title='bbox 3239 3386 3412 3439; x_wconf 89' lang='lat' dir='ltr'><strong>adhuc</strong></span> <span class='ocrx_word' id='word_1_583' title='bbox 3454 3400 3554 3454; x_wconf 80' lang='lat' dir='ltr'><strong>po-</strong></span> 
     </span>
    </p>
   </div>
   <div class='ocr_carea' id='block_1_76' title="bbox 1958 3476 3550 3549">
    <p class='ocr_par' dir='ltr' id='par_1_76' title="bbox 1958 3476 3550 3549">
     <span class='ocr_line' id='line_1_76' title="bbox 1958 3476 3550 3549; baseline -0.001 -16"><span class='ocrx_word' id='word_1_584' title='bbox 1958 3478 2094 3549; x_wconf 91' lang='lat' dir='ltr'><strong>pulis</strong></span> <span class='ocrx_word' id='word_1_585' title='bbox 2113 3479 2242 3533; x_wconf 88' lang='lat' dir='ltr'><strong>dicit</strong></span> <span class='ocrx_word' id='word_1_586' title='bbox 2265 3492 2293 3532; x_wconf 91' lang='lat' dir='ltr'><strong>a</strong></span> <span class='ocrx_word' id='word_1_587' title='bbox 2321 3478 2514 3548; x_wconf 90' lang='lat' dir='ltr'><strong>quibus</strong></span> <span class='ocrx_word' id='word_1_588' title='bbox 2536 3492 2593 3532; x_wconf 88' lang='lat' dir='ltr'><strong>se</strong></span> <span class='ocrx_word' id='word_1_589' title='bbox 2617 3477 2766 3546; x_wconf 89' lang='lat' dir='ltr'><strong>petiit</strong></span> <span class='ocrx_word' id='word_1_590' title='bbox 2785 3477 2982 3532; x_wconf 86' lang='lat' dir='ltr'><strong>debere</strong></span> <span class='ocrx_word' id='word_1_591' title='bbox 3005 3476 3241 3543; x_wconf 88' lang='lat' dir='ltr'><strong>liberari,</strong></span> <span class='ocrx_word' id='word_1_592' title='bbox 3266 3485 3322 3532; x_wconf 95' lang='lat' dir='ltr'><strong>ut</strong></span> <span class='ocrx_word' id='word_1_593' title='bbox 3347 3487 3550 3546; x_wconf 88' lang='lat' dir='ltr'><strong>quanto</strong></span> 
     </span>
    </p>
   </div>
   <div class='ocr_carea' id='block_1_77' title="bbox 1956 3573 3552 3645">
    <p class='ocr_par' dir='ltr' id='par_1_77' title="bbox 1956 3573 3552 3645">
     <span class='ocr_line' id='line_1_77' title="bbox 1956 3573 3552 3645; baseline -0.003 -12"><span class='ocrx_word' id='word_1_594' title='bbox 1956 3578 2034 3633; x_wconf 92' lang='lat' dir='ltr'><strong>illi</strong></span> <span class='ocrx_word' id='word_1_595' title='bbox 2063 3585 2188 3632; x_wconf 88' lang='lat' dir='ltr'><strong>sunt</strong></span> <span class='ocrx_word' id='word_1_596' title='bbox 2227 3577 2475 3632; x_wconf 87' lang='lat' dir='ltr'><strong>crudeles</strong></span> <span class='ocrx_word' id='word_1_597' title='bbox 2506 3586 2561 3632; x_wconf 89' lang='lat' dir='ltr'><strong>et</strong></span> <span class='ocrx_word' id='word_1_598' title='bbox 2595 3575 2836 3645; x_wconf 88' lang='lat' dir='ltr'><strong>pessimi,</strong></span> <span class='ocrx_word' id='word_1_599' title='bbox 2870 3583 3018 3630; x_wconf 71' lang='lat' dir='ltr'><strong>tcinto</strong></span> <span class='ocrx_word' id='word_1_600' title='bbox 3059 3573 3161 3629; x_wconf 83' lang='lat' dir='ltr'><strong>iste</strong></span> <span class='ocrx_word' id='word_1_601' title='bbox 3185 3575 3416 3630; x_wconf 89' lang='lat' dir='ltr'><strong>celerius</strong></span> <span class='ocrx_word' id='word_1_602' title='bbox 3456 3590 3552 3628; x_wconf 85' lang='lat' dir='ltr'><strong>au-</strong></span> 
     </span>
    </p>
   </div>
   <div class='ocr_carea' id='block_1_78' title="bbox 1955 3666 3551 3738">
    <p class='ocr_par' dir='ltr' id='par_1_78' title="bbox 1955 3666 3551 3738">
     <span class='ocr_line' id='line_1_78' title="bbox 1955 3666 3551 3738; baseline -0.004 -10"><span class='ocrx_word' id='word_1_603' title='bbox 1955 3672 2151 3728; x_wconf 90' lang='lat' dir='ltr'><strong>diatur.</strong></span> <span class='ocrx_word' id='word_1_604' title='bbox 2199 3671 2272 3727; x_wconf 84' lang='lat' dir='ltr'><strong>Os</strong></span> <span class='ocrx_word' id='word_1_605' title='bbox 2301 3685 2489 3726; x_wconf 90' lang='lat' dir='ltr'><strong>eorum</strong></span> <span class='ocrx_word' id='word_1_606' title='bbox 2517 3684 2648 3723; x_wconf 86' lang='lat' dir='ltr'><strong>vana</strong></span> <span class='ocrx_word' id='word_1_607' title='bbox 2691 3669 2943 3736; x_wconf 65' lang='lat' dir='ltr'><strong>toijuitur,</strong></span> <span class='ocrx_word' id='word_1_608' title='bbox 2986 3669 3239 3738; x_wconf 91' lang='lat' dir='ltr'><strong>quoniam</strong></span> <span class='ocrx_word' id='word_1_609' title='bbox 3278 3682 3307 3720; x_wconf 87' lang='lat' dir='ltr'><strong>a</strong></span> <span class='ocrx_word' id='word_1_610' title='bbox 3355 3666 3551 3722; x_wconf 88' lang='lat' dir='ltr'><strong>divinis</strong></span> 
     </span>
    </p>
   </div>
   <div class='ocr_carea' id='block_1_79' title="bbox 1956 3759 3547 3834">
    <p class='ocr_par' dir='ltr' id='par_1_79' title="bbox 1956 3759 3547 3834">
     <span class='ocr_line' id='line_1_79' title="bbox 1956 3759 3547 3834; baseline -0.004 -16"><span class='ocrx_word' id='word_1_611' title='bbox 1956 3764 2156 3834; x_wconf 88' lang='lat' dir='ltr'><strong>regulis</strong></span> <span class='ocrx_word' id='word_1_612' title='bbox 2209 3762 2516 3832; x_wconf 89' lang='lat' dir='ltr'><strong>discrepare</strong></span> <span class='ocrx_word' id='word_1_613' title='bbox 2569 3769 2920 3831; x_wconf 73' lang='lat' dir='ltr'><strong>praesumunt.</strong></span> <span class='ocrx_word' id='word_1_614' title='bbox 3011 3760 3212 3814; x_wconf 84' lang='lat' dir='ltr'><strong>Vanum</strong></span> <span class='ocrx_word' id='word_1_615' title='bbox 3265 3767 3351 3813; x_wconf 89' lang='lat' dir='ltr'><strong>est</strong></span> <span class='ocrx_word' id='word_1_616' title='bbox 3404 3759 3547 3812; x_wconf 90' lang='lat' dir='ltr'><strong>enim</strong></span> 
     </span>
    </p>
   </div>
   <div class='ocr_carea' id='block_1_80' title="bbox 1956 3849 3550 3927">
    <p class='ocr_par' dir='ltr' id='par_1_80' title="bbox 1956 3849 3550 3927">
     <span class='ocr_line' id='line_1_80' title="bbox 1956 3849 3550 3927; baseline -0.008 -13"><span class='ocrx_word' id='word_1_617' title='bbox 1956 3873 2117 3914; x_wconf 89' lang='lat' dir='ltr'><strong>omne</strong></span> <span class='ocrx_word' id='word_1_618' title='bbox 2141 3857 2282 3927; x_wconf 90' lang='lat' dir='ltr'><strong>quod</strong></span> <span class='ocrx_word' id='word_1_619' title='bbox 2314 3854 2529 3912; x_wconf 88' lang='lat' dir='ltr'><strong>veritati</strong></span> <span class='ocrx_word' id='word_1_620' title='bbox 2553 3852 2882 3908; x_wconf 89' lang='lat' dir='ltr'><strong>contrarium</strong></span> <span class='ocrx_word' id='word_1_621' title='bbox 2911 3861 3014 3906; x_wconf 91' lang='lat' dir='ltr'><strong>est.</strong></span> <span class='ocrx_word' id='word_1_622' title='bbox 3048 3850 3110 3906; x_wconf 86' lang='lat' dir='ltr'><strong>Et</strong></span> <span class='ocrx_word' id='word_1_623' title='bbox 3139 3851 3389 3918; x_wconf 82' lang='lat' dir='ltr'><strong>quamvis</strong></span> <span class='ocrx_word' id='word_1_624' title='bbox 3415 3849 3550 3902; x_wconf 83' lang='lat' dir='ltr'><strong>dex-</strong></span> 
     </span>
    </p>
   </div>
   <div class='ocr_carea' id='block_1_81' title="bbox 1956 3939 3549 4018">
    <p class='ocr_par' dir='ltr' id='par_1_81' title="bbox 1956 3939 3549 4018">
     <span class='ocr_line' id='line_1_81' title="bbox 1956 3939 3549 4018; baseline -0.009 -14"><span class='ocrx_word' id='word_1_625' title='bbox 1956 3957 2071 4004; x_wconf 84' lang='lat' dir='ltr'><strong>tera</strong></span> <span class='ocrx_word' id='word_1_626' title='bbox 2112 3945 2540 4018; x_wconf 86' lang='lat' dir='ltr'><strong>frequentissime</strong></span> <span class='ocrx_word' id='word_1_627' title='bbox 2583 3952 2811 4012; x_wconf 87' lang='lat' dir='ltr'><strong>ponatur</strong></span> <span class='ocrx_word' id='word_1_628' title='bbox 2850 3941 2905 3995; x_wconf 88' lang='lat' dir='ltr'><strong>in</strong></span> <span class='ocrx_word' id='word_1_629' title='bbox 2935 3941 3109 4003; x_wconf 90' lang='lat' dir='ltr'><strong>bonis,</strong></span> <span class='ocrx_word' id='word_1_630' title='bbox 3139 3939 3418 4007; x_wconf 91' lang='lat' dir='ltr'><strong>impiorum</strong></span> <span class='ocrx_word' id='word_1_631' title='bbox 3469 3947 3549 3991; x_wconf 85' lang='lat' dir='ltr'><strong>ta-</strong></span> 
     </span>
    </p>
   </div>
   <div class='ocr_carea' id='block_1_82' title="bbox 1956 4029 3550 4106">
    <p class='ocr_par' dir='ltr' id='par_1_82' title="bbox 1956 4029 3550 4106">
     <span class='ocr_line' id='line_1_82' title="bbox 1956 4029 3550 4106; baseline -0.009 -9"><span class='ocrx_word' id='word_1_632' title='bbox 1956 4056 2080 4097; x_wconf 87' lang='lat' dir='ltr'><strong>men</strong></span> <span class='ocrx_word' id='word_1_633' title='bbox 2111 4040 2190 4094; x_wconf 88' lang='lat' dir='ltr'><strong>sic</strong></span> <span class='ocrx_word' id='word_1_634' title='bbox 2228 4038 2466 4106; x_wconf 89' lang='lat' dir='ltr'><strong>iniquam</strong></span> <span class='ocrx_word' id='word_1_635' title='bbox 2501 4034 2650 4096; x_wconf 88' lang='lat' dir='ltr'><strong>dicit,</strong></span> <span class='ocrx_word' id='word_1_636' title='bbox 2687 4042 2744 4086; x_wconf 91' lang='lat' dir='ltr'><strong>ut</strong></span> <span class='ocrx_word' id='word_1_637' title='bbox 2774 4033 2950 4099; x_wconf 79' lang='lat' dir='ltr'><strong>potius</strong></span> <span class='ocrx_word' id='word_1_638' title='bbox 2979 4031 3194 4085; x_wconf 89' lang='lat' dir='ltr'><strong>sinistra</strong></span> <span class='ocrx_word' id='word_1_639' title='bbox 3218 4043 3340 4084; x_wconf 90' lang='lat' dir='ltr'><strong>esse</strong></span> <span class='ocrx_word' id='word_1_640' title='bbox 3370 4029 3550 4084; x_wconf 87' lang='lat' dir='ltr'><strong>vidca-</strong></span> 
     </span>
    </p>
   </div>
   <div class='ocr_carea' id='block_1_83' title="bbox 1957 4121 3549 4192">
    <p class='ocr_par' dir='ltr' id='par_1_83' title="bbox 1957 4121 3549 4192">
     <span class='ocr_line' id='line_1_83' title="bbox 1957 4121 3549 4192; baseline -0.009 -5"><span class='ocrx_word' id='word_1_641' title='bbox 1957 4141 2062 4187; x_wconf 89' lang='lat' dir='ltr'><strong>tur.</strong></span> <span class='ocrx_word' id='word_1_642' title='bbox 2089 4131 2221 4186; x_wconf 84' lang='lat' dir='ltr'><strong>Nam</strong></span> <span class='ocrx_word' id='word_1_643' title='bbox 2247 4144 2366 4183; x_wconf 89' lang='lat' dir='ltr'><strong>cum</strong></span> <span class='ocrx_word' id='word_1_644' title='bbox 2392 4125 2690 4182; x_wconf 87' lang='lat' dir='ltr'><strong>mundanas</strong></span> <span class='ocrx_word' id='word_1_645' title='bbox 2721 4139 2806 4178; x_wconf 88' lang='lat' dir='ltr'><strong>res</strong></span> <span class='ocrx_word' id='word_1_646' title='bbox 2831 4123 3127 4192; x_wconf 62' lang='lat' dir='ltr'><strong>prmcipuas</strong></span> <span class='ocrx_word' id='word_1_647' title='bbox 3153 4129 3315 4190; x_wconf 87' lang='lat' dir='ltr'><strong>atque</strong></span> <span class='ocrx_word' id='word_1_648' title='bbox 3345 4121 3549 4191; x_wconf 83' lang='lat' dir='ltr'><strong>appeti-</strong></span> 
     </span>
    </p>
   </div>
   <div class='ocr_carea' id='block_1_84' title="bbox 1956 4212 3546 4290">
    <p class='ocr_par' dir='ltr' id='par_1_84' title="bbox 1956 4212 3546 4290">
     <span class='ocr_line' id='line_1_84' title="bbox 1956 4212 3546 4290; baseline -0.01 -10"><span class='ocrx_word' id='word_1_649' title='bbox 1956 4224 2096 4280; x_wconf 91' lang='lat' dir='ltr'><strong>biles</strong></span> <span class='ocrx_word' id='word_1_650' title='bbox 2124 4229 2329 4290; x_wconf 90' lang='lat' dir='ltr'><strong>putant,</strong></span> <span class='ocrx_word' id='word_1_651' title='bbox 2381 4231 2639 4288; x_wconf 80' lang='lat' dir='ltr'><strong>prospera</strong></span> <span class='ocrx_word' id='word_1_652' title='bbox 2682 4215 2950 4270; x_wconf 65' lang='lat' dir='ltr'><strong>aestimant</strong></span> <span class='ocrx_word' id='word_1_653' title='bbox 2989 4226 3321 4282; x_wconf 62' lang='lat' dir='ltr'><strong>quaecunque</strong></span> <span class='ocrx_word' id='word_1_654' title='bbox 3364 4212 3546 4266; x_wconf 91' lang='lat' dir='ltr'><strong>virtuti</strong></span> 
     </span>
    </p>
   </div>
   <div class='ocr_carea' id='block_1_85' title="bbox 1957 4314 2404 4372">
    <p class='ocr_par' dir='ltr' id='par_1_85' title="bbox 1957 4314 2404 4372">
     <span class='ocr_line' id='line_1_85' title="bbox 1957 4314 2404 4372; baseline -0.013 0"><span class='ocrx_word' id='word_1_655' title='bbox 1957 4314 2228 4372; x_wconf 91' lang='lat' dir='ltr'><strong>contraria</strong></span> <span class='ocrx_word' id='word_1_656' title='bbox 2256 4321 2404 4367; x_wconf 89' lang='lat' dir='ltr'><strong>sunt.</strong></span> 
     </span>
    </p>
   </div>
   <div class='ocr_carea' id='block_1_86' title="bbox 2031 4394 3552 4468">
    <p class='ocr_par' dir='ltr' id='par_1_86' title="bbox 2031 4394 3552 4468">
     <span class='ocr_line' id='line_1_86' title="bbox 2031 4394 3552 4468; baseline -0.007 -8"><span class='ocrx_word' id='word_1_657' title='bbox 2031 4407 2185 4462; x_wconf 84' lang='lat' dir='ltr'><strong>Vers.</strong></span> <span class='ocrx_word' id='word_1_658' title='bbox 2231 4405 2285 4460; x_wconf 87' lang='lat'><strong>9.</strong></span> <span class='ocrx_word' id='word_1_659' title='bbox 2333 4401 2492 4468; x_wconf 84' lang='lat' dir='ltr'><strong>Deus,</strong></span> <span class='ocrx_word' id='word_1_660' title='bbox 2537 4394 2792 4455; x_wconf 64' lang='lat' dir='ltr'><strong>Ponticum</strong></span> <span class='ocrx_word' id='word_1_661' title='bbox 2841 4414 3026 4452; x_wconf 76' lang='lat' dir='ltr'><strong>novum</strong></span> <span class='ocrx_word' id='word_1_662' title='bbox 3071 4396 3286 4451; x_wconf 74' lang='lat' dir='ltr'><strong>cantabo</strong></span> <span class='ocrx_word' id='word_1_663' title='bbox 3330 4397 3453 4462; x_wconf 86' lang='lat' dir='ltr'><strong>tibi;</strong></span> <span class='ocrx_word' id='word_1_664' title='bbox 3496 4397 3552 4449; x_wconf 83' lang='lat' dir='ltr'><strong>in</strong></span> 
     </span>
    </p>
   </div>
   <div class='ocr_carea' id='block_1_87' title="bbox 1959 4490 3553 4572">
    <p class='ocr_par' dir='ltr' id='par_1_87' title="bbox 1959 4490 3553 4572">
     <span class='ocr_line' id='line_1_87' title="bbox 1959 4490 3553 4572; baseline -0.007 -18"><span class='ocrx_word' id='word_1_665' title='bbox 1959 4499 2202 4572; x_wconf 84' lang='lat' dir='ltr'><strong>psalterio</strong></span> <span class='ocrx_word' id='word_1_666' title='bbox 2233 4498 2404 4552; x_wconf 87' lang='lat' dir='ltr'><strong>decem</strong></span> <span class='ocrx_word' id='word_1_667' title='bbox 2437 4495 2748 4549; x_wconf 80' lang='lat' dir='ltr'><strong>chordarum</strong></span> <span class='ocrx_word' id='word_1_668' title='bbox 2785 4491 3003 4560; x_wconf 80' lang='lat' dir='ltr'><strong>psallunt</strong></span> <span class='ocrx_word' id='word_1_669' title='bbox 3035 4492 3146 4546; x_wconf 85' lang='lat' dir='ltr'><strong>tibi.</strong></span> <span class='ocrx_word' id='word_1_670' title='bbox 3193 4490 3350 4544; x_wconf 85' lang='lat' dir='ltr'><strong>Venit</strong></span> <span class='ocrx_word' id='word_1_671' title='bbox 3374 4494 3440 4544; x_wconf 87' lang='lat' dir='ltr'><strong>ad</strong></span> <span class='ocrx_word' id='word_1_672' title='bbox 3463 4504 3553 4544; x_wconf 91' lang='lat' dir='ltr'><strong>or-</strong></span> 
     </span>
    </p>
   </div>
   <div class='ocr_carea' id='block_1_88' title="bbox 267 4563 3553 4664">
    <p class='ocr_par' dir='ltr' id='par_1_88' title="bbox 267 4563 3553 4664">
     <span class='ocr_line' id='line_1_88' title="bbox 267 4563 3553 4664; baseline -0.003 -22"><span class='ocrx_word' id='word_1_673' title='bbox 267 4590 420 4642; x_wconf 84' lang='lat' dir='ltr'><strong>turha</strong></span> <span class='ocrx_word' id='word_1_674' title='bbox 449 4590 605 4646; x_wconf 86' lang='lat' dir='ltr'><strong>fuerit</strong></span> <span class='ocrx_word' id='word_1_675' title='bbox 632 4604 879 4662; x_wconf 87' lang='lat' dir='ltr'><strong>superata</strong></span> <span class='ocrx_word' id='word_1_676' title='bbox 907 4563 1172 4649; x_wconf 69' lang='lat' dir='ltr'><strong>narratur.</strong></span> <span class='ocrx_word' id='word_1_677' title='bbox 1204 4594 1307 4649; x_wconf 88' lang='lat' dir='ltr'><strong>Sed</strong></span> <span class='ocrx_word' id='word_1_678' title='bbox 1335 4595 1577 4664; x_wconf 87' lang='lat' dir='ltr'><strong>quamvis</strong></span> <span class='ocrx_word' id='word_1_679' title='bbox 1605 4609 1852 4649; x_wconf 84' lang='lat' dir='ltr'><strong>corusca-</strong></span> <span class='ocrx_word' id='word_1_680' title='bbox 1883 4563 1936 4626; x_wconf 78' lang='lat' dir='ltr'><strong>D</strong></span> <span class='ocrx_word' id='word_1_681' title='bbox 1961 4563 2140 4646; x_wconf 75' lang='lat' dir='ltr'><strong>dinem</strong></span> <span class='ocrx_word' id='word_1_682' title='bbox 2182 4585 2498 4650; x_wconf 89' lang='lat' dir='ltr'><strong>secundum,</strong></span> <span class='ocrx_word' id='word_1_683' title='bbox 2531 4584 2582 4637; x_wconf 90' lang='lat' dir='ltr'><strong>in</strong></span> <span class='ocrx_word' id='word_1_684' title='bbox 2611 4598 2717 4652; x_wconf 92' lang='lat' dir='ltr'><strong>quo</strong></span> <span class='ocrx_word' id='word_1_685' title='bbox 2745 4598 2806 4638; x_wconf 91' lang='lat' dir='ltr'><strong>se</strong></span> <span class='ocrx_word' id='word_1_686' title='bbox 2838 4591 2958 4650; x_wconf 89' lang='lat' dir='ltr'><strong>post</strong></span> <span class='ocrx_word' id='word_1_687' title='bbox 2986 4580 3359 4634; x_wconf 87' lang='lat' dir='ltr'><strong>liberationem</strong></span> <span class='ocrx_word' id='word_1_688' title='bbox 3390 4580 3553 4648; x_wconf 88' lang='lat' dir='ltr'><strong>spiri-</strong></span> 
     </span>
    </p>
   </div>
   <div class='ocr_carea' id='block_1_89' title="bbox 266 4682 1855 4755">
    <p class='ocr_par' dir='ltr' id='par_1_89' title="bbox 266 4682 1855 4755">
     <span class='ocr_line' id='line_1_89' title="bbox 266 4682 1855 4755; baseline 0.003 -20"><span class='ocrx_word' id='word_1_689' title='bbox 266 4682 497 4737; x_wconf 87' lang='lat' dir='ltr'><strong>tiouihus</strong></span> <span class='ocrx_word' id='word_1_690' title='bbox 524 4693 578 4738; x_wconf 91' lang='lat' dir='ltr'><strong>et</strong></span> <span class='ocrx_word' id='word_1_691' title='bbox 607 4685 811 4754; x_wconf 85' lang='lat' dir='ltr'><strong>sagittis</strong></span> <span class='ocrx_word' id='word_1_692' title='bbox 840 4686 980 4740; x_wconf 89' lang='lat' dir='ltr'><strong>dicat</strong></span> <span class='ocrx_word' id='word_1_693' title='bbox 1010 4701 1130 4741; x_wconf 90' lang='lat' dir='ltr'><strong>esse</strong></span> <span class='ocrx_word' id='word_1_694' title='bbox 1158 4695 1472 4755; x_wconf 88' lang='lat' dir='ltr'><strong>pugnatum,</strong></span> <span class='ocrx_word' id='word_1_695' title='bbox 1498 4695 1646 4754; x_wconf 89' lang='lat' dir='ltr'><strong>petra</strong></span> <span class='ocrx_word' id='word_1_696' title='bbox 1678 4695 1855 4740; x_wconf 88' lang='lat' dir='ltr'><strong>tamen</strong></span> 
     </span>
    </p>
   </div>
   <div class='ocr_carea' id='block_1_90' title="bbox 267 4773 1857 4844">
    <p class='ocr_par' dir='ltr' id='par_1_90' title="bbox 267 4773 1857 4844">
     <span class='ocr_line' id='line_1_90' title="bbox 267 4773 1857 4844; baseline 0.002 -19"><span class='ocrx_word' id='word_1_697' title='bbox 267 4773 369 4826; x_wconf 90' lang='lat' dir='ltr'><strong>hoc</strong></span> <span class='ocrx_word' id='word_1_698' title='bbox 403 4773 548 4841; x_wconf 88' lang='lat' dir='ltr'><strong>fecit,</strong></span> <span class='ocrx_word' id='word_1_699' title='bbox 581 4775 668 4844; x_wconf 90' lang='lat' dir='ltr'><strong>qui</strong></span> <span class='ocrx_word' id='word_1_700' title='bbox 701 4784 778 4830; x_wconf 88' lang='lat' dir='ltr'><strong>est</strong></span> <span class='ocrx_word' id='word_1_701' title='bbox 806 4776 1060 4831; x_wconf 88' lang='lat' dir='ltr'><strong>Dominus</strong></span> <span class='ocrx_word' id='word_1_702' title='bbox 1090 4777 1362 4831; x_wconf 87' lang='lat' dir='ltr'><strong>Christus.</strong></span> <span class='ocrx_word' id='word_1_703' title='bbox 1400 4775 1558 4830; x_wconf 84' lang='lat' dir='ltr'><strong>Venit</strong></span> <span class='ocrx_word' id='word_1_704' title='bbox 1585 4792 1615 4829; x_wconf 91' lang='lat' dir='ltr'><strong>a</strong></span> <span class='ocrx_word' id='word_1_705' title='bbox 1645 4784 1857 4830; x_wconf 89' lang='lat' dir='ltr'><strong>contra-</strong></span> 
     </span>
    </p>
   </div>
   <div class='ocr_carea' id='block_1_91' title="bbox 267 4865 1856 4938">
    <p class='ocr_par' dir='ltr' id='par_1_91' title="bbox 267 4865 1856 4938">
     <span class='ocr_line' id='line_1_91' title="bbox 267 4865 1856 4938; baseline 0.002 -19"><span class='ocrx_word' id='word_1_706' title='bbox 267 4865 350 4919; x_wconf 86' lang='lat' dir='ltr'><strong>rio</strong></span> <span class='ocrx_word' id='word_1_707' title='bbox 398 4866 448 4919; x_wconf 91' lang='lat' dir='ltr'><strong>in</strong></span> <span class='ocrx_word' id='word_1_708' title='bbox 491 4867 717 4922; x_wconf 88' lang='lat' dir='ltr'><strong>frontem</strong></span> <span class='ocrx_word' id='word_1_709' title='bbox 759 4868 977 4934; x_wconf 89' lang='lat' dir='ltr'><strong>diaboli,</strong></span> <span class='ocrx_word' id='word_1_710' title='bbox 1023 4869 1275 4938; x_wconf 90' lang='lat' dir='ltr'><strong>quoniam</strong></span> <span class='ocrx_word' id='word_1_711' title='bbox 1327 4883 1540 4937; x_wconf 89' lang='lat' dir='ltr'><strong>semper</strong></span> <span class='ocrx_word' id='word_1_712' title='bbox 1590 4869 1856 4922; x_wconf 87' lang='lat' dir='ltr'><strong>mandatis</strong></span> 
     </span>
    </p>
   </div>
   <div class='ocr_carea' id='block_1_92' title="bbox 267 4956 1851 5026">
    <p class='ocr_par' dir='ltr' id='par_1_92' title="bbox 267 4956 1851 5026">
     <span class='ocr_line' id='line_1_92' title="bbox 267 4956 1851 5026; baseline -0.001 -14"><span class='ocrx_word' id='word_1_713' title='bbox 267 4956 386 5026; x_wconf 66' lang='lat' dir='ltr'><strong>ejus</strong></span> <span class='ocrx_word' id='word_1_714' title='bbox 416 4957 671 5013; x_wconf 89' lang='lat' dir='ltr'><strong>adversus</strong></span> <span class='ocrx_word' id='word_1_715' title='bbox 698 4968 798 5012; x_wconf 89' lang='lat' dir='ltr'><strong>est.</strong></span> <span class='ocrx_word' id='word_1_716' title='bbox 831 4959 1113 5014; x_wconf 89' lang='lat' dir='ltr'><strong>Confracta</strong></span> <span class='ocrx_word' id='word_1_717' title='bbox 1143 4969 1227 5014; x_wconf 87' lang='lat' dir='ltr'><strong>est</strong></span> <span class='ocrx_word' id='word_1_718' title='bbox 1257 4961 1403 5014; x_wconf 79' lang='lat' dir='ltr'><strong>frons</strong></span> <span class='ocrx_word' id='word_1_719' title='bbox 1433 4961 1520 5013; x_wconf 88' lang='lat' dir='ltr'><strong>illa</strong></span> <span class='ocrx_word' id='word_1_720' title='bbox 1548 4960 1851 5024; x_wconf 90' lang='lat' dir='ltr'><strong>durissima,</strong></span> 
     </span>
    </p>
   </div>
   <div class='ocr_carea' id='block_1_93' title="bbox 268 5047 1859 5118">
    <p class='ocr_par' dir='ltr' id='par_1_93' title="bbox 268 5047 1859 5118">
     <span class='ocr_line' id='line_1_93' title="bbox 268 5047 1859 5118; baseline 0.003 -19"><span class='ocrx_word' id='word_1_721' title='bbox 268 5047 650 5112; x_wconf 88' lang='lat' dir='ltr'><strong>inverecunda,</strong></span> <span class='ocrx_word' id='word_1_722' title='bbox 681 5049 1003 5115; x_wconf 82' lang='lat' dir='ltr'><strong>importuna,</strong></span> <span class='ocrx_word' id='word_1_723' title='bbox 1033 5066 1151 5118; x_wconf 77' lang='lat' dir='ltr'><strong>quae</strong></span> <span class='ocrx_word' id='word_1_724' title='bbox 1182 5063 1306 5104; x_wconf 85' lang='lat' dir='ltr'><strong>ante</strong></span> <span class='ocrx_word' id='word_1_725' title='bbox 1333 5049 1616 5104; x_wconf 87' lang='lat' dir='ltr'><strong>adventum</strong></span> <span class='ocrx_word' id='word_1_726' title='bbox 1652 5050 1859 5104; x_wconf 91' lang='lat' dir='ltr'><strong>Domini</strong></span> 
     </span>
    </p>
   </div>
   <div class='ocr_carea' id='block_1_94' title="bbox 268 5138 1862 5194">
    <p class='ocr_par' dir='ltr' id='par_1_94' title="bbox 268 5138 1862 5194">
     <span class='ocr_line' id='line_1_94' title="bbox 268 5138 1862 5194; baseline 0.003 -4"><span class='ocrx_word' id='word_1_727' title='bbox 268 5138 484 5192; x_wconf 83' lang='lat' dir='ltr'><strong>veritati</strong></span> <span class='ocrx_word' id='word_1_728' title='bbox 512 5138 797 5194; x_wconf 80' lang='lat' dir='ltr'><strong>resiSIebat</strong></span> <span class='ocrx_word' id='word_1_729' title='bbox 827 5139 1046 5193; x_wconf 90' lang='lat' dir='ltr'><strong>invicta.</strong></span> <span class='ocrx_word' id='word_1_730' title='bbox 1096 5141 1207 5194; x_wconf 84' lang='lat' dir='ltr'><strong>Hoc</strong></span> <span class='ocrx_word' id='word_1_731' title='bbox 1235 5155 1420 5194; x_wconf 81' lang='lat' dir='ltr'><strong>revera</strong></span> <span class='ocrx_word' id='word_1_732' title='bbox 1451 5139 1648 5194; x_wconf 87' lang='lat' dir='ltr'><strong>Christi</strong></span> <span class='ocrx_word' id='word_1_733' title='bbox 1679 5141 1862 5194; x_wconf 90' lang='lat' dir='ltr'><strong>dicen-</strong></span> 
     </span>
    </p>
   </div>
   <div class='ocr_carea' id='block_1_95' title="bbox 237 5227 1862 5298">
    <p class='ocr_par' dir='ltr' id='par_1_95' title="bbox 237 5227 1862 5298">
     <span class='ocr_line' id='line_1_95' title="bbox 237 5227 1862 5298; baseline 0.001 -15"><span class='ocrx_word' id='word_1_734' title='bbox 237 5232 397 5288; x_wconf 82' lang='lat' dir='ltr'><strong>-dum</strong></span> <span class='ocrx_word' id='word_1_735' title='bbox 443 5236 525 5282; x_wconf 90' lang='lat' dir='ltr'><strong>est</strong></span> <span class='ocrx_word' id='word_1_736' title='bbox 569 5227 788 5293; x_wconf 90' lang='lat' dir='ltr'><strong>bellum,</strong></span> <span class='ocrx_word' id='word_1_737' title='bbox 833 5230 958 5298; x_wconf 93' lang='lat' dir='ltr'><strong>quia</strong></span> <span class='ocrx_word' id='word_1_738' title='bbox 1010 5229 1139 5283; x_wconf 88' lang='lat' dir='ltr'><strong>illud</strong></span> <span class='ocrx_word' id='word_1_739' title='bbox 1175 5229 1337 5284; x_wconf 89' lang='lat' dir='ltr'><strong>David</strong></span> <span class='ocrx_word' id='word_1_740' title='bbox 1387 5229 1718 5298; x_wconf 83' lang='lat' dir='ltr'><strong>figurativum</strong></span> <span class='ocrx_word' id='word_1_741' title='bbox 1767 5229 1862 5284; x_wconf 87' lang='lat' dir='ltr'><strong>fuit</strong></span> 
     </span>
    </p>
   </div>
   <div class='ocr_carea' id='block_1_96' title="bbox 269 5322 1856 5396">
    <p class='ocr_par' dir='ltr' id='par_1_96' title="bbox 269 5322 1856 5396">
     <span class='ocr_line' id='line_1_96' title="bbox 269 5322 1856 5396; baseline -0.003 -18"><span class='ocrx_word' id='word_1_742' title='bbox 269 5322 537 5396; x_wconf 71' lang='lat' dir='ltr'><strong>prarlium,</strong></span> <span class='ocrx_word' id='word_1_743' title='bbox 572 5323 855 5393; x_wconf 84' lang='lat' dir='ltr'><strong>imaginem</strong></span> <span class='ocrx_word' id='word_1_744' title='bbox 887 5330 1106 5392; x_wconf 90' lang='lat' dir='ltr'><strong>portans</strong></span> <span class='ocrx_word' id='word_1_745' title='bbox 1138 5322 1292 5376; x_wconf 91' lang='lat' dir='ltr'><strong>istius</strong></span> <span class='ocrx_word' id='word_1_746' title='bbox 1324 5322 1566 5376; x_wconf 88' lang='lat' dir='ltr'><strong>veritatis</strong></span> <span class='ocrx_word' id='word_1_747' title='bbox 1600 5322 1856 5388; x_wconf 73' lang='lat' dir='ltr'><strong>impletae.</strong></span> 
     </span>
    </p>
   </div>
   <div class='ocr_carea' id='block_1_97' title="bbox 269 5413 1862 5485">
    <p class='ocr_par' dir='ltr' id='par_1_97' title="bbox 269 5413 1862 5485">
     <span class='ocr_line' id='line_1_97' title="bbox 269 5413 1862 5485; baseline -0.003 -13"><span class='ocrx_word' id='word_1_748' title='bbox 269 5417 412 5472; x_wconf 84' lang='lat' dir='ltr'><strong>Dicit</strong></span> <span class='ocrx_word' id='word_1_749' title='bbox 438 5417 580 5471; x_wconf 86' lang='lat' dir='ltr'><strong>enim</strong></span> <span class='ocrx_word' id='word_1_750' title='bbox 613 5433 628 5470; x_wconf 87' lang='lat'><strong>:</strong></span> <span class='ocrx_word' id='word_1_751' title='bbox 660 5414 882 5470; x_wconf 88' lang='lat' dir='ltr'><strong>Corusca</strong></span> <span class='ocrx_word' id='word_1_752' title='bbox 921 5415 1296 5469; x_wconf 81' lang='lat' dir='ltr'><strong>coruscationes</strong></span> <span class='ocrx_word' id='word_1_753' title='bbox 1332 5424 1468 5479; x_wconf 88' lang='lat' dir='ltr'><strong>tuas,</strong></span> <span class='ocrx_word' id='word_1_754' title='bbox 1505 5423 1551 5467; x_wconf 85' lang='lat' dir='ltr'><strong>et</strong></span> <span class='ocrx_word' id='word_1_755' title='bbox 1588 5413 1862 5485; x_wconf 79' lang='lat' dir='ltr'><strong>dissipabis</strong></span> 
     </span>
    </p>
   </div>
   <div class='ocr_carea' id='block_1_98' title="bbox 271 5503 1861 5579">
    <p class='ocr_par' dir='ltr' id='par_1_98' title="bbox 271 5503 1861 5579">
     <span class='ocr_line' id='line_1_98' title="bbox 271 5503 1861 5579; baseline -0.003 -16"><span class='ocrx_word' id='word_1_756' title='bbox 271 5525 376 5563; x_wconf 81' lang='lat' dir='ltr'><strong>eos.</strong></span> <span class='ocrx_word' id='word_1_757' title='bbox 405 5508 557 5575; x_wconf 85' lang='lat' dir='ltr'><strong>Quod</strong></span> <span class='ocrx_word' id='word_1_758' title='bbox 584 5516 956 5579; x_wconf 80' lang='lat' dir='ltr'><strong>argumentum</strong></span> <span class='ocrx_word' id='word_1_759' title='bbox 982 5506 1180 5561; x_wconf 87' lang='lat' dir='ltr'><strong>dicitur</strong></span> <span class='ocrx_word' id='word_1_760' title='bbox 1209 5519 1238 5559; x_wconf 88' lang='lat' dir='ltr'><strong>a</strong></span> <span class='ocrx_word' id='word_1_761' title='bbox 1262 5503 1580 5574; x_wconf 86' lang='lat' dir='ltr'><strong>eonjugatis.</strong></span> <span class='ocrx_word' id='word_1_762' title='bbox 1606 5504 1861 5559; x_wconf 77' lang='lat' dir='ltr'><strong>Carusca-</strong></span> 
     </span>
    </p>
   </div>
   <div class='ocr_carea' id='block_1_99' title="bbox 270 5594 1865 5666">
    <p class='ocr_par' dir='ltr' id='par_1_99' title="bbox 270 5594 1865 5666">
     <span class='ocr_line' id='line_1_99' title="bbox 270 5594 1865 5666; baseline -0.003 -14"><span class='ocrx_word' id='word_1_763' title='bbox 270 5602 340 5653; x_wconf 81' lang='lat' dir='ltr'><strong>vit</strong></span> <span class='ocrx_word' id='word_1_764' title='bbox 367 5600 506 5654; x_wconf 90' lang='lat' dir='ltr'><strong>enim</strong></span> <span class='ocrx_word' id='word_1_765' title='bbox 535 5600 912 5655; x_wconf 84' lang='lat' dir='ltr'><strong>coruscationes</strong></span> <span class='ocrx_word' id='word_1_766' title='bbox 942 5613 1087 5662; x_wconf 89' lang='lat' dir='ltr'><strong>suas,</strong></span> <span class='ocrx_word' id='word_1_767' title='bbox 1115 5595 1326 5666; x_wconf 88' lang='lat' dir='ltr'><strong>quando</strong></span> <span class='ocrx_word' id='word_1_768' title='bbox 1350 5594 1646 5651; x_wconf 88' lang='lat' dir='ltr'><strong>tenebrosls</strong></span> <span class='ocrx_word' id='word_1_769' title='bbox 1675 5608 1865 5664; x_wconf 85' lang='lat' dir='ltr'><strong>pecca-</strong></span> 
     </span>
    </p>
   </div>
   <div class='ocr_carea' id='block_1_100' title="bbox 276 5684 1858 5762">
    <p class='ocr_par' dir='ltr' id='par_1_100' title="bbox 276 5684 1858 5762">
     <span class='ocr_line' id='line_1_100' title="bbox 276 5684 1858 5762; baseline -0.005 -15"><span class='ocrx_word' id='word_1_770' title='bbox 276 5690 482 5747; x_wconf 85' lang='lat' dir='ltr'><strong>toribus</strong></span> <span class='ocrx_word' id='word_1_771' title='bbox 512 5692 890 5762; x_wconf 88' lang='lat' dir='ltr'><strong>prophetarum</strong></span> <span class='ocrx_word' id='word_1_772' title='bbox 925 5685 1394 5760; x_wconf 62' lang='lat' dir='ltr'><strong>pradicationihus</strong></span> <span class='ocrx_word' id='word_1_773' title='bbox 1420 5684 1599 5740; x_wconf 91' lang='lat' dir='ltr'><strong>lumen</strong></span> <span class='ocrx_word' id='word_1_774' title='bbox 1627 5699 1739 5741; x_wconf 72' lang='lat' dir='ltr'><strong>sua:</strong></span> <span class='ocrx_word' id='word_1_775' title='bbox 1768 5699 1858 5739; x_wconf 58' lang='lat' dir='ltr'><strong>ve-</strong></span> 
     </span>
    </p>
   </div>
   <div class='ocr_carea' id='block_1_101' title="bbox 259 5778 1864 5878">
    <p class='ocr_par' dir='ltr' id='par_1_101' title="bbox 259 5778 1864 5878">
     <span class='ocr_line' id='line_1_101' title="bbox 259 5778 1864 5878; baseline -0.006 -34"><span class='ocrx_word' id='word_1_776' title='bbox 259 5785 449 5878; x_wconf 23' lang='lat' dir='ltr'><strong>Kritatis</strong></span> <span class='ocrx_word' id='word_1_777' title='bbox 481 5786 688 5842; x_wconf 87' lang='lat' dir='ltr'><strong>infudit.</strong></span> <span class='ocrx_word' id='word_1_778' title='bbox 720 5786 994 5857; x_wconf 75' lang='lat' dir='ltr'><strong>Dissipat-it</strong></span> <span class='ocrx_word' id='word_1_779' title='bbox 1023 5794 1199 5841; x_wconf 90' lang='lat' dir='ltr'><strong>autem</strong></span> <span class='ocrx_word' id='word_1_780' title='bbox 1231 5781 1393 5855; x_wconf 60' lang='grc'><strong>485</strong></span> <span class='ocrx_word' id='word_1_781' title='bbox 1423 5779 1675 5852; x_wconf 87' lang='lat' dir='ltr'><strong>dispersit</strong></span> <span class='ocrx_word' id='word_1_782' title='bbox 1700 5778 1864 5850; x_wconf 77' lang='lat' dir='ltr'><strong>signi-</strong></span> 
     </span>
    </p>
   </div>
   <div class='ocr_carea' id='block_1_102' title="bbox 1964 4673 3553 4748">
    <p class='ocr_par' dir='ltr' id='par_1_102' title="bbox 1964 4673 3553 4748">
     <span class='ocr_line' id='line_1_102' title="bbox 1964 4673 3553 4748; baseline -0.007 -11"><span class='ocrx_word' id='word_1_783' title='bbox 1964 4683 2186 4737; x_wconf 89' lang='lat' dir='ltr'><strong>tualium</strong></span> <span class='ocrx_word' id='word_1_784' title='bbox 2219 4679 2574 4748; x_wconf 87' lang='lat' dir='ltr'><strong>nequitiarum</strong></span> <span class='ocrx_word' id='word_1_785' title='bbox 2621 4685 2674 4730; x_wconf 90' lang='lat' dir='ltr'><strong>et</strong></span> <span class='ocrx_word' id='word_1_786' title='bbox 2722 4673 3410 4742; x_wconf 83' lang='lat' dir='ltr'><strong>immaniumpopulorum,</strong></span> <span class='ocrx_word' id='word_1_787' title='bbox 3454 4687 3553 4741; x_wconf 88' lang='lat' dir='ltr'><strong>per</strong></span> 
     </span>
    </p>
   </div>
   <div class='ocr_carea' id='block_1_103' title="bbox 1964 4764 3554 4838">
    <p class='ocr_par' dir='ltr' id='par_1_103' title="bbox 1964 4764 3554 4838">
     <span class='ocr_line' id='line_1_103' title="bbox 1964 4764 3554 4838; baseline -0.008 -9"><span class='ocrx_word' id='word_1_788' title='bbox 1964 4790 2144 4830; x_wconf 87' lang='lat' dir='ltr'><strong>novum</strong></span> <span class='ocrx_word' id='word_1_789' title='bbox 2173 4773 2425 4826; x_wconf 87' lang='lat' dir='ltr'><strong>canticum</strong></span> <span class='ocrx_word' id='word_1_790' title='bbox 2452 4768 2708 4838; x_wconf 89' lang='lat' dir='ltr'><strong>propheta</strong></span> <span class='ocrx_word' id='word_1_791' title='bbox 2735 4767 2935 4833; x_wconf 82' lang='lat' dir='ltr'><strong>gratias</strong></span> <span class='ocrx_word' id='word_1_792' title='bbox 2961 4779 3119 4834; x_wconf 89' lang='lat' dir='ltr'><strong>agere</strong></span> <span class='ocrx_word' id='word_1_793' title='bbox 3143 4764 3370 4817; x_wconf 89' lang='lat' dir='ltr'><strong>Domino</strong></span> <span class='ocrx_word' id='word_1_794' title='bbox 3396 4764 3554 4832; x_wconf 88' lang='lat' dir='ltr'><strong>polli-</strong></span> 
     </span>
    </p>
   </div>
   <div class='ocr_carea' id='block_1_104' title="bbox 1961 4852 3552 4922">
    <p class='ocr_par' dir='ltr' id='par_1_104' title="bbox 1961 4852 3552 4922">
     <span class='ocr_line' id='line_1_104' title="bbox 1961 4852 3552 4922; baseline -0.008 -4"><span class='ocrx_word' id='word_1_795' title='bbox 1961 4876 2112 4918; x_wconf 90' lang='lat' dir='ltr'><strong>cetur</strong></span> <span class='ocrx_word' id='word_1_796' title='bbox 2137 4878 2150 4914; x_wconf 89' lang='lat'><strong>:</strong></span> <span class='ocrx_word' id='word_1_797' title='bbox 2178 4861 2265 4914; x_wconf 87' lang='lat' dir='ltr'><strong>ubi</strong></span> <span class='ocrx_word' id='word_1_798' title='bbox 2287 4868 2371 4915; x_wconf 91' lang='lat' dir='ltr'><strong>est</strong></span> <span class='ocrx_word' id='word_1_799' title='bbox 2399 4858 2520 4913; x_wconf 91' lang='lat' dir='ltr'><strong>novi</strong></span> <span class='ocrx_word' id='word_1_800' title='bbox 2550 4856 2781 4910; x_wconf 89' lang='lat' dir='ltr'><strong>hominis</strong></span> <span class='ocrx_word' id='word_1_801' title='bbox 2809 4856 3075 4909; x_wconf 89' lang='lat' dir='ltr'><strong>institutio</strong></span> <span class='ocrx_word' id='word_1_802' title='bbox 3100 4861 3156 4906; x_wconf 87' lang='lat' dir='ltr'><strong>et</strong></span> <span class='ocrx_word' id='word_1_803' title='bbox 3183 4852 3318 4922; x_wconf 87' lang='lat' dir='ltr'><strong>legis</strong></span> <span class='ocrx_word' id='word_1_804' title='bbox 3349 4855 3552 4906; x_wconf 87' lang='lat' dir='ltr'><strong>veteris</strong></span> 
     </span>
    </p>
   </div>
   <div class='ocr_carea' id='block_1_105' title="bbox 1968 4943 3553 5024">
    <p class='ocr_par' dir='ltr' id='par_1_105' title="bbox 1968 4943 3553 5024">
     <span class='ocr_line' id='line_1_105' title="bbox 1968 4943 3553 5024; baseline -0.006 -17"><span class='ocrx_word' id='word_1_805' title='bbox 1968 4952 2253 5024; x_wconf 88' lang='lat' dir='ltr'><strong>plenitudo.</strong></span> <span class='ocrx_word' id='word_1_806' title='bbox 2304 4949 2506 5005; x_wconf 79' lang='lat' dir='ltr'><strong>Novum</strong></span> <span class='ocrx_word' id='word_1_807' title='bbox 2543 4964 2671 5002; x_wconf 88' lang='lat' dir='ltr'><strong>vero</strong></span> <span class='ocrx_word' id='word_1_808' title='bbox 2697 4948 2952 5000; x_wconf 86' lang='lat' dir='ltr'><strong>canticum</strong></span> <span class='ocrx_word' id='word_1_809' title='bbox 2992 4953 3075 4999; x_wconf 90' lang='lat' dir='ltr'><strong>est</strong></span> <span class='ocrx_word' id='word_1_810' title='bbox 3110 4947 3178 4999; x_wconf 90' lang='lat' dir='ltr'><strong>de</strong></span> <span class='ocrx_word' id='word_1_811' title='bbox 3212 4960 3316 5012; x_wconf 91' lang='lat' dir='ltr'><strong>quo</strong></span> <span class='ocrx_word' id='word_1_812' title='bbox 3358 4943 3409 4998; x_wconf 90' lang='lat' dir='ltr'><strong>in</strong></span> <span class='ocrx_word' id='word_1_813' title='bbox 3445 4944 3553 4998; x_wconf 83' lang='lat' dir='ltr'><strong>alio</strong></span> 
     </span>
    </p>
   </div>
   <div class='ocr_carea' id='block_1_106' title="bbox 1968 5036 3553 5114">
    <p class='ocr_par' dir='ltr' id='par_1_106' title="bbox 1968 5036 3553 5114">
     <span class='ocr_line' id='line_1_106' title="bbox 1968 5036 3553 5114; baseline -0.007 -15"><span class='ocrx_word' id='word_1_814' title='bbox 1968 5045 2170 5114; x_wconf 89' lang='lat' dir='ltr'><strong>psalmo</strong></span> <span class='ocrx_word' id='word_1_815' title='bbox 2199 5044 2399 5096; x_wconf 90' lang='lat' dir='ltr'><strong>dictum</strong></span> <span class='ocrx_word' id='word_1_816' title='bbox 2431 5049 2512 5096; x_wconf 88' lang='lat' dir='ltr'><strong>est</strong></span> <span class='ocrx_word' id='word_1_817' title='bbox 2542 5058 2552 5092; x_wconf 95' lang='lat'>:</span> <span class='ocrx_word' id='word_1_818' title='bbox 2587 5039 2800 5094; x_wconf 87' lang='lat' dir='ltr'><strong>Cantate</strong></span> <span class='ocrx_word' id='word_1_819' title='bbox 2835 5036 3054 5089; x_wconf 87' lang='lat' dir='ltr'><strong>Domino</strong></span> <span class='ocrx_word' id='word_1_820' title='bbox 3084 5037 3340 5088; x_wconf 85' lang='lat' dir='ltr'><strong>canticum</strong></span> <span class='ocrx_word' id='word_1_821' title='bbox 3365 5050 3553 5090; x_wconf 77' lang='lat' dir='ltr'><strong>novum</strong></span> 
     </span>
    </p>
   </div>
   <div class='ocr_carea' id='block_1_107' title="bbox 1965 5125 3552 5207">
    <p class='ocr_par' dir='ltr' id='par_1_107' title="bbox 1965 5125 3552 5207">
     <span class='ocr_line' id='line_1_107' title="bbox 1965 5125 3552 5207; baseline -0.007 -18"><span class='ocrx_word' id='word_1_822' title='bbox 1965 5136 2136 5207; x_wconf 84' lang='lat' dir='ltr'><strong>(Psat.</strong></span> <span class='ocrx_word' id='word_1_823' title='bbox 2165 5149 2328 5196; x_wconf 80' lang='lat' dir='ltr'><strong>xcvn,</strong></span> <span class='ocrx_word' id='word_1_824' title='bbox 2363 5131 2440 5200; x_wconf 93' lang='grc'><strong>1).</strong></span> <span class='ocrx_word' id='word_1_825' title='bbox 2483 5131 2547 5185; x_wconf 86' lang='grc' dir='ltr'><strong>Ει</strong></span> <span class='ocrx_word' id='word_1_826' title='bbox 2579 5141 2634 5183; x_wconf 91' lang='lat' dir='ltr'><strong>ut</strong></span> <span class='ocrx_word' id='word_1_827' title='bbox 2682 5130 2852 5198; x_wconf 91' lang='lat' dir='ltr'><strong>ipsam</strong></span> <span class='ocrx_word' id='word_1_828' title='bbox 2882 5127 3192 5181; x_wconf 84' lang='lat' dir='ltr'><strong>ostenderet</strong></span> <span class='ocrx_word' id='word_1_829' title='bbox 3237 5125 3552 5192; x_wconf 85' lang='lat' dir='ltr'><strong>novitatem,</strong></span> 
     </span>
    </p>
   </div>
   <div class='ocr_carea' id='block_1_108' title="bbox 1966 5216 3553 5295">
    <p class='ocr_par' dir='ltr' id='par_1_108' title="bbox 1966 5216 3553 5295">
     <span class='ocr_line' id='line_1_108' title="bbox 1966 5216 3553 5295; baseline -0.008 -13"><span class='ocrx_word' id='word_1_830' title='bbox 1966 5228 2216 5295; x_wconf 83' lang='lat' dir='ltr'><strong>subjecit,</strong></span> <span class='ocrx_word' id='word_1_831' title='bbox 2245 5232 2450 5278; x_wconf 87' lang='lat' dir='ltr'><strong>cantate</strong></span> <span class='ocrx_word' id='word_1_832' title='bbox 2481 5221 2727 5284; x_wconf 88' lang='lat' dir='ltr'><strong>Domino,</strong></span> <span class='ocrx_word' id='word_1_833' title='bbox 2762 5221 2926 5273; x_wconf 87' lang='lat' dir='ltr'><strong>omnis</strong></span> <span class='ocrx_word' id='word_1_834' title='bbox 2955 5230 3114 5273; x_wconf 87' lang='lat' dir='ltr'><strong>terra.</strong></span> <span class='ocrx_word' id='word_1_835' title='bbox 3156 5217 3362 5272; x_wconf 90' lang='lat' dir='ltr'><strong>Novum</strong></span> <span class='ocrx_word' id='word_1_836' title='bbox 3405 5216 3553 5272; x_wconf 76' lang='lat' dir='ltr'><strong>enim</strong></span> 
     </span>
    </p>
   </div>
   <div class='ocr_carea' id='block_1_109' title="bbox 1966 5311 3553 5385">
    <p class='ocr_par' dir='ltr' id='par_1_109' title="bbox 1966 5311 3553 5385">
     <span class='ocr_line' id='line_1_109' title="bbox 1966 5311 3553 5385; baseline -0.006 -11"><span class='ocrx_word' id='word_1_837' title='bbox 1966 5319 2157 5374; x_wconf 84' lang='lat' dir='ltr'><strong>merito</strong></span> <span class='ocrx_word' id='word_1_838' title='bbox 2186 5318 2402 5381; x_wconf 88' lang='lat' dir='ltr'><strong>dicitur,</strong></span> <span class='ocrx_word' id='word_1_839' title='bbox 2437 5315 2559 5385; x_wconf 90' lang='lat' dir='ltr'><strong>quia</strong></span> <span class='ocrx_word' id='word_1_840' title='bbox 2589 5314 2715 5368; x_wconf 93' lang='lat' dir='ltr'><strong>dum</strong></span> <span class='ocrx_word' id='word_1_841' title='bbox 2748 5328 2854 5366; x_wconf 92' lang='lat' dir='ltr'><strong>non</strong></span> <span class='ocrx_word' id='word_1_842' title='bbox 2885 5311 2957 5367; x_wconf 93' lang='lat' dir='ltr'><strong>sit</strong></span> <span class='ocrx_word' id='word_1_843' title='bbox 2997 5327 3027 5365; x_wconf 90' lang='lat' dir='ltr'><strong>a</strong></span> <span class='ocrx_word' id='word_1_844' title='bbox 3054 5311 3252 5365; x_wconf 73' lang='lat' dir='ltr'><strong>Judazis</strong></span> <span class='ocrx_word' id='word_1_845' title='bbox 3282 5320 3553 5379; x_wconf 88' lang='lat' dir='ltr'><strong>receptus,</strong></span> 
     </span>
    </p>
   </div>
   <div class='ocr_carea' id='block_1_110' title="bbox 1966 5401 3548 5482">
    <p class='ocr_par' dir='ltr' id='par_1_110' title="bbox 1966 5401 3548 5482">
     <span class='ocr_line' id='line_1_110' title="bbox 1966 5401 3548 5482; baseline -0.006 -18"><span class='ocrx_word' id='word_1_846' title='bbox 1966 5411 2160 5482; x_wconf 85' lang='lat' dir='ltr'><strong>quibus</strong></span> <span class='ocrx_word' id='word_1_847' title='bbox 2184 5407 2483 5479; x_wconf 90' lang='lat' dir='ltr'><strong>promissus</strong></span> <span class='ocrx_word' id='word_1_848' title='bbox 2527 5408 2704 5460; x_wconf 82' lang='lat' dir='ltr'><strong>fuerat</strong></span> <span class='ocrx_word' id='word_1_849' title='bbox 2721 5413 2776 5458; x_wconf 91' lang='lat' dir='ltr'><strong>ut</strong></span> <span class='ocrx_word' id='word_1_850' title='bbox 2806 5404 3033 5470; x_wconf 87' lang='lat' dir='ltr'><strong>veniret,</strong></span> <span class='ocrx_word' id='word_1_851' title='bbox 3057 5401 3302 5457; x_wconf 88' lang='lat' dir='ltr'><strong>transivit</strong></span> <span class='ocrx_word' id='word_1_852' title='bbox 3327 5401 3394 5455; x_wconf 88' lang='lat' dir='ltr'><strong>ad</strong></span> <span class='ocrx_word' id='word_1_853' title='bbox 3423 5416 3548 5470; x_wconf 84' lang='lat' dir='ltr'><strong>gen-</strong></span> 
     </span>
    </p>
   </div>
   <div class='ocr_carea' id='block_1_111' title="bbox 1967 5495 3554 5567">
    <p class='ocr_par' dir='ltr' id='par_1_111' title="bbox 1967 5495 3554 5567">
     <span class='ocr_line' id='line_1_111' title="bbox 1967 5495 3554 5567; baseline -0.004 -9"><span class='ocrx_word' id='word_1_854' title='bbox 1967 5513 2067 5558; x_wconf 90' lang='lat' dir='ltr'><strong>tes.</strong></span> <span class='ocrx_word' id='word_1_855' title='bbox 2095 5501 2299 5556; x_wconf 73' lang='lat' dir='ltr'><strong>Novum</strong></span> <span class='ocrx_word' id='word_1_856' title='bbox 2329 5509 2410 5555; x_wconf 90' lang='lat' dir='ltr'><strong>est</strong></span> <span class='ocrx_word' id='word_1_857' title='bbox 2446 5498 2626 5562; x_wconf 87' lang='lat' dir='ltr'><strong>etiam,</strong></span> <span class='ocrx_word' id='word_1_858' title='bbox 2659 5496 2800 5567; x_wconf 90' lang='lat' dir='ltr'><strong>quod</strong></span> <span class='ocrx_word' id='word_1_859' title='bbox 2833 5511 2931 5567; x_wconf 89' lang='lat' dir='ltr'><strong>nos</strong></span> <span class='ocrx_word' id='word_1_860' title='bbox 2959 5509 3188 5564; x_wconf 88' lang='lat' dir='ltr'><strong>corpore</strong></span> <span class='ocrx_word' id='word_1_861' title='bbox 3215 5503 3268 5550; x_wconf 88' lang='lat' dir='ltr'><strong>et</strong></span> <span class='ocrx_word' id='word_1_862' title='bbox 3292 5495 3554 5564; x_wconf 82' lang='lat' dir='ltr'><strong>sanguine</strong></span> 
     </span>
    </p>
   </div>
   <div class='ocr_carea' id='block_1_112' title="bbox 1965 5585 3553 5662">
    <p class='ocr_par' dir='ltr' id='par_1_112' title="bbox 1965 5585 3553 5662">
     <span class='ocr_line' id='line_1_112' title="bbox 1965 5585 3553 5662; baseline -0.006 -12"><span class='ocrx_word' id='word_1_863' title='bbox 1965 5609 2063 5650; x_wconf 88' lang='lat' dir='ltr'><strong>suo</strong></span> <span class='ocrx_word' id='word_1_864' title='bbox 2105 5592 2351 5662; x_wconf 85' lang='lat' dir='ltr'><strong>saginare</strong></span> <span class='ocrx_word' id='word_1_865' title='bbox 2379 5590 2648 5659; x_wconf 86' lang='lat' dir='ltr'><strong>dignatur.</strong></span> <span class='ocrx_word' id='word_1_866' title='bbox 2694 5587 2899 5643; x_wconf 85' lang='lat' dir='ltr'><strong>Novum</strong></span> <span class='ocrx_word' id='word_1_867' title='bbox 2935 5585 3078 5657; x_wconf 86' lang='lat' dir='ltr'><strong>quod</strong></span> <span class='ocrx_word' id='word_1_868' title='bbox 3110 5600 3206 5656; x_wconf 91' lang='lat' dir='ltr'><strong>per</strong></span> <span class='ocrx_word' id='word_1_869' title='bbox 3243 5600 3438 5656; x_wconf 81' lang='lat' dir='ltr'><strong>aquam</strong></span> <span class='ocrx_word' id='word_1_870' title='bbox 3468 5600 3553 5640; x_wconf 86' lang='lat' dir='ltr'><strong>re-</strong></span> 
     </span>
    </p>
   </div>
   <div class='ocr_carea' id='block_1_113' title="bbox 1966 5673 3552 5756">
    <p class='ocr_par' dir='ltr' id='par_1_113' title="bbox 1966 5673 3552 5756">
     <span class='ocr_line' id='line_1_113' title="bbox 1966 5673 3552 5756; baseline -0.008 -16"><span class='ocrx_word' id='word_1_871' title='bbox 1966 5682 2326 5756; x_wconf 88' lang='lat' dir='ltr'><strong>generationis</strong></span> <span class='ocrx_word' id='word_1_872' title='bbox 2353 5681 2608 5747; x_wconf 89' lang='lat' dir='ltr'><strong>absolvit,</strong></span> <span class='ocrx_word' id='word_1_873' title='bbox 2641 5688 2694 5734; x_wconf 87' lang='lat' dir='ltr'><strong>et</strong></span> <span class='ocrx_word' id='word_1_874' title='bbox 2725 5679 2807 5734; x_wconf 90' lang='lat' dir='ltr'><strong>his</strong></span> <span class='ocrx_word' id='word_1_875' title='bbox 2835 5678 3053 5743; x_wconf 89' lang='lat' dir='ltr'><strong>similia,</strong></span> <span class='ocrx_word' id='word_1_876' title='bbox 3085 5692 3205 5747; x_wconf 75' lang='lat' dir='ltr'><strong>qua:</strong></span> <span class='ocrx_word' id='word_1_877' title='bbox 3234 5691 3329 5746; x_wconf 84' lang='lat' dir='ltr'><strong>per</strong></span> <span class='ocrx_word' id='word_1_878' title='bbox 3353 5673 3552 5730; x_wconf 87' lang='lat' dir='ltr'><strong>adven-</strong></span> 
     </span>
    </p>
   </div>
   <div class='ocr_carea' id='block_1_114' title="bbox 1971 5765 3554 5843">
    <p class='ocr_par' dir='ltr' id='par_1_114' title="bbox 1971 5765 3554 5843">
     <span class='ocr_line' id='line_1_114' title="bbox 1971 5765 3554 5843; baseline -0.01 -9"><span class='ocrx_word' id='word_1_879' title='bbox 1971 5788 2083 5834; x_wconf 89' lang='lat' dir='ltr'><strong>tum</strong></span> <span class='ocrx_word' id='word_1_880' title='bbox 2117 5774 2326 5832; x_wconf 85' lang='lat' dir='ltr'><strong>Domini</strong></span> <span class='ocrx_word' id='word_1_881' title='bbox 2368 5789 2503 5830; x_wconf 84' lang='lat' dir='ltr'><strong>nova</strong></span> <span class='ocrx_word' id='word_1_882' title='bbox 2553 5769 2888 5829; x_wconf 85' lang='lat' dir='ltr'><strong>institutione</strong></span> <span class='ocrx_word' id='word_1_883' title='bbox 2919 5777 3226 5843; x_wconf 84' lang='lat' dir='ltr'><strong>patuerunt.</strong></span> <span class='ocrx_word' id='word_1_884' title='bbox 3277 5765 3554 5836; x_wconf 77' lang='lat' dir='ltr'><strong>Sequitur,</strong></span> 
     </span>
    </p>
   </div>
  </div>
