4078 6342
511 347 662 448 tuto

1637 343 1640 346 ’
1709 375 1775 427 tt.
1821 368 2093 428 AUttlsLlI
2133 369 2544 426 LAbStUDUIil

3628 366 3771 419 £023

502 499 554 551 in
579 496 816 565 psalterio
845 505 1010 548 aerem
1038 491 1342 546 chordarum
1374 489 1592 561 psallam
1617 489 1725 541 tibi.
1761 484 2073 542 Psalterium
2107 487 2153 544 Α
2182 499 2287 539 non
2332 484 2490 538 habet
2532 482 2835 550 veritatem,
2876 479 2970 537 sed
3013 480 3237 552 alicujus
3283 479 3627 537 subsistentis
3681 489 3760 538 rc;

507 589 696 644 decem
737 587 1056 642 chordarum
1086 595 1165 636 est
1209 581 1521 656 Decalogus,
1552 581 1642 648 qui
1679 579 1834 632 datus
1870 587 1951 632 est
1993 577 2078 629 tri-
2113 629 2117 634 _

506 669 680 733 bubus
727 677 1087 731 llebrmnrum.
1139 673 1201 726 Et
1247 683 1303 726 ttt
1348 673 1506 724 ambo
1532 669 1872 724 Testamenta
1919 680 2082 720 unum

508 765 705 822 habere
729 763 1092 820 manifeStaret
1117 770 1413 826 auctorem,
1446 763 1496 814 itt
1525 760 1758 830 utrisque
1788 773 1845 812 se
1867 756 2082 811 Chnsto

506 855 733 910 Domino
764 853 990 923 psallere
1019 851 1404 920 compromisit.

573 945 728 1002 Vers.
762 945 847 999 10.
879 944 978 1010 Qui
999 945 1092 997 das
1117 944 1332 996 salutem
1353 939 1571 1012 regibus,
1595 939 1680 1011 qui
1709 939 1894 993 liberas
1920 937 2049 1010 [mss
2067 975 2082 989 .

506 1036 597 1102 A.,
621 1035 707 1102 8.,
737 1035 822 1098 F.,
868 1033 1145 1105 redemisti]
1170 1032 1340 1086 David
1389 1048 1586 1086 servum
1637 1041 1778 1084 tuum
1807 1030 1869 1083 de
1907 1028 2081 1099 gladio

505 1127 755 1199 maligno.
784 1126 965 1198 Reges,
997 1125 1244 1179 homines
1268 1122 1445 1193 jutos
1471 1121 1733 1192 signiﬁcat
1761 1130 1814 1174 et
1843 1133 2075 1182 veraces,

504 1217 594 1288 qui
639 1226 848 1285 regunt,
893 1225 948 1270 ut
991 1215 1259 1278 diximus,
1301 1212 1566 1283 adjutorio
1608 1209 1816 1265 Domini
1856 1224 2079 1278 corpora

505 1322 622 1364 sua.
653 1305 774 1361 Istis
801 1319 929 1374 ergo
958 1305 1160 1376 regibus
1184 1303 1437 1358 Dominus
1464 1303 1548 1354 dat
1575 1302 1808 1364 salutem,
1840 1313 1958 1352 cum
1989 1312 2081 1351 ens

501 1413 534 1454 a
559 1398 701 1453 vitiis
729 1397 1030 1452 carnalibus
1061 1397 1255 1452 liberos
1282 1394 1437 1458 facit;
1462 1395 1529 1448 de
1556 1393 1746 1463 quibus
1777 1392 1828 1444 in
1856 1390 2080 1459 Sapien-

503 1489 575 1542 tia
604 1487 796 1544 dicitur
821 1505 834 1540 :
863 1487 959 1542 Dat
985 1501 1207 1557 regnum
1233 1484 1444 1553 regibus
1470 1482 1624 1553 (Sap.
1652 1497 1734 1548 ιι,
1759 1482 1840 1550 7).
1869 1479 2079 1534 Liberas

505 1577 694 1644 David,
723 1576 790 1632 ad
836 1591 1066 1647 pugnam
1097 1577 1312 1644 reSpieit
1342 1573 1542 1638 Goliae;
1593 1582 1647 1626 ut
1689 1572 1776 1640 qui
1827 1571 2080 1625 liberatus

505 1667 683 1724 luerat
725 1669 1095 1739 corporaliter,
1125 1665 1472 1734 spiritualiter
1516 1665 1684 1718 victor
1711 1669 1854 1716 esset
1889 1661 2080 1715 imma-

502 1759 651 1814 nium
693 1772 904 1829 quoque
949 1758 1218 1814 vitiorum.
1272 1757 1346 1811 De
1372 1757 1546 1827 gladio
1586 1756 1829 1825 maligno,
1880 1753 2079 1808 diaboli

2185 587 2362 647 portat
2398 577 2708 646 imaginem.

2258 665 2408 720 Vers.
2460 667 2539 718 ts.
2584 663 2954 732 Promptuaria
3013 679 3186 719 eorum
3235 663 3427 733 plena,
3479 667 3766 718 eructantia

2183 770 2247 808 ea:
2293 754 2388 807 hoc
2430 755 2484 808 in
2529 753 2680 808 illud.
2718 753 3080 824 Promptuaria
3128 768 3248 824 qua:
3302 753 3522 808 cellaria
3573 755 3764 823 vulgus

2183 845 2432 914 appellat,
2459 845 2834 900 hmreticomm
2865 847 3026 900 corda
3055 844 3374 916 signiﬁcant,
3401 845 3490 902 ubi
3521 845 3768 904 diversa-
3817 853 3825 858 ‘

2183 951 2302 990 rum
2351 951 2528 989 rerum
2580 937 2785 1006 species
2833 937 3111 1005 epnlteque
3157 938 3406 1006 reposita:
3449 948 3595 990 sunt.
3657 937 3761 990 Ista

2183 1035 2443 1093 quantum
2491 1027 2706 1093 copiose
2748 1025 2928 1079 farcita
2958 1034 3102 1092 sunt,
3130 1035 3333 1080 tantum
3365 1026 3607 1081 diversas
3636 1041 3764 1080 eru-

2183 1123 2446 1175 ctat'ones
2494 1121 2736 1189 pessimze
2779 1120 3118 1174 exaltationis
3171 1117 3322 1192 [Leg.
3378 1118 3761 1190 exbalationisj

2184 1213 2453 1267 emittunt.
2479 1214 2623 1282 Quos
2648 1217 2690 1269 si
2717 1214 3033 1269 auctoritate
3062 1214 3370 1278 convincas,
3403 1212 3468 1267 ad
3495 1213 3756 1282 interpre-
3813 1223 3818 1226 '

2189 1304 2444 1358 tationum
2499 1305 2757 1371 nequitias
2805 1306 3211 1360 transferuntur.
3261 1304 3394 1360 Cum
3439 1304 3560 1359 inde
3586 1303 3754 1375 586

2183 1409 2395 1464 quoque
2422 1393 2618 1449 fuerint
2641 1395 2888 1462 (Domino
2913 1396 3155 1463 iuvante)
3184 1395 3442 1462 superati,
3470 1395 3534 1448 ad
3561 1395 3749 1462 sopbi-

2182 1493 2382 1539 starum
2420 1499 2480 1540 se
2519 1487 2782 1540 versutias
2811 1485 3207 1554 calumniasque
3236 1492 3569 1548 convertunt,
3609 1484 3750 1552 vagi,

2184 1573 2487 1638 instabiles,
2529 1576 2648 1643 quia
2689 1575 2920 1630 radicem
2952 1583 3220 1644 nequeunt
3271 1573 3466 1628 habere
3495 1573 3758 1628 veritatis.

2184 1665 2274 1720 Sic
2317 1665 2510 1719 merito
2547 1665 2750 1735 asperis
2793 1665 3044 1721 odoribus
3086 1674 3388 1734 comparata
3435 1676 3592 1732 sunt,
3642 1678 3761 1734 qurc

2185 1754 2506 1822 simplicium
2531 1755 2692 1808 corda
2724 1754 2888 1809 fetido
2914 1769 3161 1810 sermone
3187 1754 3480 1825 decipiunt.

502 1849 765 1921 signiﬁcat
785 1859 1122 1920 potestatem.
1151 1848 1284 1916 Quia
1309 1855 1362 1903 et
1391 1847 1596 1902 Domini
1625 1845 1828 1916 gladius
1857 1845 2067 1915 legitur;
2104 1849 2152 1908 Β
2256 1845 2402 1900 Vers.
2441 1845 2525 1901 15.
2561 1845 2686 1900 Oves
2715 1862 2887 1901 eorum
2911 1849 3104 1915 letosw,
3123 1845 3438 1900 abundantes
3463 1847 3514 1900 in
3545 1847 3760 1919 egressi-

503 1941 599 1996 sed
632 1940 785 1995 illum
817 1941 1104 2011 benignum
1131 1955 1249 1994 esse
1276 1954 1380 1993 non
1411 1938 1627 1992 dubium
1655 1946 1758 2002 est,
1785 1936 1922 1990 sicut
1949 1935 2077 1990 dicit

501 2031 558 2088 in
590 2032 875 2102 Evangelio
901 2048 916 2086 :
950 2031 1070 2086 Non
1099 2033 1212 2086 veni
1240 2047 1414 2098 pacem
1443 2031 1642 2083 mittere
1668 2029 1722 2081 in
1753 2037 1957 2092 terram,
1991 2027 2078 2080 sed

501 2124 731 2196 gladium
772 2125 985 2197 (Matth.
1043 2141 1099 2190 ι,
1148 2122 1261 2195 51).
1312 2124 1645 2193 Quapropter
1693 2121 1951 2191 malignus
1998 2129 2080 2175 est

501 2213 708 2282 gladius
751 2213 967 2275 diaboli,
1023 2213 1142 2282 quia
1193 2213 1380 2267 dividit
1425 2228 1452 2265 a
1485 2211 1666 2276 bonis;
1701 2211 1955 2280 benignus
1996 2221 2080 2267 est

500 2311 678 2358 autem
710 2302 916 2373 gladius
948 2304 1182 2372 Domini,
1213 2305 1464 2373 quoniam
1496 2311 1710 2372 separat
1737 2317 1764 2354 a
1795 2302 1966 2356 malis.

577 2393 730 2450 Vers.
763 2396 849 2451 11.
897 2395 1054 2465 Eripe
1092 2411 1190 2460 me,
1229 2405 1276 2450 et
1315 2395 1472 2449 libera
1501 2411 1580 2449 me
1604 2398 1666 2449 de
1695 2396 1840 2465 aquis
1878 2392 2072 2462 multis,

501 2497 552 2545 et
581 2489 645 2545 de
667 2507 820 2544 manu
845 2490 1072 2559 ﬁliorum
1098 2491 1402 2556 alienorum,
1436 2505 1650 2560 quorum
1673 2507 1728 2544 os
1753 2491 1976 2543 locutum
2003 2497 2076 2543 est

500 2584 772 2636 vanitatem
793 2598 812 2637 :
839 2591 886 2637 et
912 2587 1118 2636 dextera
1144 2598 1334 2648 eorum,
1367 2582 1572 2635 dextera
1601 2581 1897 2651 iniquitatis.
1927 2580 2076 2635 Hunc

501 2687 718 2729 versum
750 2681 804 2728 et
849 2673 900 2728 in
933 2673 1103 2743 prima
1136 2683 1283 2742 parte
1308 2673 1417 2742 jam
1459 2671 1622 2737 dixit;
1656 2686 1812 2738 quem
1843 2672 1962 2726 ideo
1993 2685 2076 2726 re-

508 2765 667 2836 petit,
694 2774 752 2821 ut
779 2764 1202 2822 detestabiliores
1233 2765 1441 2836 iniquos
1471 2765 1715 2820 homines
1745 2763 1930 2820 reddat
1959 2765 2074 2833 ipsa
2103 2767 2106 2774 '

545 2855 816 2912 eminatio.

545 2869 816 2912 emtnatto.

461 3019 464 3026 .
495 2869 542 2997 τε
567 2944 723 3002 Vers.
768 2946 857 3002 £2.
900 2947 1127 3014 Quorum
1155 2945 1252 3016 ﬁlii
1279 2945 1409 3000 sicut
1447 2944 1663 3000 novella:
1703 2943 2067 3014 plantationes,

497 3036 737 3094 stabilita:
779 3054 810 3090 a
847 3038 1110 3108 juventute
1157 3052 1269 3092 sua.
1319 3029 1796 3090 Primis'versibus
1826 3034 1892 3088 de
1921 3033 2074 3087 malis

497 3129 775 3200 disputans
813 3128 1117 3197 impiorum,
1162 3143 1255 3183 eos
1298 3126 1642 3184 detestabiles
1686 3125 1905 3181 reddit:
1936 3139 2074 3178 nunc

2185 1934 2277 1988 bus
2302 1937 2429 1990 suis.
2481 1936 2591 1991 Hoc
2621 1936 2787 2007 magis
2814 1938 2878 1992 ad
2918 1938 3144 1992 litteram
3176 1947 3532 2008 congruenter
3565 1939 3760 2006 accipi-

2181 2041 2298 2080 mus
2325 2045 2336 2080 :
2370 2027 2489 2096 quia
2522 2031 2852 2097 prOpositum
2886 2029 3151 2097 prophetae
3175 2038 3258 2084 est
3287 2028 3423 2084 tales
3447 2029 3753 2094 ostendere,

2177 2117 2377 2172 caduca
2419 2129 2618 2174 tantum
2657 2129 2711 2174 et
2753 2119 3060 2189 temporalia
3094 2120 3395 2189 ansidere.
3439 2120 3498 2174 lli
3527 2119 3748 2174 letosttm

2177 2206 2426 2262 videntur
2453 2209 2648 2264 habere
2672 2211 2957 2279 peculium,
2984 2210 3108 2265 dum
3139 2211 3237 2279 ipsi
3264 2211 3368 2265 lide
3393 2210 3606 2264 steriles
3629 2224 3748 2264 esse

2179 2298 2489 2354 doceantur.
2541 2301 2839 2357 Abundans
2885 2301 3082 2372 quippe
3128 2299 3305 2356 dictus
3348 2310 3450 2366 est,
3501 2300 3569 2355 ab
3619 2300 3756 2354 unda

2179 2389 2326 2456 quasi
2367 2389 2692 2445 redundans.
2736 2391 2849 2461 ipsa
2882 2406 3092 2461 quoque
3134 2405 3362 2460 pecora,
3392 2404 3514 2459 qua:
3561 2388 3759 2444 habere

2180 2491 2491 2548 cernuntur,
2526 2497 2631 2536 non
2658 2482 2790 2536 dixit
2818 2497 2911 2538 eos
2942 2483 2994 2536 in
3023 2482 3370 2553 ingressibus,
3399 2481 3491 2536 sed
3521 2483 3574 2534 in
3601 2496 3764 2549 egres-

2178 2572 2315 2626 sibus
2345 2573 2635 2641 possidere,
2667 2573 2789 2642 quia
2819 2582 2985 2628 totum
3014 2573 3080 2627 ab
3108 2572 3187 2628 eis
3217 2571 3512 2640 egreditur,
3540 2571 3756 2640 quando

2181 2663 2278 2731 ipsi
2309 2679 2518 2733 quoque
2542 2663 2763 2732 perituri
2794 2677 2922 2719 esse
2947 2672 3327 2719 monstrantur.

2249 2773 2406 2829 Vers.
2432 2774 2516 2830 16.
2536 2771 2697 2828 Boves
2718 2790 2891 2828 eorum
2914 2775 3074 2830 crassi
3095 2773 3214 2846 [τηε.
3241 2775 3301 2829 F.
3321 2784 3373 2829 et
3393 2772 3506 2838 ed.,
3527 2772 3758 2843 orasset].

2181 2859 2302 2914 Non
2332 2871 2404 2914 est
2434 2862 2582 2915 ruina
2621 2863 2872 2929 maceriae,
2904 2878 3060 2930 neque
3088 2863 3351 2926 transitus,
3382 2877 3541 2929 neque
3567 2861 3762 2914 clamor

2180 2953 2235 3006 in
2273 2953 2454 3020 plateis
2497 2967 2692 3007 eorum.
2747 2953 2842 3007 Hic
2889 2951 3111 3006 afﬂuens
3159 2949 3385 3006 facultas
3435 2951 3758 3015 05tenditur,

2182 3059 2404 3114 quorum
2441 3045 2601 3099 boves
2631 3060 2738 3100 non
2779 3045 2996 3099 assiduo
3028 3043 3210 3099 labore
3257 3043 3445 3106 macri,
3487 3043 3582 3096 sed
3629 3041 3764 3096 deli-

2192 3135 2334 3190 ciosa
2382 3136 2651 3191 ot'ositate
2681 3134 3012 3206 pinguissimi
3042 3141 3168 3189 sunt
3201 3152 3214 3187 :
3245 3134 3339 3190 sed
3388 3135 3487 3203 ipsi
3536 3137 3764 3187 veritate

497 3222 663 3279 etiam
694 3223 830 3277 bona
862 3223 1098 3292 ipsorum
1127 3236 1244 3291 qua:
1275 3221 1542 3286 videnlur,
1588 3227 1830 3283 accusat;
1865 3228 1916 3270 lll
1951 3218 2066 3271 ubi-
2104 3205 2153 3271 C
2186 3235 2370 3282 tenues
2417 3235 2576 3296 atque
2619 3205 2792 3297 jejuni
2845 3241 2966 3282 esse
3021 3233 3408 3280 monstrantur,
3483 3223 3760 3292 δεραίων,

496 3327 604 3383 que
625 3311 872 3368 dedecus
921 3311 1172 3375 habeant,
1213 3326 1332 3365 cum
1373 3320 1426 3364 et
1466 3311 1576 3375 ipsa
1628 3308 1793 3378 gloria
1836 3307 2072 3376 ipsorum

498 3403 802 3457 abominata
849 3403 1140 3468 respuitur.
1187 3401 1348 3455 Ftlios
1383 3415 1567 3456 eorum
1614 3399 1770 3464 dicit,
1809 3399 1894 3468 qui
1928 3397 2076 3467 pravi

499 3492 763 3561 dogmatis
790 3492 1163 3560 praedicatione
1191 3499 1528 3562 generantur.
1558 3489 1650 3544 Isti
1683 3489 1906 3543 novellis
1939 3489 2076 3557 plan-

498 3569 788 3639 tationibus
815 3591 1178 3654 exaequantur,
1212 3584 1333 3653 quia
1361 3584 1506 3637 nulla
1538 3597 1566 3637 a
1599 3582 1843 3636 Patribus
1883 3581 2075 3636 tradita

500 3675 877 3744 praedicatione
907 3678 1202 3746 viguerunt,
1249 3676 1340 3730 sed
1371 3677 1653 3746 exquisitis
1681 3675 1904 3731 novellis
1929 3691 2076 3730 erro-

499 3769 648 3826 ribus
675 3770 1030 3840 pullularunt.
1063 3772 1200 3825 male
1229 3770 1444 3824 stabiliti
1477 3771 1704 3839 pessima
1735 3769 1915 3824 radice
1943 3767 2077 3822 deﬁ-
2101 3789 2106 3792 ·

501 3870 721 3933 guntur.
762 3861 876 3917 Non
915 3862 1056 3918 enim
1096 3864 1161 3917 de
1197 3863 1491 3932 prophetis,
1539 3877 1642 3916 non
1685 3863 1752 3916 de
1795 3863 2105 3932 apostolis,-

500 3967 606 4010 non
647 3953 714 4009 de
765 3953 940 4024 aliqua
978 3955 1150 4008 divina
1191 3955 1500 4008 auctoritate
1541 3954 1734 4008 ﬁrmati
1777 3963 1930 4018 sunt;
1979 3955 2074 4007 sed

495 4044 797 4100 voluntaria
841 4043 1190 4112 perversitate
1232 4044 1502 4109 novitatis,
1533 4058 1563 4098 a
1593 4055 1790 4098 sancta:
1820 4044 2076 4098 Ecclesiae.

497 4137 705 4192 unitate
733 4135 950 4192 discreti
977 4145 1119 4190 sunt.
1155 4135 1221 4188 Et
1251 4136 1562 4189 intuendum
1593 4145 1674 4190 est
1701 4137 1841 4204 quod
1871 4137 1920 4190 in
1946 4151 2072 4190 cen-

497 4227 693 4282 tesimo
737 4224 989 4279 vicesimo
1039 4225 1266 4295 septimo
1319 4225 1525 4293 psalmo
1573 4223 1782 4278 dederit
1831 4225 2074 4279 ﬁdelibus

495 4318 638 4371 hanc
678 4313 1110 4379 similitudinem;
1157 4316 1250 4368 sed
1297 4314 1366 4369 ibi
1412 4313 1549 4367 ﬁlios
1589 4323 1894 4368 sanctorum
1931 4316 2074 4368 circa

498 4417 742 4462 mensam
799 4399 929 4460 dicit
977 4406 1185 4460 Domini
1241 4393 1588 4473 constituas,
1638 4407 1725 4461 hic
1769 4423 1896 4461 vero
1949 4408 2071 4476 quia

496 4497 1036 4553 communicatimem
1091 4511 1195 4549 non
1251 4496 1446 4552 habent
1493 4504 1728 4562 rectam,
1779 4497 1947 4552 altare
1992 4497 2071 4550 eis

496 4590 918 4647 sacratissimum
964 4587 1330 4642 submovetur.

571 4681 726 4736 Vera.
776 4679 860 4735 15.
917 4677 1072 4734 Filia:
1098 4694 1274 4732 eorum
1316 4679 1607 4747 composita:
1633 4693 1653 4732 :
1686 4679 2074 4734 circumornata:

497 4783 553 4828 ut
589 4772 871 4828 similitudo
901 4771 1095 4841 templi.
1147 4769 1562 4824 Consideremus
1603 4783 1763 4839 quam
1810 4768 2075 4824 subtiliter

495 4875 550 4920 et
591 4863 898 4933 frequenter
942 4877 970 4914 a
1017 4859 1294 4915 catholicis
1319 4859 1619 4929 segregavit
1660 4858 1961 4914 haereticos.
2016 4857 2095 4912 ltt.

492 4958 666 5024 prima
696 4956 1095 5024 comparatione
1135 4953 1304 5008 altare
1331 4953 1412 5007 eis
1440 4951 1686 5018 abstulit,
1718 4965 1860 5006 nunc
1900 4951 1951 5004 in
1992 4965 2078 5005 se-

491 5047 674 5100 cunda
720 5046 854 5100 ﬁlias
902 5045 1208 5107 introducit,
1259 5057 1392 5112 quas
1441 5042 1493 5098 in
1543 5052 1839 5098 memorato
1869 5044 2072 5113 psalmo

491 5134 778 5190 catholicae
819 5149 926 5187 non
971 5135 1116 5189 dedit
1148 5135 1418 5188 Ect-lesite.
1455 5134 1687 5188 Primum
1735 5132 1876 5202 quod
1916 5146 2074 5186 sexus

498 5229 600 5283 iste
631 5225 936 5295 frequenter
965 5229 1124 5282 variis
1154 5243 1216 5281 ac
1247 5229 1403 5282 [luxis
1441 5226 1850 5295 cogitationibus.
1882 5225 2069 5278 datur:

497 5322 619 5391 quia
651 5321 965 5375 constantia:
1015 5338 1118 5376 non
1150 5323 1308 5377 habet
1336 5326 1505 5387 vires,
1537 5337 1656 5376 cum
1685 5320 1989 5389 frequenter
2019 5317 2071 5370 in

498 5413 709 5466 diversa
749 5421 865 5464 vota
904 5414 1217 5466 traducitur.
1263 5413 1462 5467 Deinde
1488 5411 1616 5464 dicit
1649 5423 1742 5464 eas
1771 5425 1875 5462 non
1909 5416 2072 5460 natu-

499 5503 682 5558 raliter
711 5503 980 5572 pulchras,
1008 5504 1100 5557 sed
1129 5503 1399 5557 hominum
1429 5505 1698 5555 voluntate
1719 5501 2068 5568 compositas.

501 5595 686 5650 Tertio
732 5594 1079 5664 cogitationes
1126 5595 1210 5648 vel
1258 5594 1660 5662 praedicationes
1703 5606 1909 5654 eorum,
1942 5603 2076 5660 quas

501 5685 714 5743 feminis
746 5695 1174 5758 comparaverat,
1218 5699 1324 5738 non
1361 5685 1492 5738 dicit
1527 5685 1720 5739 habere
1769 5696 1946 5738 veram
1976 5682 2076 5735 Ec-

497 5776 744 5847 clesiam,
769 5775 867 5836 Sed
897 5778 1296 5836 similitudinem
1325 5777 1527 5845 templi.
1555 5775 1856 5831 Sitnilitudo
1878 5775 2074 5845 quippe

2185 3315 2306 3372 Non
2342 3326 2414 3370 est
2453 3319 2606 3371 ruina
2649 3318 2903 3373 maceriae.
2943 3316 3131 3371 Adhuc
3173 3315 3398 3370 felicitas
3440 3314 3763 3369 describitur

2182 3409 2487 3475 impiorum,
2513 3423 2630 3477 qua:
2661 3419 2836 3461 tamen
2866 3409 2915 3460 itt
2943 3407 3100 3461 rebus
3131 3405 3452 3461 transitoriis
3479 3419 3603 3461 esse
3631 3419 3760 3459 con-

2182 3499 2431 3554 vincitur.
2481 3497 2732 3552 Maceries
2764 3507 2848 3552 est
2895 3498 3066 3566 paries
3107 3512 3171 3552 ex
3215 3497 3327 3551 sola
3369 3497 3766 3566 compositione

2184 3605 2455 3655 saxorum,
2485 3592 2572 3660 qui
2604 3600 2696 3645 aut
2720 3591 2906 3648 vineas
2934 3591 3158 3656 claudit,
3191 3602 3278 3644 aut
3310 3590 3588 3645 hortorum
3617 3591 3757 3645 culta

2181 3682 2493 3736 communit.
2545 3683 2878 3750 Quapropter
2905 3695 3089 3734 eorum
3128 3688 3580 3735 commemoratur
3613 3689 3754 3734 tanta

2182 3773 2530 3842 prosperitas,
2566 3781 2621 3826 ut
2649 3788 2749 3826 nec
2779 3771 2892 3843 ipsa
2924 3781 3101 3839 ruant,
3131 3787 3248 3842 qua:
3277 3772 3330 3826 in
3361 3772 3590 3841 aliquam
3617 3772 3759 3825 utili-

2183 3870 2346 3916 tatem
2391 3862 2636 3916 videntur
2678 3873 2876 3918 erecta.
2928 3863 3238 3931 Subjicitur,
3285 3877 3438 3930 neque
3475 3863 3746 3926 transitus,

2181 3967 2341 4021 neque
2368 3951 2561 4005 rltmor
2588 3951 2639 4003 in
2673 3950 2856 4021 plateis
2899 3966 3089 4004 eorum.
3141 3950 3250 4004 Hoc
3287 3963 3484 4018 quoque
3520 3947 3634 4001 vult
3674 3947 3744 4000 ad

2180 4045 2359 4098 saeculi
2402 4044 2554 4097 istius
2599 4042 2775 4098 felicia
2815 4043 3112 4111 pertinere;
3158 4053 3216 4096 ut
3251 4043 3458 4112 quando
3483 4055 3543 4096 se
3570 4051 3754 4108 patres

2178 4138 2402 4192 familias
2433 4138 2657 4204 cupiunt
2695 4138 2921 4190 reﬁcere
2951 4150 3044 4203 per
3072 4136 3335 4205 quietem,
3367 4148 3473 4188 non
3503 4133 3572 4211 sit
3604 4142 3756 4185 tran-

2179 4228 2313 4282 situs
2345 4243 2438 4293 per
2463 4227 2652 4280 domos
2681 4241 2885 4290 eorum,
2920 4236 3010 4278 aut
3041 4225 3242 4279 clamor
3271 4225 3476 4278 oriatur
3507 4222 3756 4277 turbidus

2179 4319 2233 4372 in
2263 4319 2454 4386 plateis
2482 4333 2498 4372 :
2527 4332 2593 4372 ne
2620 4332 2840 4371 somnus
2867 4330 3052 4370 eorum
3095 4317 3394 4384 importuna
3433 4313 3760 4382 loquacitate

2177 4418 2476 4478 rumpatur,
2518 4408 2612 4462 sed
2659 4408 2928 4462 silentium
2965 4408 3036 4461 sit
3069 4421 3188 4460 cum
3221 4406 3407 4460 volunt
3449 4405 3756 4474 quiescere,

2179 4514 2433 4554 occursus
2472 4513 2681 4552 cumse
2721 4499 2923 4552 amicos
2967 4497 3198 4550 salutare
3242 4494 3579 4565 praecipiunt.
3627 4494 3761 4560 Qua:

2099 4565 2154 4624 D
2179 4590 2346 4658 ﬁgura
2383 4589 2578 4643 dicitur
2605 4588 2797 4644 climax
2832 4587 3046 4658 quando
3080 4585 3244 4642 dictio
3271 4585 3536 4656 gradatim
3568 4585 3633 4640 ad
3667 4599 3763 4638 su-

2177 4681 2388 4751 periora
2417 4679 2747 4736 conscendit.

2250 4771 2406 4826 Vers.
2438 4771 2524 4824 17.
2577 4768 2792 4823 Beatum
2821 4767 3058 4820 dixerunt
3089 4767 3332 4836 populum
3360 4765 3446 4819 cui
3470 4765 3580 4818 lucc
3607 4772 3761 4826 sunt;

2180 4861 2352 4916 beatus
2381 4862 2598 4932 populus
2626 4862 2773 4924 cuius
2798 4867 2871 4912 est
2894 4856 3144 4911 Dominus
3169 4855 3310 4911 Deus
3330 4858 3464 4926 ejus.
3507 4856 3606 4910 llic
3635 4870 3762 4909 ver-

2179 4969 2272 5008 sus
2301 4953 2434 5007 duas
2473 4952 2707 5020 quidem,
2750 4949 2845 5005 sed
2889 4949 3126 5004 diversas
3177 4949 3430 5016 probatur
3476 4946 3762 5000 continere

2175 5046 2489 5101 sententias.
2537 5043 2650 5098 Una
2689 5049 2774 5097 est
2804 5057 2987 5095 eorum
3019 5040 3109 5110 qui
3138 5039 3240 5094 sibi
3271 5039 3518 5100 videntur
3549 5037 3758 5102 felices,

2176 5137 2344 5190 altera
2386 5149 2515 5190 vero
2553 5133 2851 5188 beatorum.
2899 5133 2988 5186 Ait
3034 5132 3174 5185 enim
3209 5129 3472 5184 :Beatum
3514 5129 3762 5182 dixerunt

2175 5227 2422 5299 populum
2461 5207 2542 5280 cui
2581 5224 2689 5279 lucc
2725 5231 2875 5287 sunt;
2915 5221 3116 5276 scilicet
3143 5220 3418 5289 superiora
3464 5234 3584 5288 qua:
3612 5217 3760 5271 dicta

2175 5324 2319 5372 sunt.
2351 5316 2439 5370 Sic
2458 5313 2701 5384 judicaut
2728 5312 2816 5378 qui
2842 5309 3081 5364 veritatis
3109 5307 3354 5377 discipuli
3383 5323 3488 5360 non
3514 5308 3756 5369 luerunt,

2178 5405 2362 5459 mundi
2411 5402 2624 5458 divitias
2671 5400 2988 5469 pratlerunt,
3035 5408 3090 5452 et
3139 5397 3380 5452 caelestia
3414 5410 3580 5466 regna
3625 5409 3758 5450 eon-

2181 5506 2472 5553 temnunt:
2518 5493 2897 5550 beatitudinem
2946 5500 3212 5560 putantes,
3260 5497 3352 5544 aut
3379 5502 3510 5543 oves
3557 5488 3764 5542 fetosas

2181 5591 2451 5656 aspicere,
2487 5595 2579 5642 aut
2607 5586 2770 5642 boves
2809 5583 3170 5639 crassissimos
3197 5580 3490 5650 possidere.
3535 5578 3760 5640 Audite,

2180 5681 2324 5736 male
2374 5677 2643 5748 persuasi;
2693 5674 2890 5741 audite,
2939 5672 3238 5740 dementes,
3290 5671 3344 5725 in
3381 5669 3606 5724 sinistra
3634 5668 3762 5737 poni

2182 5789 2299 5845 quae
2347 5773 2542 5842 putatis
2587 5783 2706 5827 esse
2752 5766 3048 5836 magniﬁca.
3097 5763 3186 5821 Sic
3225 5763 3366 5820 enim
3394 5760 3464 5818 de
3490 5760 3762 5834 sapientia
