4114 6362
350 340 447 396 Il“!
459 341 489 409 It,
544 382 553 389 .

1251 346 1612 409 EXPOSITIO
1650 345 1715 403 IN
1753 340 2207 402 PSALTERIUM.
2250 342 2437 402 PSAL.
2480 342 2708 400 CXLIV.

3470 349 3609 405 1022

347 453 574 519 legitur:
609 450 673 506 In
700 453 905 511 dextera
952 457 1064 527 ejus
1108 457 1231 511 anni
1274 458 1420 524 vitae;
1465 458 1519 512 in
1567 457 1774 511 sinistra
1811 458 1923 526 ejus
1952 452 2003 513 A
2029 454 2311 509 virtutibus
2339 456 2391 509 in
2419 454 2502 508 bis
2528 464 2732 527 septem
2762 454 2981 527 psalmis
3011 457 3355 528 sequentibus
3380 460 3605 516 mirabi-

347 545 539 598 dititia:
567 554 614 600 et
642 546 807 619 gloria
838 544 1018 617 (Prov.
1051 563 1130 615 tu,
1160 549 1267 619 I6).
1302 551 1591 605 Audiamus
1624 563 1763 603 nunc
1792 547 1917 617 quid

347 633 557 689 dicatur
583 634 649 691 de
676 636 828 692 turba
860 638 1095 694 ﬁdelium
1125 655 1139 693 :
1174 638 1361 694 Beatus
1404 642 1623 711 populus
1663 641 1810 710 cujus
1848 648 1919 692 est

347 723 600 780 Dominus
630 725 766 783 Deus
791 731 921 801 ejus.
966 731 1090 785 Post
1144 732 1288 786 illam
1342 731 1645 787 irrisionem
1691 748 1809 802 qua:
1853 731 1920 785 de

348 816 621 872 sceleratis
664 819 799 875 facta
838 830 939 886 est,
983 821 1128 877 venit
1172 822 1237 877 ad
1287 823 1575 892 penetralia
1622 821 1917 889 sapientia},

348 904 453 960 hoc
490 914 571 962 est
599 908 665 964 ad
692 924 879 966 vocem
910 912 1077 981 ipsam
1105 913 1455 967 sanctissimae
1485 912 1746 968 veritatis.
1782 912 1920 965 Deﬁ-

349 993 428 1047 nit
469 994 610 1049 enim
651 999 909 1053 veraciter
946 1000 1035 1066 qui
1077 1001 1145 1055 sit
1185 1001 1355 1055 beatus
1394 1001 1653 1072 populus;
1692 1000 1917 1060 scilicet.

350 1084 497 1148 cuius
521 1095 595 1140 est
616 1084 865 1143 Dominus
892 1088 1030 1144 Deus
1052 1092 1181 1155 eius.
1228 1092 1482 1158 Dicendo,
1524 1095 1673 1164 cujus
1716 1101 1787 1145 est
1818 1091 1924 1147 Do-

350 1177 539 1244 minus,
573 1188 787 1236 sanctos
828 1181 972 1237 viros
1011 1182 1295 1254 signiﬁcat,
1330 1193 1384 1239 et
1412 1184 1675 1254 probabili
1704 1199 1762 1239 se
1792 1198 1921 1237 con-

350 1267 650 1325 versatione
670 1277 979 1326 tractantes.
1015 1273 1224 1328 Illorum
1250 1275 1390 1329 enim
1414 1275 1669 1329 Dominus
1698 1288 1801 1328 non
1838 1272 1917 1327 di-

350 1356 504 1424 citur,
547 1358 636 1427 qui
668 1357 783 1429 ejus
823 1376 1152 1431 nequaquam
1203 1363 1683 1433 praedicationibus,
1710 1362 1924 1432 acquie-

350 1454 524 1503 scunt.
557 1447 660 1518 Ipsi
700 1451 841 1505 enim
873 1452 1153 1508 Dominum
1184 1454 1385 1510 habent
1422 1456 1719 1521 Christum,
1748 1455 1836 1523 qui
1867 1462 1921 1508 et

350 1538 467 1605 ejus
502 1540 644 1595 servi
677 1544 995 1611 Tspecialiter
1021 1556 1415 1615 nuncupantur.
1441 1547 1660 1603 Addidit
1684 1560 1916 1616 quoque,

351 1626 491 1682 Deus
510 1631 641 1701 ejus,
666 1631 717 1685 id
744 1642 826 1687 est
845 1634 1035 1704 quibus
1057 1637 1313 1706 propitius
1335 1652 1457 1693 esse
1476 1638 1742 1707 dignatur.
1767 1636 1921 1705 Saepe

351 1718 492 1771 enim
519 1719 600 1774 sic
626 1719 854 1791 legimus
881 1738 911 1776 a
938 1724 1183 1781 ﬁdelibus
1214 1727 1412 1781 dictum
1446 1744 1460 1781 :
1504 1726 1643 1781 Deus
1668 1743 1833 1791 meus,
1875 1733 1921 1780 et

2022 544 2146 598 liter
2171 545 2522 613 explieantur.
2556 546 2791 613 Quorum
2823 546 3123 617 proprietas
3155 550 3205 603 in
3237 552 3347 605 suis
3376 552 3597 605 conclu-

2020 637 2258 691 sionibus
2291 636 2449 707 (sicut
2480 636 2677 692 factum
2710 648 2789 692 est
2822 646 2875 693 et
2905 639 2958 693 in
2992 641 3444 713 praecedentibus)
3476 658 3604 711 ape-

2020 727 2178 783 ritur.
2231 727 2340 781 Nec
2370 739 2524 782 vacat
2554 728 2693 797 quod
2723 728 2809 784 hic
2835 731 3143 798 septenario
3168 746 3392 786 numero
3418 733 3625 786 laudes

2023 817 2234 872 Domini
2277 818 2694 887 concluduntur,
2742 819 2881 890 quod
2924 820 3291 889 pmxtitentium
3337 821 3606 877 confessio

2021 912 2112 965 tali
2156 912 2362 966 calculo
2392 922 2742 982 prmnotatur,
2790 912 2930 982 quod
2971 912 3083 981 ipse
3115 912 3343 980 Spiritus
3385 923 3603 968 sanctus

2021 1002 2321 1069 septenaria
2353 1002 2547 1057 virtute
2581 996 2901 1071 przedieatus
2937 1013 3019 1057 est
3052 1020 3066 1057 :
3100 1002 3225 1057 illud
3260 1002 3481 1057 forsitan
3514 1004 3598 1058 in-

2022 1090 2205 1145 dicans
2232 1101 2651 1156 sacramentum,
2684 1092 2897 1161 quando
2927 1090 3090 1163 Moysi
3120 1093 3375 1146 Dominus
3405 1108 3605 1161 praece-

2022 1182 2098 1252 pit
2128 1190 2185 1235 nt
2214 1182 2264 1235 in
2297 1183 2640 1237 tabernaculo
2671 1197 2768 1236 suo
2799 1191 3004 1250 septem
3040 1183 3281 1235 lucernas
3309 1193 3605 1250 apponeret

2023 1282 2285 1343 perpetuo
2325 1273 2524 1326 lumine
2550 1272 2787 1327 lucentes
2819 1270 3014 1344 (Exod.
3046 1287 3178 1336 xxv,
3206 1272 3320 1339 57).
3348 1270 3453 1325 Sed
3482 1286 3602 1326 cum

2023 1365 2150 1419 nihil
2179 1365 2231 1419 in
2256 1363 2551 1431 Scriptnris
2580 1363 2773 1418 divinis
2804 1364 3056 1432 probetur
3084 1364 3337 1432 otiosum,
3362 1365 3597 1419 maxime

2024 1457 2233 1513 Ilehrazi
2263 1455 2528 1527 alphabeti
2586 1454 2748 1525 487
2804 1455 3044 1509 ordinem
3077 1462 3131 1509 et
3162 1455 3250 1510 hic
3278 1470 3383 1509 non
3416 1454 3599 1510 incas-

2024 1565 2141 1605 sum
2185 1549 2417 1603 arbitror
2447 1562 2542 1616 per
2584 1560 2833 1600 versuum
2865 1546 3037 1612 capita
3066 1544 3408 1611 custoditum,
3442 1560 3599 1615 quem

2025 1640 2077 1695 in
2108 1640 2319 1695 duobus
2360 1637 2645 1707 generibus
2698 1636 2969 1690 hominum
3016 1636 3067 1690 in
3118 1637 3374 1706 vigesimo
3414 1647 3605 1705 quarto

2026 1732 2234 1802 psalmo
2264 1731 2495 1785 diximus
2524 1728 2913 1797 accipiendum.
2946 1728 3078 1783 Nam
3110 1744 3228 1783 cum
3263 1730 3386 1784 totis
3414 1729 3605 1783 litteris

352 1804 601 1896 Dominus
623 1826 765 1866 meus
788 1811 964 1885 (Joan.
995 1809 1228 1885 xx,'28).
1260 1816 1390 1871 Nam
1420 1818 1582 1874 sinos
1628 1818 1770 1873 servi
1802 1818 1917 1888 ejus
1951 1816 1999 1877 Β
2026 1827 2341 1896 explicatur,
2387 1824 2561 1892 justus
2600 1823 2870 1893 designat,
2900 1822 3091 1890 quibus
3135 1822 3276 1874 nulla
3308 1821 3473 1875 virtus
3511 1837 3605 1890 per

352 1894 558 1968 integre
598 1900 846 1970 dicimur,
880 1905 970 1961 ille
1000 1906 1251 1962 Dominus
1281 1918 1465 1964 noster
1492 1908 1758 1963 veraciter
1780 1923 1926 1962 nun-

352 1998 593 2057 cupatur.
624 1992 713 2047 Sic
740 1997 920 2063 paucis
947 1999 1127 2053 verbis
1155 2000 1289 2054 beati
1324 2001 1503 2071 pepuli
1543 2000 1782 2057 delinitio
1819 2001 1927 2070 ple-

352 2080 568 2136 nissima
598 2085 822 2142 veritate
843 2088 1109 2157 completa
1134 2099 1239 2144 est.

887 2196 1161 2254 Conclusio
1188 2202 1392 2271 psalmi.

446 2302 811 2376 Triumphalis
855 2310 1069 2379 quidem
1122 2314 1358 2382 psalmus
1404 2314 1613 2371 auditus
1666 2326 1776 2384 est;
1833 2316 1928 2372 sed

354 2394 633 2451 videamus
664 2415 768 2469 quo
800 2403 1062 2470 pertineat
1093 2402 1191 2458 ista
1224 2404 1443 2460 victoria
1474 2422 1591 2476 quae
1624 2410 1929 2479 Specialiter

352 2488 420 2541 ad
476 2488 871 2573 similitudinem
920 2495 1178 2552 Ecclesia:
1233 2508 1442 2557 constat
1489 2517 1611 2557 esse
1669 2503 1927 2572 perferte.

353 2576 484 2631 Nam
527 2580 650 2636 licet
681 2598 773 2652 per
812 2585 969 2639 istum
1014 2597 1255 2646 Sanctum
1286 2594 1454 2646 virum
1484 2593 1651 2647 multa
1678 2593 1931 2649 Dominus

354 2670 624 2739 religionis
652 2688 763 2731 suae
802 2689 1133 2734 sacramenta
1185 2684 1588 2751 monstraverit,
1621 2683 1722 2740 hoc
1753 2693 1930 2739 tamen

355 2764 630 2819 evidenter
656 2766 720 2820 ad
754 2783 955 2839 pugnas
984 2769 1235 2825 Ecclesiae
1264 2771 1634 2841 declarandas,
1662 2789 1793 2842 quas
1822 2774 1933 2843 spi-

355 2851 618 2908 ritualiter
667 2858 885 2923 patitur,
937 2860 1190 2927 probatur
1237 2862 1518 2927 ellectum;
1566 2873 1626 2917 ut
1678 2863 1933 2932 pastorali

358 2950 506 3009 petra
539 2946 802 3013 superbus
825 2949 1058 3014 caderet,
1087 2967 1205 3005 cum
1234 2966 1293 3007 se
1321 2952 1507 3010 virium
1540 2967 1758 3008 suarum
1800 2969 1934 3023 pra:-

358 3032 660 3099 sumrtione
680 3034 925 3104 jactaret.
953 3039 1284 3111 Quapmpter
1310 3044 1582 3113 exemplar
1603 3043 1743 3098 istud
1773 3045 1935 3100 totius

360 3120 482 3176 ﬁdei
515 3126 788 3195 gravidum
822 3128 1123 3199 huiusmodi
1154 3132 1412 3188 debemus
1454 3135 1715 3204 accipere.
1749 3135 1929 3193 Golias

360 3215 425 3267 ad
460 3216 727 3273 diabolum
752 3220 1016 3290 pertineat
1061 3238 1179 3276 cum
1212 3224 1490 3291 ministris,
1519 3226 1686 3282 David
1714 3229 1779 3283 ad
1812 3229 1932 3282 uni-

362 3320 575 3363 verSnm
621 3312 873 3381 respiciat
904 3316 1153 3384 populum
1196 3316 1576 3385 Christianum,
1623 3322 1715 3388 qui
1763 3323 1937 3376 inimi-

364 3412 483 3452 cum
516 3414 666 3455 suum
699 3404 988 3459 terribilem
1023 3418 1182 3474 petra:
1214 3414 1452 3466 noscitur
1482 3413 1751 3467 soliditate
1780 3428 1939 3483 supe-

365 3503 531 3544 rasse.
586 3492 716 3546 lllud
773 3510 985 3563 quoque
1044 3514 1367 3569 magnOpere
1419 3503 1779 3557 contuendum
1833 3514 1937 3569 est,

365 3581 505 3648 quoi
536 3591 655 3651 post
701 3592 778 3638 tot
820 3588 1139 3654 psalmorum
1189 3590 1550 3659 longissimam
1592 3596 1807 3661 seriem,
1855 3596 1942 3650 hic

369 3674 756 3729 mundanarum
799 3692 978 3731 rerum
1022 3682 1171 3747 quasi
1202 3683 1412 3751 quidam
1443 3686 1703 3739 terminus
1729 3686 1943 3740 videtur

368 3764 660 3830 appositus.
712 3764 893 3835 Neque
948 3770 1088 3822 enim
1139 3781 1257 3839 post
1306 3772 1444 3827 hunc
1491 3775 1689 3843 aliquid
1735 3788 1826 3829 aut
1874 3778 1942 3831 de

368 3851 623 3910 Ecclesia:
645 3861 1121 3929 persecutionibus,
1152 3874 1242 3918 aut
1265 3866 1332 3920 de
1357 3868 1711 3924 amaritudine
1737 3872 1942 3937 sveculi,

368 3955 459 4000 aut
481 3948 545 4002 de
571 3951 902 4017 passionibus
924 3964 1238 4025 martyrum,
1257 3959 1426 4013 autde
1459 3960 1799 4017 tribulatione
1829 3980 1943 4032 pa:-

370 4040 682 4107 nitentium,
708 4055 798 4097 aut
826 4044 893 4098 de
923 4045 1299 4103 lamentatione
1329 4050 1584 4118 ﬁdelium,
1619 4060 1711 4107 aut
1737 4054 1806 4108 de
1833 4056 1945 4108 An-
1975 4109 1978 4113 .

373 4129 603 4185 tichristi
654 4133 1007 4189 abominanda
1048 4138 1278 4193 elatione
1324 4152 1600 4207 narratur;
1632 4144 1723 4198 sed
1756 4145 1945 4213 reliqui

371 4231 575 4289 septem
609 4223 660 4276 in
692 4239 937 4293 magnum
969 4229 1279 4299 mysterium
1310 4229 1501 4284 divinis
1529 4235 1808 4299 ιιι-ιηεωηίίε
1851 4248 1948 4303 ap-

373 4311 490 4376 tati,
538 4313 741 4371 caelesti
781 4317 957 4370 laetitia
1002 4317 1247 4372 videntur
1282 4336 1401 4374 esse
1434 4321 1746 4390 plenissimi.
1796 4323 1947 4379 Nunc

371 4402 438 4455 ad
470 4403 652 4460 laudes
682 4403 891 4462 Domini
936 4411 1164 4476 repulsis
1205 4410 1435 4465 nubibus
1465 4424 1829 4482 peccatorum,
1862 4430 1947 4472 se-

373 4495 518 4549 renis
549 4497 812 4553 mentibus
841 4500 1175 4556 accedamus.

877 4614 1187 4672 PSALMUS
1224 4617 1452 4675 CXLIV.

859 4704 1112 4761 Laudatio
1149 4709 1248 4777 ipsi
1280 4708 1465 4765 David.

443 4811 616 4868 David
658 4813 932 4871 Christum
954 4818 1238 4873 Dominum
1289 4823 1588 4890 signiﬁcare
1639 4834 1693 4881 et
1716 4828 1948 4883 nominis

372 4903 542 4975 ipsius
591 4907 1030 4977 interpretatione
1073 4913 1374 4981 docuimus,
1407 4926 1463 4971 et
1497 4933 1590 4984 per
1631 4920 1946 4976 descensum

373 4999 552 5053 carnis
590 5013 657 5054 ex
706 5010 925 5068 parente
965 5004 1045 5056 sic
1070 5006 1394 5072 appellatum
1442 5024 1562 5061 esse.
1592 5022 1943 5066 monstratum

373 5101 474 5145 est.
526 5091 629 5147 Sed
677 5094 801 5146 dum
854 5094 957 5148 hoc
1006 5096 1158 5149 nobis
1207 5107 1454 5152 constare
1496 5100 1761 5167 videatur,
1804 5104 1945 5159 ‘illud

373 5184 540 5252 ntagis
590 5182 873 5255 diligenter
923 5187 1155 5241 arbitror
1204 5191 1674 5261 perscrutandum,
1721 5209 1818 5249 cur
1862 5196 1951 5251 hic

374 5271 559 5327 titulus
597 5275 937 5344 singulariter
974 5279 1242 5333 contineat
1283 5300 1295 5334 :
1345 5280 1600 5336 Laudalio
1630 5284 1728 5353 ipsi
1752 5285 1942 5354 David,
1980 5308 1986 5339 ·.

372 5375 493 5416 cum
526 5362 577 5416 in
604 5364 848 5419 omnibus
879 5365 1093 5433 psalmis
1121 5367 1237 5435 ejus
1264 5368 1429 5437 gloria
1462 5360 1794 5437 praedicetur.
1837 5377 1943 5431 Sed

374 5453 461 5509 hic
488 5455 608 5510 ideo
642 5456 945 5512 distinctior
981 5458 1279 5528 clariorque
1317 5462 1484 5531 posita
1512 5474 1612 5528 est,
1642 5468 1763 5535 quia
1794 5484 1942 5525 com-

372 5546 527 5617 pletis
569 5548 818 5604 omnibus
846 5550 1038 5620 quibus
1071 5551 1298 5608 humana
1332 5555 1626 5625 ignorantia
1660 5560 1828 5615 luerat
1860 5563 1944 5618 in-

371 5639 652 5707 struenda,
706 5654 846 5695 nunc
886 5640 954 5695 ad
998 5641 1110 5697 sola
1160 5644 1465 5714 prmcipitur
1494 5646 1706 5702 Domini
1751 5666 1941 5707 vacare

371 5731 670 5800 praeconia,
711 5746 831 5803 quae
871 5732 1056 5791 laudes
1098 5732 1325 5806 quadam
1355 5735 1696 5797 distinctione
1723 5742 1971 5813 suisque

2026 1916 2248 1985 gratiam
2279 1914 2486 1969 Domini
2519 1915 2709 1969 deesse
2755 1922 3108 1977 monstratur;
3161 1927 3280 1966 cum
3326 1912 3455 1967 vero
3498 1914 3604 1966 non

2026 2007 2151 2063 toris
2181 2004 2579 2061 characteribus
2610 2005 2914 2069 adnutatur,
2942 2002 3063 2057 illos
3085 2004 3295 2058 videtur
3318 2002 3605 2059 ostendere

2026 2099 2117 2170 qui
2146 2098 2198 2152 in
2232 2097 2471 2151 Ecclesia
2508 2096 2722 2166 quidem
2756 2104 2881 2150 sunt
2935 2093 3163 2159 Domini,
3193 2093 3287 2149 sed
3329 2108 3433 2147 non
3471 2094 3608 2147 adeo

2027 2186 2231 2242 cunctis
2276 2185 2430 2241 bonis
2472 2185 2719 2255 cperibus
2749 2186 3038 2254 probantur
3078 2198 3196 2238 esse
3243 2184 3483 2251 perlecti.
3533 2183 3609 2237 De
3643 2187 3649 2193 ‘

2028 2278 2128 2332 hac
2164 2277 2303 2332 enim
2347 2278 2565 2331 mistura
2610 2276 2805 2346 legitur
2839 2293 2852 2327 :
2886 2276 3014 2329 Oves
3051 2283 3097 2328 et
3140 2275 3284 2327 boves
3325 2277 3606 2342 universas,
3648 2277 3659 2286 ‘

2028 2372 2235 2441 insuper
2263 2381 2307 2422 et
2338 2384 2523 2437 pecora
2553 2369 2720 2438 campi
2748 2367 2918 2439 (Psal.
2950 2382 3063 2432 vrtt,
3090 2366 3165 2437 8).
3197 2365 3283 2421 Sic
3308 2365 3396 2420 isti
3422 2364 3610 2434 alplta-
3646 2373 3658 2379 '

2030 2465 2154 2520 beto
2201 2462 2375 2518 littera
2424 2470 2628 2517 tantum
2676 2478 2781 2516 una
2826 2462 3175 2527 subtrahitur,
3225 2470 3280 2515 ut
3331 2474 3432 2515 non
3480 2462 3606 2515 illos

2030 2566 2270 2610 summos
2333 2552 2567 2609 indicare
2617 2554 2882 2608 videatur.
2959 2554 3088 2608 Nam
3147 2562 3200 2608 et
3248 2554 3503 2608 Dominus
3555 2554 3607 2608 in
3650 2560 3656 2564 ’

2033 2647 2324 2718 Evangelio
2364 2645 2497 2700 dixit
2536 2644 2769 2711 homini,
2802 2644 2890 2715 qui
2934 2660 2991 2699 se
3031 2645 3290 2714 probabili
3330 2660 3609 2699 conversa—
3652 2652 3655 2655 '

2032 2739 2178 2793 tione
2209 2736 2468 2791 tractabat
2500 2753 2513 2789 :
2549 2720 2716 2789 Uitam
2746 2738 2833 2789 tibi
2862 2737 2997 2788 deest
3023 2750 3042 2789 :
3073 2735 3161 2788 sed
3188 2736 3231 2787 si
3259 2739 3329 2788 vis
3360 2751 3468 2788 esse
3497 2752 3610 2801 per-

2035 2836 2215 2901 fectus,
2244 2829 2400 2884 vende
2426 2829 2594 2881 omnia
2625 2837 2733 2889 tua,
2764 2836 2809 2881 et
2837 2842 3043 2895 sequere
3074 2840 3153 2878 me
3178 2824 3197 2896 (
3207 2824 3373 2877 Marc.
3405 2841 3463 2889 x,
3492 2823 3608 2895 21).

2035 2922 2140 2977 Sed
2176 2936 2296 2976 cum
2329 2935 2515 2974 omnes
2552 2918 2650 2971 hoc
2691 2932 2794 2971 non
2837 2916 3048 2983 faciant,
3078 2930 3105 2968 a
3142 2914 3373 2984 perferto
3413 2914 3613 2984 aliquid

2035 3013 2210 3068 minus
2241 3013 2440 3067 habere
2470 3018 2781 3065 noscuntur.
2832 3008 3130 3077 Quaproter
3161 3005 3365 3076 gratias
3397 3014 3615 3075 agentes
3656 3022 3661 3026 ·

1990 3106 1993 3109 λ
2038 3106 2267 3161 Domino
2305 3105 2498 3175 jngiter
2528 3101 2918 3171 supplieemus,
2949 3100 3038 3170 qui
3070 3099 3174 3153 tale
3202 3100 3352 3153 nobis
3383 3098 3469 3153 hic
3498 3114 3615 3170 my-

1961 3175 2009 3240 (ἶ
2041 3197 2257 3252 sterium
2292 3211 2402 3251 sure
2434 3194 2639 3263 pietatis
2668 3192 2933 3258 ostendit;
2978 3201 3035 3246 ut
3066 3200 3117 3246 et
3147 3206 3241 3245 nos
3273 3191 3363 3261 qui
3392 3188 3618 3243 maxima

2041 3303 2226 3343 sumus
2272 3288 2585 3342 meritorum
2643 3295 2815 3353 parte»
2844 3281 3010 3338 curati
3042 3326 3054 3348 ,
3102 3281 3292 3336 similia
3350 3279 3619 3351 postulare

1962 3394 1965 3397 ‘
2044 3395 2448 3449 prmsumamus,
2469 3386 2728 3448 quatenus
2743 3376 2807 3431 ad
2834 3377 3016 3431 laudes
3048 3377 3161 3445 ejus
3191 3376 3615 3429 aeternasindul-
3658 3387 3669 3394 '

2041 3471 2234 3539 gentize
2285 3468 2451 3538 ipsius
2499 3483 2718 3523 munere
2768 3467 3050 3536 pervenire
3100 3476 3421 3519 mereamur.
3498 3465 3622 3520 Sive

2018 3560 2211 3631 magis
2252 3558 2393 3629 quod
2432 3569 2615 3627 postea
2665 3554 2876 3627 reperi,
2919 3556 3214 3624 imperfecti
3261 3558 3665 3628 alphabetides~

2043 3652 2279 3706 indicant
2302 3648 2613 3712 Ecclesium,
2644 3663 2759 3716 quae
2785 3648 2869 3703 hic
2895 3648 3065 3702 adhuc
3088 3650 3278 3717 agitur,
3311 3657 3363 3703 et
3396 3649 3621 3704 necdum

2044 3750 2127 3797 est
2155 3740 2456 3808 iniquorum
2489 3737 2917 3807 sequestratione
2960 3750 3206 3807 purgata;
3243 3739 3465 3808 pleuarii
3496 3755 3627 3793 vero
3664 3752 3667 3753 '

2046 3834 2273 3889 futuram
2315 3831 2614 3901 signiﬁcant
2641 3830 2963 3895 Jerusalem,
2999 3831 3086 3884 ubi
3126 3832 3231 3899 jam
3267 3832 3624 3898 perlecturum

2047 3931 2220 3977 coetus
2250 3930 2552 3975 sanctorum
2585 3921 2845 3975 electione
2873 3920 3245 3989 complebitur.
3280 3921 3433 3988 Quod
3464 3922 3627 3978 etiam

2046 4016 2147 4085 ipsi
2179 4014 2363 4084 psalmi
2393 4016 2481 4084 qui
2516 4015 2751 4068 llebt'teis
2787 4015 2977 4069 litteris
3012 4024 3395 4082 prwttotantur,
3436 4014 3482 4071 si
3511 4014 3623 4071 dili-

2047 4118 2233 4177 genter
2264 4104 2531 4175 inspicias,
2566 4105 2802 4161 iudicare
2832 4120 3144 4161 noscuntur.

2612 4239 2805 4294 Divisio
2851 4240 3053 4311 psalmi.

2120 4372 2375 4428 Laudatio
2405 4373 2602 4429 Christi
2651 4391 2765 4445 qua:
2807 4390 2837 4430 a
2864 4376 3018 4429 beato
3064 4375 3321 4445 propheta
3354 4377 3626 4447 proposita
3659 4382 3667 4393 ‘

2048 4475 2152 4530 est,
2183 4466 2452 4534 alphabeti
2484 4466 2690 4522 Hebraei
2734 4468 2923 4523 ordine
2953 4468 3260 4531 decurrens,
3297 4470 3467 4522 tribus
3510 4484 3633 4524 nar-

1974 4556 2028 4616 D
2054 4558 2350 4612 rationibus
2396 4558 2712 4624 explicatur.
2748 4558 2923 4613 Prima
2955 4570 3035 4613 est.
3064 4561 3231 4613 laudis
3267 4559 3383 4628 ejus
3424 4558 3630 4615 inﬁnita

2053 4651 2356 4718 promissio,
2385 4651 2662 4705 continens
2696 4651 2932 4719 pnedicti
2964 4650 3231 4719 alphabeti
3265 4651 3466 4704 litteras
3495 4658 3626 4707 tres.

2051 4741 2293 4797 Secunda
2318 4742 2443 4796 dicit
2467 4740 2674 4796 laudem
2703 4742 2911 4796 Domini
2945 4758 3133 4796 norem
3160 4741 3332 4795 modis
3360 4756 3478 4795 esse
3506 4756 3634 4810 per-

2050 4834 2343 4906 agendam,
2378 4834 2583 4888 habens
2615 4835 2816 4889 litteras
2846 4843 3095 4903 quatuor.
3130 4834 3306 4888 Tertia
3339 4844 3487 4902 parte
3514 4850 3633 4903 qua:

2054 4925 2107 4979 in
2132 4924 2365 4980 secunda
2395 4925 2462 4981 de
2494 4928 2762 4995 prmconio
2804 4927 2998 4981 Christi
3042 4928 3274 4981 breviter
3314 4930 3631 4995 proposuit,

2053 5019 2208 5089 paulo
2257 5018 2413 5072 latius
2451 5029 2611 5088 atque
2639 5020 2914 5072 evidenter
2946 5019 3222 5085 explanat,
3252 5019 3304 5071 in
3340 5021 3445 5072 line
3482 5034 3630 5074 com-

2052 5125 2275 5165 monens
2322 5111 2390 5164 ab
2438 5110 2582 5164 omni
2632 5126 2791 5164 carne
2845 5110 3121 5163 Dominum
3163 5109 3360 5163 debere
3390 5110 3631 5175 laudari;

2051 5216 2172 5270 qua:
2217 5216 2338 5269 pars
2368 5202 2559 5255 retinet
2597 5200 2801 5254 litteras
2831 5199 3253 5268 quatuordecim.
3287 5199 3419 5253 Illttd
3453 5210 3631 5254 tamen
3686 5232 3689 5233 ν

2053 5306 2162 5361 pra:
2190 5292 2437 5346 omnibus
2464 5292 2718 5345 debemus
2745 5291 3017 5344 intendere
3044 5307 3056 5343 :
3080 5291 3203 5362 quia
3228 5292 3304 5345 sic
3326 5291 3521 5344 dirtum
3550 5298 3635 5344 est

2052 5383 2193 5438 unde
2244 5382 2498 5436 Dominus
2528 5380 2727 5435 laudari
2762 5382 2959 5447 possit,
2998 5390 3055 5435 ut
3095 5393 3270 5435 tamen
3301 5392 3476 5451 partes
3506 5380 3638 5450 ipsa

2054 5472 2459 5543 inexplicabiles
2505 5486 2623 5526 esse
2672 5472 2976 5528 videantur.
3016 5474 3167 5529 Verbi
3198 5474 3398 5544 gratia,
3440 5473 3635 5526 dicitur

2053 5564 2349 5620 laudandus
2371 5578 2491 5618 esse
2521 5563 2573 5617 in
2604 5564 2851 5630 oneribus
2878 5563 2991 5617 suis
3014 5580 3028 5618 :
3061 5564 3153 5618 sed
3184 5567 3305 5634 quis
3328 5564 3446 5632 ejus
3470 5561 3637 5629 possit

2050 5670 2234 5725 Opera,
2267 5664 2327 5710 ut
2379 5655 2597 5725 dignum
2626 5663 2741 5724 est,
2778 5656 3085 5725 explicare?
3117 5655 3320 5710 Dicitur
3347 5655 3414 5709 de
3443 5662 3634 5722 poten-

2052 5750 2121 5806 tia
2150 5765 2163 5803 :
2189 5749 2282 5805 sed
2305 5752 2422 5820 quis
2444 5748 2558 5819 ejus
2581 5751 2872 5819 potentiam
2902 5764 3153 5807 enarrare
3174 5744 3489 5821 prmvaleati
3513 5743 3636 5803 Una
