4114 6362
470 360 610 418 1025

1688 356 1762 414 Μ.
1802 353 2078 417 Αυιιειιιι
2122 351 2523 413 CASSIODORI

3550 336 3558 342 ’
3608 347 3751 404 teat

465 490 596 547 ergo
624 477 824 533 veritas
849 485 961 543 est,
993 477 1071 532 sic
1100 490 1193 546 per
1222 481 1400 546 partes
1423 472 1635 530 laudem
1663 473 1769 530 dici
1802 473 2052 540 Domino,
2083 480 2129 535 Α
2161 470 2491 535 eructabunt,
2520 480 2569 524 et
2587 468 2844 541 justitiam
2870 476 3009 523 tuam
3036 465 3354 523 exultabant.
3387 463 3544 521 Venit
3569 464 3636 518 ad
3663 478 3754 520 se-

468 574 530 622 ut
577 576 755 625 tamen
794 583 900 625 non
941 568 1127 624 credas
1165 581 1283 623 earn
1324 565 1655 622 sufficienter
1697 579 1854 636 posse
1900 580 2052 621 com-

468 659 624 730 pleri.

1010 752 1282 825 Expositio
1307 754 1512 824 psalmi.

540 842 698 899 Vers.
740 843 792 898 Ι.
831 843 1036 899 Διεριι.
1072 843 1333 900 Exultabo
1370 854 1449 912 te,
1482 842 1620 899 Deus
1658 857 1800 896 meus
1832 840 1976 907 Rex,
2006 851 2054 895 ct

468 932 759 988 benedicam
781 948 964 988 nomen
993 944 1138 988 tuum
1165 936 1219 989 ia
1244 936 1519 1000 steculum,
1544 944 1592 988 et
1619 934 1673 987 in
1695 934 1936 988 naculum
1960 949 2054 986 sat.

466 1022 592 1079 culi.
623 1024 819 1080 Beatus
848 1026 1107 1096 propheta
1135 1026 1339 1097 Spiritu
1366 1026 1548 1082 divino
1572 1025 1870 1094 completus
1889 1066 1903 1091 ,
1933 1040 2057 1080 eruo

471 1115 547 1179 pit
574 1117 627 1170 in
659 1130 843 1172 vocem
860 1161 876 1187 ,
902 1131 1010 1172 non
1037 1117 1268 1173 humana
1291 1118 1551 1188 sapientia
1580 1130 1941 1186 prmumens,
1960 1116 2055 1171 sed

468 1220 701 1276 superna
728 1208 1181 1279 contemplatione
1212 1210 1560 1266 illuminatus.
1594 1207 1777 1279 Neque
1806 1210 1948 1264 enim
1979 1208 2058 1263 lo-

471 1297 589 1353 cale
615 1297 819 1370 aliquid
843 1309 932 1355 aut
957 1301 1191 1372 speciale
1219 1301 1433 1369 dicitur,
1461 1300 1553 1357 sed
1582 1299 1722 1356 unde
1752 1298 1933 1354 mundi
1961 1301 2057 1354 im-

471 1388 789 1446 becillitntcs
810 1402 1016 1448 cunctae
1037 1393 1330 1448 salventur.
1358 1390 1609 1447 Emltabo
1631 1401 1699 1460 te,
1723 1390 1924 1446 dictum
1951 1400 2058 1459 est,

471 1489 656 1536 notum
687 1491 740 1537 te
770 1481 961 1538 faciam
992 1482 1335 1553 praedicando
1362 1482 1501 1554 quod
1529 1496 1608 1538 es.
1636 1480 1768 1536 Nam
1798 1483 2060 1552 quemad-

471 1571 690 1628 modum
724 1583 939 1644 putetur
979 1575 1157 1644 aliqua
1199 1576 1354 1631 laude
1395 1576 1534 1630 Deus
1574 1574 1733 1629 altior
1761 1574 1909 1638 lteri,
1935 1588 2056 1629 cum

466 1665 650 1723 divina
679 1669 934 1739 perfectio
955 1687 1060 1726 non
1083 1671 1250 1741 pcssit
1265 1671 1480 1741 augeri?
1500 1670 1613 1725 Rea:
1631 1685 1772 1724 meus
1792 1667 2060 1740 professio

467 1759 592 1816 ﬁdei
622 1770 736 1829 est,
765 1762 1015 1833 quoniam
1046 1765 1116 1819 ab
1146 1763 1263 1833 ipso
1287 1778 1347 1820 se
1368 1763 1580 1819 dicebat
1601 1764 1710 1834 regi
1731 1804 1745 1828 ,
1771 1762 1855 1817 cui
1877 1776 1935 1818 se
1961 1774 2059 1816 no-

2156 563 2387 619 cundam
2433 564 2829 632 narrationem,
2868 562 2959 618 ubi
3002 562 3214 633 species
3246 559 3534 616 dominica:
3575 557 3753 613 laudis

2156 667 2369 712 sacrato
2397 658 2606 713 calculo
2634 668 2980 727 praenotatur.
3017 657 3122 712 Sed
3152 656 3401 726 quamvis
3427 656 3527 711 ista
3553 654 3754 723 repeti-

2156 748 2233 803 tio
2261 751 2667 817 generationum
2711 751 2977 806 infinitum
3010 759 3221 821 tempus
3249 750 3537 806 ostendere
3565 748 3751 805 videa-

2158 851 2264 909 tur,
2296 845 2417 912 quia
2451 844 2660 898 Domini
2688 859 2852 915 opera
2879 859 3094 914 semper
3122 853 3335 899 constat
3362 858 3486 899 esse
3514 842 3749 898 laudan-

2157 930 2226 986 da
2250 949 2262 983 :
2290 940 2466 987 tamen
2491 936 2746 1002 generatio
2768 942 2815 987 et
2835 934 3094 1004 generatio
3116 933 3182 989 ad
3205 935 3339 989 duos
3362 934 3532 1003 magis
3551 933 3753 990 debent

2161 1022 2384 1093 populos
2411 1023 2665 1093 applicari
2702 1042 2714 1078 :
2750 1040 2853 1079 una
2882 1024 2949 1079 ad
2981 1023 3362 1092 llebrazorum,
3395 1039 3515 1095 qum
3545 1039 3645 1094 per
3676 1023 3754 1078 si.
3782 1058 3785 1061 .

2158 1128 2319 1183 gnum
2356 1113 2782 1171 circumcisionis
2812 1113 2981 1170 electa
3013 1122 3126 1181 est;
3166 1114 3336 1170 altera
3362 1129 3484 1186 quas
3507 1114 3657 1170 venit
3683 1128 3753 1169 ex

2158 1203 2428 1273 gentibus.
2460 1205 2594 1275 lpste
2620 1216 2745 1260 sunt
2771 1205 2914 1262 enim
2945 1221 3066 1276 qua:
3096 1206 3306 1261 Domini
3336 1205 3601 1262 beneﬁcia
3630 1219 3753 1260 sus-

2159 1303 2438 1364 ceperunt.
2466 1294 2533 1350 Et
2554 1296 2747 1352 merito
2769 1295 3023 1351 dicuntur
3046 1294 3312 1366 praeconia
3335 1296 3505 1366 ipsius
3526 1309 3755 1362 canere,

2160 1406 2279 1461 qua:
2298 1390 2365 1446 ad
2389 1390 2505 1462 ejus
2527 1390 2829 1449 devotionis
2852 1392 3149 1463 probantur
3167 1408 3389 1450 munera
3414 1392 3755 1464 pervenisse.

2159 1484 2266 1541 Sed
2311 1484 2561 1553 quoniam
2615 1485 2730 1540 haec
2771 1500 3003 1554 novem,
3047 1484 3101 1541 id
3133 1494 3214 1541 est
3254 1500 3448 1555 opera,
3481 1484 3759 1554 potentia,

2160 1577 2588 1649 magnificentia,
2620 1577 2785 1651 488
2811 1580 3091 1643 sanctitas,
3115 1578 3379 1634 mirabilia
3398 1619 3414 1643 ,
3441 1579 3616 1634 virtus
3644 1585 3750 1634 ter-

2161 1670 2483 1736 ribiliorum,
2513 1669 2842 1741 magnitudo,
2871 1670 3152 1736 memoria,
3182 1669 3423 1741 justitia,
3452 1671 3506 1725 in
3531 1670 3757 1725 modum

2161 1766 2546 1837 propositionis
2575 1764 2663 1822 hic
2690 1765 2831 1821 dicta
2859 1774 3020 1833 sunt,
3055 1773 3114 1820 ut
3141 1764 3345 1821 eisdem
3374 1766 3533 1821 lineis
3559 1779 3752 1820 conse-

469 1862 624 1911 verat
652 1869 779 1925 pura
805 1864 985 1912 mente
1007 1855 1271 1913 famulari.
1296 1855 1605 1911 Benedicere
1626 1872 1807 1910 nomen
1832 1856 1949 1927 ejus
1973 1864 2057 1910 est
2086 1866 2134 1925 Β
2160 1866 2388 1929 quenter
2414 1858 2610 1914 debeat
2641 1860 2757 1914 laus
2782 1858 3052 1914 dominica
3081 1856 3390 1924 decantari;
3418 1856 3672 1912 convenit
3693 1864 3752 1912 ut

466 1947 523 2002 in
569 1948 851 2017 sectilem,
882 1948 969 2005 hic
1002 1949 1079 2004 illi
1111 1965 1207 2019 per
1237 1948 1546 2021 psalmodia:
1585 1950 1811 2020 gratiam
1857 1947 2056 2017 suppli-

465 2053 626 2106 care;
655 2042 798 2111 quod
824 2041 917 2111 qui
945 2040 1139 2112 dignus
1168 2050 1250 2097 est
1277 2042 1482 2108 facere,
1515 2049 1571 2097 et
1598 2040 1650 2096 in
1680 2040 1767 2096 illa
1790 2054 1913 2096 eum
1944 2052 2057 2094 me-

466 2129 673 2187 rebitur
699 2134 1002 2189 aeternitate
1044 2133 1286 2189 laudare.
1317 2133 1407 2189 Sic
1434 2134 1577 2189 enim
1607 2133 1873 2202 sequitur,
1904 2130 1972 2183 Et
2001 2130 2057 2185 in

463 2224 713 2278 steculum
738 2225 944 2294 saculi,
976 2224 1065 2282 ubi
1094 2226 1204 2295 jam
1246 2226 1419 2281 nullus
1459 2234 1543 2282 est
1584 2225 1735 2291 finis;
1777 2224 1872 2281 sed
1912 2222 2057 2296 quod

463 2314 697 2374 feliciter
725 2316 997 2386 incipitur,
1030 2328 1285 2387 perpetua
1310 2316 1644 2387 jucunditate
1671 2325 1936 2372 servatur.

537 2408 692 2467 ναι-ε.
730 2410 787 2466 2.
827 2410 995 2466 Bne.
1037 2408 1141 2465 Per
1174 2410 1405 2481 singulos
1434 2410 1542 2465 dies
1572 2409 1864 2464 benedicam
1900 2420 1977 2480 te,
2008 2420 2056 2467 et

463 2502 690 2559 laudabo
709 2518 893 2558 nomen
912 2512 1057 2557 tuum
1079 2503 1131 2557 in
1151 2504 1395 2558 arculum
1423 2512 1471 2557 et
1500 2503 1554 2557 in
1583 2503 1826 2557 stcculum
1855 2505 2053 2559 swculi.

464 2594 725 2665 Superius
750 2593 888 2649 dixit
916 2611 930 2649 :
956 2577 1213 2649 Exultabo
1234 2604 1314 2660 te,
1343 2592 1499 2647 Deus.
1531 2594 1595 2649 Et
1620 2607 1688 2649 ne
1715 2592 1934 2649 forsitan
1956 2593 2056 2650 bu-

463 2701 623 2744 mana
654 2686 974 2759 negligentia
1004 2687 1173 2743 semel
1203 2687 1450 2742 crederet
1470 2700 1590 2742 esse
1611 2685 1938 2752 faciendum,
1960 2703 2059 2744 ne-

460 2778 696 2835 cessarie
709 2779 1092 2833 communitum
1110 2785 1212 2844 est,
1233 2793 1324 2848 per
1344 2779 1572 2849 singulos
1588 2778 1695 2833 dies
1722 2796 1741 2837 :
1761 2780 1852 2834 ubi
1870 2793 2055 2835 revera

462 2879 649 2927 mutua
677 2869 781 2927 sibi
810 2869 1166 2926 alternatione
1195 2868 1512 2925 succedunt.
1546 2869 1653 2927 Sed
1698 2871 1787 2941 qui
1833 2869 1921 2926 hic
1961 2886 2057 2941 per

462 2961 598 3019 istos
642 2962 880 3034 singulos
908 2962 1025 3018 dies
1068 2962 1335 3018 benedicit
1380 2960 1697 3025 Dominum,
1748 2961 1819 3016 ibi
1862 2962 1915 3017 in
1962 2961 2056 3022 illo

462 3061 667 3108 aeterno
692 3066 797 3108 uno
814 3052 903 3109 die
923 3053 1011 3123 qui
1039 3061 1296 3108 venturus
1316 3064 1428 3119 est,
1454 3067 1574 3109 cum
1604 3053 1775 3109 beatis
1802 3053 2054 3110 continua

462 3143 825 3201 exsultatione
871 3144 1126 3200 laudabit.
1171 3143 1255 3200 Ad
1297 3144 1503 3214 reliqua
1535 3159 1664 3200 vero
1706 3143 1866 3199 verba
1898 3144 2056 3215 hujus

2160 1949 2232 2006 ibi
2253 1948 2321 2004 de
2344 1948 2475 2018 ipsis
2495 1948 2799 2004 evidentius
2821 1948 3004 2004 dicere
3026 1947 3342 2013 debeamus,
3372 1947 3460 2003 ubi
3485 1956 3541 2003 et
3564 1955 3755 2003 aucto-

2159 2039 2290 2095 ritas
2313 2040 2573 2110 judicavit
2596 2041 2755 2097 latius
2780 2041 3097 2109 exponenda
3125 2056 3282 2112 :quae
3310 2056 3406 2096 nos
3428 2040 3539 2095 istis
3565 2040 3746 2095 nomi-

2158 2133 2317 2189 nibus
2346 2131 2570 2189 forsitan
2617 2149 2901 2205 possumus
2941 2135 3219 2206 appellare
3250 2144 3542 2190 cataractas
3576 2134 3742 2190 divini

2159 2224 2390 2295 eloquii,
2437 2224 2616 2280 fontes
2667 2226 2957 2282 verborum
3008 2226 3342 2296 caelestium,
3376 2226 3545 2281 ubera
3591 2226 3751 2282 beata

2158 2314 2439 2386 praeconii,
2463 2314 2603 2370 unde
2625 2326 2678 2371 et
2702 2316 2992 2372 humanum
3011 2331 3180 2388 genus
3200 2318 3282 2387 pia
3304 2316 3647 2372 confessione
3667 2332 3753 2373 re-

2159 2405 2356 2471 ficitur,
2388 2418 2444 2461 et
2472 2407 2678 2476 angelis
2705 2408 2975 2463 beatitudo
3000 2410 3117 2465 sine
3146 2408 3254 2465 tine
3283 2417 3594 2478 praestatur.
3622 2410 3754 2476 una

2158 2506 2469 2565 argumenta
2501 2497 2555 2551 in
2599 2512 2808 2552 summa
2854 2499 2926 2552 ita
2972 2497 3206 2554 arbitror
3243 2512 3365 2554 esse
3393 2497 3701 2555 definienda
3733 2516 3753 2551 :

2157 2586 2317 2642 Ratio
2361 2603 2483 2658 qua:
2531 2589 2607 2645 rei
2655 2590 3222 2660 incomprehensibilis
3271 2600 3432 2659 atque
3473 2589 3753 2647 altissima:

2157 2680 2465 2735 summatim
2495 2691 2548 2736 et
2583 2680 2820 2737 breviter
2857 2683 2910 2736 in
2951 2693 3209 2749 quantum
3240 2682 3416 2747 valet,
3448 2696 3554 2738 non
3583 2695 3757 2752 quan-

2158 2778 2270 2825 tum
2299 2780 2415 2837 est,
2456 2771 2625 2827 efficit
2653 2772 3005 2831 mentionem.
3038 2774 3173 2829 Hinc
3196 2774 3341 2829 enim
3379 2773 3510 2829 nihil
3544 2774 3757 2829 extrin-

2157 2875 2336 2931 secus,
2368 2862 2498 2918 nihil
2527 2864 2841 2932 verisimile,
2884 2865 3017 2920 nihil
3063 2865 3288 2935 proferri
3329 2864 3543 2921 videtur
3580 2864 3753 2920 ambi-

2156 2967 2348 3023 guum;
2391 2955 2485 3011 sed
2520 2956 2701 3011 omnia
2748 2957 2868 3011 talia
2901 2957 3229 3027 procedunt,
3260 2956 3438 3028 qualia
3463 2966 3521 3013 et
3551 2956 3755 3014 veritas

2157 3044 2411 3116 loquitur,
2439 3056 2492 3102 et
2520 3047 2587 3104 de
2618 3048 2841 3103 veritate
2869 3048 3139 3105 dicuntur.
3171 3051 3227 3105 In
3260 3065 3509 3121 magnum
3533 3065 3767 3122 quoque.

2157 3149 2553 3194 sacramentum
2600 3138 2717 3196 haec
2756 3156 2954 3197 novem
2986 3142 3133 3209 loca,
3168 3143 3309 3201 unde
3344 3144 3535 3200 laudes
3577 3144 3753 3200 domi-

463 3251 651 3294 versus
677 3239 933 3310 quoniam
952 3247 1077 3294 sunt
1096 3237 1327 3306 similia,
1355 3237 1599 3310 superior
1627 3238 1890 3309 expositio
1913 3236 2054 3293 dicta
2084 3244 2129 3308 C
2162 3230 2297 3285 nicas
2345 3240 2638 3288 nascuntur
2680 3234 2915 3289 arbitror
2955 3236 3325 3306 apprehensa;
3370 3247 3428 3291 ut
3475 3236 3768 3293 Trinitatis

463 3327 717 3386 sufficiat.

534 3416 689 3474 Vera.
730 3419 785 3474 '5.
829 3418 1024 3475 GtusL.
1062 3419 1287 3491 Magnus
1319 3419 1570 3475 Dominus
1595 3429 1642 3475 et
1670 3419 1947 3475 laudabilis
1975 3421 2059 3475 ni-

463 3505 585 3575 mis,
611 3516 660 3563 et
688 3509 1056 3581 magnitudinis
1085 3512 1195 3577 eius
1230 3527 1331 3565 non
1360 3520 1432 3566 est
1460 3511 1600 3580 ﬁnis.
1633 3509 1871 3566 Miranda
1900 3526 2057 3567 cout-

465 3600 670 3671 plexio,
708 3617 835 3658 vera
877 3602 1210 3673 prmdicatio,
1259 3603 1339 3660 sic
1382 3603 1603 3659 laudare
1652 3604 1969 3669 Dominum,
2002 3611 2060 3660 ut

465 3701 723 3763 quantum
749 3703 832 3749 est
858 3709 1102 3764 magnus,
1122 3708 1227 3750 non
1250 3694 1483 3750 aestimes
1506 3693 1901 3765 explicandum.
1925 3694 2060 3749 Sen-

465 3793 562 3837 sus
590 3783 733 3838 enim
766 3783 931 3840 totius
956 3794 1218 3841 creatura:
1244 3785 1462 3851 deficit,
1493 3797 1546 3840 et
1569 3785 1743 3841 adhuc
1772 3786 1859 3840 illa
1891 3796 2059 3841 retra-

466 3874 630 3931 ctatio
658 3890 875 3948 semper
898 3878 1184 3933 excrescit.
1216 3876 1349 3932 Nam
1378 3879 1517 3931 sicut
1546 3878 1692 3930 nullo
1716 3876 1833 3931 loco
1853 3876 2054 3931 claudi-

465 3974 575 4032 tur,
609 3965 680 4022 ita
707 3981 807 4024 nec
834 3968 1138 4039 eloquentia
1166 3970 1412 4040 quamvis
1438 3968 1768 4039 amplissima
1795 3968 1913 4039 ejus
1936 3982 2061 4037 pos-

464 4066 591 4112 sunt
621 4058 884 4128 praeconia
910 4059 1205 4115 terminari.
1243 4060 1419 4116 Virtus
1447 4060 1860 4129 inexplicabilis,
1890 4060 2058 4128 pietas

468 4147 1027 4221 incomprehensibilis
1046 4193 1062 4218 ,
1106 4155 1368 4223 sapientia
1400 4154 1683 4209 ineffabilis
1705 4194 1721 4219 ,
1750 4154 1903 4222 cujus
1932 4169 2057 4210 vera

466 4240 707 4297 definito
752 4253 869 4307 est,
902 4244 1062 4300 linem
1096 4246 1147 4298 in
1186 4245 1387 4299 sanctis
1424 4245 1671 4299 laudibus
1699 4260 1803 4299 non
1837 4244 2055 4300 habere.

467 4331 538 4387 Et
580 4342 704 4386 nota
737 4332 857 4403 quin
899 4332 1025 4387 dum
1054 4333 1247 4389 dicitur
1280 4351 1292 4385 :
1332 4332 1710 4403 Magnitudinis
1748 4336 1862 4404 ejus
1903 4335 2058 4400 ﬁnem

466 4438 567 4477 non
599 4439 728 4489 esse,
761 4439 1029 4493 nunquam
1061 4436 1112 4479 te
1151 4426 1390 4493 praecipit
1423 4426 1487 4479 ab
1514 4423 1631 4493 ejus
1675 4424 2059 4493 praedicatione

362 4516 366 4520 ‘
465 4529 697 4571 cessare.
727 4515 857 4570 Nam
887 4525 943 4571 et
970 4517 1113 4571 taciti
1150 4515 1352 4587 gratias
1382 4516 1622 4586 agimus,
1652 4530 1772 4570 cum
1800 4530 1900 4571 nos
1927 4514 2056 4585 pro-

2161 3319 2334 3376 honor
2360 3323 2519 3377 tertio
2550 3322 2602 3377 in
2644 3332 2704 3379 se
2740 3324 3009 3395 triplicato
3039 3341 3266 3381 numero
3309 3327 3478 3397 possit
3507 3327 3767 3399 agnosci.

2158 3411 2263 3468 lste
2286 3427 2505 3484 quoque
2539 3430 2796 3473 numerus
2836 3419 3143 3474 continetur
3185 3429 3241 3476 et
3269 3420 3320 3474 in
3351 3420 3635 3477 codicibus
3671 3436 3760 3476 sa-

2110 3558 2117 3563 .
2158 3508 2284 3575 cris,
2310 3525 2446 3580 quos
2476 3522 2659 3566 sancta
2688 3512 2899 3567 Domini
2929 3513 3057 3583 legit
3084 3522 3138 3569 et
3163 3524 3452 3569 veneratur
3480 3515 3754 3580 Ecclesia;

2159 3600 2215 3657 id
2236 3614 2319 3658 est
2352 3603 2405 3657 in
2436 3604 2762 3660 Octateucho
2784 3606 2927 3679 [ηιεε.
2954 3607 3044 3673 Α.,
3071 3605 3132 3660 Β.
3154 3648 3170 3674 ,
3198 3605 3267 3664 F.
3285 3649 3300 3667 ,
3328 3606 3751 3680 Pentateuclto],

2161 3696 2214 3750 in
2245 3696 2482 3767 Regum,
2519 3701 2570 3751 in
2604 3697 2889 3768 Propltetis
2910 3741 2925 3765 ,
2959 3700 3010 3753 in
3041 3698 3324 3765 Psalterio,
3356 3699 3410 3753 in
3442 3699 3756 3764 Salomone,

2160 3788 2215 3843 itt
2245 3788 2632 3860 Agiographis,
2662 3789 2713 3844 in
2748 3789 3085 3861 Evangeliis,
3112 3791 3166 3846 in
3200 3789 3450 3860 Epistolis
3478 3789 3758 3860 apostoli»

2160 3894 2313 3946 rum,
2364 3880 2417 3934 in
2459 3879 2684 3936 Actibus
2724 3882 3089 3949 apostolorum
3129 3898 3253 3940 cum
3285 3883 3619 3953 Apocalypsi.
3652 3881 3749 3937 Sic

2160 3983 2418 4026 numerus
2448 3969 2550 4026 iste
2576 3970 2878 4029 caelestium
2908 3988 3091 4028 rerum
3123 3972 3631 4029 commemoratione
3661 3970 3765 4028 fe.

2159 4060 2368 4117 cundus
2393 4070 2498 4117 est.

2234 4152 2389 4209 Vers.
2429 4156 2481 4211 8.
2526 4155 2699 4212 Hera.
2741 4154 3037 4211 Misericors
3076 4167 3125 4212 et
3165 4159 3438 4213 miseratur
3471 4156 3753 4213 Dom’nus.

2159 4244 2341 4301 Tertia
2366 4248 2603 4303 narratio
2636 4263 2753 4319 qua:
2778 4259 3059 4319 superest,
3093 4249 3347 4304 introitur
3376 4267 3389 4303 :
3423 4248 3477 4302 in
3503 4264 3607 4320 qua
3636 4248 3768 4304 loca.

2159 4334 2251 4391 illa
2277 4347 2711 4406 argumentorum
2741 4339 2898 4394 latius
2925 4340 3255 4408 exsequitur,
3283 4356 3403 4412 qua:
3428 4341 3478 4394 in
3504 4340 3757 4395 secunda

2160 4434 2312 4496 parte
2340 4426 2576 4483 breviter
2621 4429 2914 4496 intitnavit;
2956 4446 3017 4487 ea
3062 4446 3202 4486 nunc
3232 4430 3544 4502 singillatim
3573 4440 3755 4486 mente

2158 4517 2387 4574 sollicita
2421 4520 2813 4591 perquiramus.
2844 4524 2926 4577 Ab
2954 4522 3210 4593 operibus
3242 4522 3451 4578 Domini
3488 4522 3617 4577 fecit
3653 4522 3754 4577 ini-

467 4605 629 4662 habili
655 4609 1063 4663 conversatione
1087 4616 1397 4664 tractamus.
1426 4607 1525 4676 Qui
1550 4622 1670 4663 cum
1699 4606 1860 4662 nullis
1885 4604 2057 4675 possit
2083 4619 2139 4680 ι)
2162 4609 2324 4680 tium,
2358 4619 2415 4665 ut
2450 4612 2724 4667 miserator
2750 4613 2977 4669 dicatur.
3009 4615 3140 4671 Nam
3171 4614 3314 4687 quod
3358 4616 3649 4669 misericors
3676 4614 3755 4670 dio

467 4696 718 4755 laudibus
760 4700 1176 4770 com‘prchcndi,
1226 4700 1452 4771 singulis
1492 4709 1670 4756 tamen
1718 4701 2058 4757 sermonibus

463 4797 755 4869 indicatur,
797 4815 917 4856 cum
961 4800 1201 4857 dicitur:
1248 4800 1474 4872 Magnus
1505 4802 1692 4868 nimis;
1736 4810 1792 4857 et
1830 4800 2058 4870 iterum,

475 4894 844 4968 Hagnitudinis
870 4899 980 4969 ejus
1012 4916 1113 4954 non
1139 4909 1217 4954 est
1240 4899 1380 4969 ﬁnis.
1412 4899 1512 4966 Qui
1540 4898 1869 4954 definitionis
1897 4899 2056 4967 quin-

463 4996 552 5043 tus
580 4998 665 5044 est
693 4990 915 5057 modus;
947 4990 1035 5046 hic
1061 4988 1249 5045 Graece
1275 4990 1473 5046 dicitur
1500 4992 1630 5047 κατά
1659 4995 1749 5051 τήν
1774 4992 1921 5057 λέξιν,
1952 4990 2056 5045 La-

464 5078 577 5133 tine
598 5078 666 5134 ad
696 5080 939 5149 verbum,
966 5082 1180 5152 quando
1202 5080 1428 5152 singulis
1454 5081 1729 5137 vocabulis
1752 5094 1868 5137 rem
1894 5094 2058 5151 quam

459 5170 607 5227 scire
634 5169 948 5241 quaerimus,
980 5173 1310 5231 intitnamus.

536 5263 694 5321 Vers.
733 5265 787 5320 4.
830 5265 1071 5322 Βιιετιι.
1113 5267 1383 5324 Generatio
1411 5273 1459 5321 et
1483 5266 1745 5337 generatio
1775 5263 2059 5321 laudabunt

468 5375 625 5430 opera
651 5370 740 5413 tua
759 5404 775 5429 ,
805 5368 853 5413 et
884 5362 1158 5428 potentiam
1188 5372 1326 5416 tuam
1352 5358 1775 5427 pronuntiabunt.

541 5450 693 5507 Vers.
734 5449 789 5505 5.
832 5449 933 5507 Hs.
977 5450 1414 5522 Magniﬁcentiam
1435 5449 1722 5520 majestatis
1745 5456 1846 5502 tute
1866 5455 1915 5503 et
1937 5462 2059 5502 san-

464 5545 690 5600 ctitatem
718 5553 859 5598 tuam
886 5543 1176 5616 loquentur,
1205 5553 1252 5597 et
1282 5541 1540 5596 mirabilia
1562 5549 1651 5595 tua
1675 5540 1986 5596 narrabant.

545 5638 697 5694 Vera.
735 5630 792 5693 επ.
836 5636 971 5693 Vw.
1013 5635 1080 5690 Et
1118 5637 1354 5695 virtutem
1391 5635 1692 5690 terribilium
1735 5643 1939 5690 tuorum
1974 5632 2056 5688 di-

466 5740 607 5792 cent,
641 5741 684 5785 rt
712 5729 1118 5801 magnitudinem
1145 5736 1287 5781 tuam
1312 5727 1619 5784 narrabant.

542 5825 693 5882 Ven.
728 5829 780 5881 7.
810 5824 961 5884 Eun.
990 5823 1295 5882 Memoriam
1316 5822 1647 5880 abundantia:
1666 5821 1933 5880 suauitatis
1954 5830 2056 5878 tua:

2161 4702 2321 4772 citur,
2347 4712 2552 4759 natura:
2578 4704 2745 4775 ipsius
2773 4704 2945 4760 virtus
2972 4714 3082 4772 est;
3112 4708 3252 4777 quod
3278 4708 3562 4773 miserator,
3594 4705 3756 4777 fragi-

2163 4794 2297 4850 litati
2346 4805 2544 4851 nostrae
2589 4812 2749 4853 causa
2783 4799 2975 4854 salutis
3004 4808 3105 4854 est.
3151 4797 3449 4854 Misericors
3487 4807 3579 4854 est
3611 4799 3753 4854 enim

2163 4901 2285 4943 cum
2313 4899 2493 4955 creat,
2524 4891 2647 4960 quia
2679 4890 2846 4946 nullis
2875 4892 3150 4947 beneﬁciis
3181 4901 3500 4959 provocatur
3531 4901 3588 4947 ut
3617 4908 3757 4963 pra:-

2160 4988 2297 5045 stet,
2326 4981 2423 5036 sed
2455 4982 2756 5039 clementia:
2784 4999 2897 5041 sure
2937 4984 3290 5055 dispositione
3344 4985 3595 5042 universa
3636 4986 3759 5042 facit

2164 5071 2232 5128 ad
2252 5072 2591 5129 existentiam
2617 5076 2920 5144 pervenire.
2954 5075 3229 5132 Miserator
3250 5091 3465 5147 quoque
3490 5084 3609 5141 est,
3636 5090 3758 5132 cum

2163 5179 2252 5223 res
2292 5166 2554 5223 cadentes
2595 5181 2690 5223 sua
2734 5168 2936 5238 pietate
2978 5171 3331 5235 reconstrnit,
3373 5178 3641 5239 quatenus
3670 5168 3759 5237 qui

2162 5273 2259 5331 per
2282 5261 2493 5330 culpam
2521 5268 2813 5325 corruunt,
2840 5275 2935 5329 per
2961 5260 3187 5331 gratiam
3218 5260 3595 5316 subleventur.
3625 5260 3757 5327 Quis

2162 5352 2304 5409 enim
2324 5354 2532 5409 actibus
2553 5356 2667 5409 suis
2692 5367 2934 5410 meretur
2953 5370 3176 5411 munera
3202 5355 3410 5410 Domini
3435 5355 3775 5423 Salvatoris,‘

2160 5444 2288 5500 dum
2334 5445 2581 5501 absolute
2617 5445 2871 5518 legatur:
2920 5446 3110 5503 Omnes
3153 5457 3496 5518 peccaverunt
3537 5457 3584 5503 et
3612 5456 3761 5518 egent

2168 5537 2335 5609 gloria
2365 5536 2461 5594 Dei
2489 5538 2510 5610 (
2539 5538 2693 5593 Rom.
2725 5554 2819 5606 ιιι,
2847 5538 2917 5596 ες
2937 5540 2994 5611 ),2
3022 5539 3322 5595 Misericors
3359 5549 3539 5597 autem
3583 5550 3636 5595 et
3665 5539 3763 5593 mi-
3866 5596 3871 5603 ,

2160 5641 2359 5687 serator
2399 5633 2570 5703 figura
2605 5634 2985 5704 paronomasia
3007 5643 3123 5701 est,
3156 5648 3274 5704 quae
3302 5641 3359 5691 et
3389 5630 3761 5690 denominatio

2160 5725 2376 5785 dicitur.

2240 5822 2452 5881 Patiens
2476 5831 2527 5880 et
2558 5822 2777 5881 multum
2820 5820 3129 5879 misericors.
3163 5819 3323 5880 Venit
3360 5817 3428 5879 ad
3456 5816 3773 5880 secundm
