4078 6342
360 263 491 321 ωξῦ

1238 272 1602 331 EXPOSITIO
1630 273 1706 330 “IN
1745 273 2204 334 PSALTERIUM.
2248 275 2440 333 PSAL.
2481 276 2709 333 CXLIV.

3471 292 3612 347 1026

349 379 649 447 argumenti
683 380 857 436 locum
877 425 891 449 ,
937 384 1024 451 qui
1062 384 1361 454 appella-tur
1387 399 1418 438 ιι
1449 386 1685 454 potentia
1708 425 1725 452 ,
1767 401 1928 456 quam
1960 395 2007 452 Α
2036 399 2207 443 nostra
2231 390 2410 443 virtute
2432 401 2518 442 aut
2541 392 2726 459 pietate
2747 391 3014 461 fecerimus
3035 395 3169 449 hunc
3188 399 3452 457 ambulare
3469 403 3612 474 (Act.

350 489 454 528 non
486 473 722 528 laudavit
751 476 891 542 quod
928 485 1096 530 terras
1123 479 1437 546 suspendit,
1471 478 1638 532 maria
1669 479 1926 543 coercuit,

351 566 523 620 stellis
553 567 748 621 coelum
778 569 1046 636 depinxit;
1079 570 1172 624 sed
1217 570 1536 624 tolerantem
1566 572 1704 625 dixit
1742 586 1931 626 exces-

350 672 439 713 sus
485 658 785 725 humanos,
822 671 878 715 ut
924 663 1010 728 qui
1047 664 1219 731 puniri
1271 672 1488 733 possent
1517 663 1632 734 lege
1673 663 1929 732 justitiae,

355 750 653 818 probentur
697 767 793 821 per
834 755 1139 819 patientiam
1187 754 1396 808 Domini
1431 772 1534 809 non
1569 756 1760 822 perire,
1795 756 1932 810 sicut

349 845 542 914 legitur
570 861 586 899 :
618 846 757 900 Nolo
786 857 998 901 mortem
1025 851 1300 916 peccatoris
1322 893 1337 919 ,
1361 851 1449 903 sed
1469 861 1525 903 ut
1547 861 1865 906 convertatur
1887 863 1933 908 et

346 935 481 988 vivat
513 935 744 1006 (Ezech.
784 953 940 999 svnt,
973 940 1040 993 52
1064 938 1107 1009 ).

420 1024 577 1081 Vers.
617 1027 671 1083 9.
714 1027 886 1082 Tern.
921 1029 1106 1087 Suavis
1134 1029 1388 1084 Dominus
1413 1033 1681 1095 universis,
1711 1043 1758 1086 et
1785 1035 1926 1088 mise-

343 1118 572 1172 rationes
611 1119 724 1186 ejus
764 1136 915 1189 super
961 1125 1131 1174 omnia
1172 1137 1326 1190 opera
1365 1124 1497 1192 ejus.
1533 1124 1743 1176 Tertius
1775 1141 1932 1191 argu—

349 1206 514 1260 tuenti
546 1208 695 1262 locus
725 1218 808 1264 est
833 1225 862 1262 a
892 1210 1314 1279 magnificentia.
1349 1215 1482 1281 Quid
1515 1218 1657 1270 enim
1691 1218 1931 1288 magniﬁ-

344 1299 553 1353 centius
581 1314 738 1368 quam
769 1317 974 1356 suavem
1001 1316 1124 1358 esse
1167 1305 1431 1372 universis,
1468 1309 1554 1370 qui
1590 1317 1763 1362 tamen
1806 1325 1928 1364 eum

344 1388 554 1444 devotis
599 1390 848 1446 sensibus
888 1392 1062 1460 ipsius
1108 1409 1329 1450 munere
1369 1399 1754 1465 gustaverunt?
1783 1400 1932 1455 Sicut

350 1482 537 1536 Petrus
577 1484 852 1551 apostolus
893 1485 1018 1538 dicit
1065 1503 1078 1538 :
1123 1485 1184 1541 Si
1222 1497 1386 1541 tamen
1425 1496 1664 1559 gustastis
1692 1493 1931 1561 quoniam

346 1571 512 1625 dulcis
540 1584 616 1626 est
640 1571 894 1627 Dominus
927 1575 946 1645 (
975 1572 1007 1628 I
1042 1575 1183 1630 Petr.
1214 1593 1280 1645 tt,
1310 1581 1344 1635 5
1368 1580 1409 1648 ).
1443 1579 1621 1635 Dulcis
1649 1583 1791 1636 enim
1824 1583 1928 1637 dici

347 1679 454 1718 non
483 1673 674 1733 potest,
702 1669 800 1721 nisi
829 1668 909 1722 eis
933 1669 1021 1738 qui
1048 1669 1180 1724 bona
1212 1671 1376 1740 ipsius
1402 1675 1751 1742 spiritualiter
1775 1675 1928 1730 imbi-

2035 494 2119 545 ιιι,
2149 481 2284 549 12)?
2315 481 2377 534 Et
2403 483 2562 551 paulo
2594 493 2711 551 post
2739 485 2918 538 dicunt
2951 503 2963 538 :
2993 487 3141 554 Quod
3170 491 3220 543 iu
3248 494 3461 548 nomine
3484 495 3614 552 Jesu
3651 503 3659 511 '

2033 572 2229 626 Christi
2258 574 2436 628 salvus
2467 575 2537 629 sit
2563 575 2753 631 factus.
2785 577 2935 632 'Nota
2970 583 3132 634 etiam
3163 582 3302 649 facta
3330 596 3402 639 est
3432 597 3614 655 poten-
3651 588 3657 595 ’

2033 663 2106 715 tia
2151 662 2400 730 Domini,
2429 665 2642 734 quando
2671 667 2913 722 diversas
2942 669 3165 726 virtutes
3190 677 3419 742 apostoli
3459 678 3615 733 invo-

2035 764 2157 808 cato
2186 755 2302 824 ejus
2333 759 2548 812 nomine
2573 759 2930 829 perfecerunt.

2106 845 2258 899 Vers.
2303 846 2388 900 l5.
2429 848 2575 903 Men.
2619 849 2856 919 Regnum
2894 863 3068 919 tuum,
3113 853 3368 924 Domine,
3397 875 3614 929 regnum

2034 935 2260 987 omnium
2288 939 2624 1004 saeculorum,
2655 949 2701 991 et
2730 941 3010 994 dominatio
3040 955 3125 1007 tua
3156 946 3207 998 in
3239 948 3375 999 omni
3401 963 3615 1016 genera-

2033 1026 2169 1078 tione
2191 1036 2240 1078 et
2270 1030 2529 1095 progenie.
2566 1028 2718 1083 Venit
2749 1033 2813 1083 ad
2844 1033 3126 1100 septimum
3157 1035 3362 1101 locum,
3391 1039 3478 1108 qui
3502 1049 3612 1094 tra-

2038 1115 2182 1170 hitur
2208 1132 2236 1168 a
2269 1121 2649 1186 magnitudine.
2683 1121 2813 1176 Nam
2847 1125 2890 1178 si
2920 1141 3166 1194 magnum
3197 1137 3279 1183 est
3307 1131 3371 1183 ad
3400 1141 3611 1201 tempus

2035 1207 2322 1276 imperare,
2349 1226 2551 1280 quanto
2578 1217 3001 1283 magnificentius
3028 1220 3403 1277 dominationis
3426 1226 3613 1279 termi-

2033 1313 2157 1352 num
2196 1314 2302 1353 non
2345 1302 2576 1356 habere?
2615 1303 2847 1360 Primum
2878 1309 3020 1362 enim
3052 1309 3260 1376 signum
3306 1313 3506 1368 Domini
3540 1316 3609 1371 de

2032 1398 2387 1456 perpetuztate
2415 1391 2675 1458 laudavit,
2710 1406 2891 1461 postea
2919 1397 2984 1451 de
3025 1399 3190 1468 ipsius
3230 1402 3608 1460 dominationis

2030 1479 2242 1532 eliectu.
2276 1481 2410 1534 Sunt
2449 1483 2591 1535 enim
2631 1499 2789 1553 regna
2821 1486 3077 1552 humana,
3111 1493 3204 1544 sed
3247 1509 3349 1546 non
3380 1504 3608 1562 aeterna;

2029 1578 2153 1623 sunt
2177 1581 2230 1624 et
2253 1570 2477 1625 aliorum
2508 1577 2906 1642 comparatione
2930 1577 3121 1643 fortia,
3153 1584 3247 1634 sed
3277 1598 3378 1638 non
3409 1586 3610 1642 diutius

2030 1658 2390 1727 dominantia;
2420 1673 2476 1717 et
2500 1663 2624 1718 ideo
2653 1667 2979 1734 perpetuitas
3007 1671 3104 1723 ista
3138 1686 3607 1745 commemoratur,

347 1756 558 1810 bcrunt.
589 1757 724 1823 Quid
765 1759 954 1812 iterum
993 1761 1414 1830 magnificentius
1446 1780 1601 1831 quam
1634 1767 1922 1820 miseratio-

2033 1765 2099 1804 ne
2121 1765 2341 1819 regnum
2369 1755 2473 1807 tale
2495 1762 2737 1823 putares,
2763 1758 2922 1826 quale
2947 1760 2998 1813 in
3027 1761 3222 1816 mundo
3243 1764 3462 1821 forsitan
3487 1782 3609 1822 esse

345 1862 433 1900 nes
461 1863 618 1916 supra
649 1864 819 1902 omnes
845 1857 1022 1918 apertis
1051 1865 1177 1906 suas
1207 1851 1534 1921 impendere,
1570 1870 1690 1924 qua:
1721 1871 1786 1910 eo
1814 1857 1926 1926 glo-

346 1937 554 1992 riantur
592 1940 855 1996 auctore?
887 1941 1038 1997 Dicat
1075 1942 1305 2012 aliquis:
1335 1942 1443 1998 Cur
1469 1960 1598 2016 ergo
1639 1946 1926 2003 damnandi

345 2037 469 2082 sunt
499 2038 827 2095 peccatores,
869 2045 1002 2100 quos
1045 2032 1164 2102 ejus
1210 2043 1508 2088 creaturam
1539 2051 1661 2090 esse
1690 2053 1793 2091 non
1821 2038 1926 2091 du-

348 2119 496 2174 bium
519 2121 637 2174 est?
663 2120 767 2175 Sed
796 2123 1002 2192 respice
1029 2123 1150 2192 quia
1183 2125 1551 2180 miserationes
1573 2126 1928 2182 conferendas

349 2213 480 2267 dicit
504 2229 660 2283 supra
684 2229 872 2286 operas
894 2216 1128 2270 Domini.
1155 2217 1330 2286 ipsum
1354 2219 1495 2272 enim
1517 2231 1760 2283 coronat,
1788 2221 1926 2287 quod

353 2304 405 2358 in
451 2304 603 2358 nobis
631 2306 836 2360 occulto
856 2305 1058 2376 judicio
1087 2307 1256 2376 gratia
1293 2318 1626 2377 praerogante
1678 2309 1926 2377 largitur;

352 2393 479 2448 illud
527 2393 744 2448 damnat
774 2395 914 2466 quod
944 2395 1158 2451 diabolo
1203 2397 1542 2453 niacbinante
1584 2399 1927 2453 construitur.

354 2482 444 2537 Vis
469 2483 610 2538 enim
657 2487 826 2554 posita
856 2485 1140 2540 verborum
1171 2487 1331 2541 solvit
1359 2488 1755 2543 absolutissime
1784 2505 1930 2558 qua:-

349 2574 601 2631 stionem.
631 2578 804 2646 Upera
834 2576 976 2632 enim
1021 2579 1230 2632 Domini
1260 2592 1474 2648 semper
1510 2579 1793 2650 eliguntur,
1829 2595 1930 2635 no-

350 2674 458 2721 stra
490 2667 575 2721 vel
604 2667 799 2723 diaboli
829 2668 946 2724 sine
974 2669 1300 2725 dubitatione
1329 2670 1670 2724 damnantur.

423 2759 580 2815 Vers.
607 2759 710 2817 ΑΟ.
749 2758 870 2816 Joo.
911 2761 1258 2828 Conﬁteantur
1305 2761 1428 2827 tibi,
1465 2760 1714 2828 Domine,
1761 2763 1933 2817 omnia

353 2863 506 2919 apera
533 2858 643 2913 tua,
679 2858 725 2902 et
768 2851 932 2904 sancti
962 2851 1035 2904 tui
1063 2851 1354 2906 benedirant
1386 2853 1493 2906 tibi.
1528 2853 1758 2919 Quartus
1785 2854 1934 2911 locus

354 2953 384 2993 a
414 2939 698 2994 sanctitate
727 2949 994 2994 narratur.
1041 2939 1162 3010 lpsa
1197 2950 1280 2995 est
1322 2942 1462 2996 enim
1490 2944 1747 2998 sanctitas
1773 2960 1931 3013 quam

354 3032 600 3099 superius
631 3029 794 3095 dixit,
827 3039 883 3084 ut
908 3032 955 3084 ei
986 3031 1155 3085 sancti
1183 3031 1266 3085 sui
1295 3030 1526 3086 debeant
1566 3035 1803 3088 confiteri
1830 3076 1845 3101 ,
1883 3036 1932 3090 id

2032 1847 2335 1912 reguoscis.

2105 1933 2258 1988 Vers.
2291 1935 2378 1990 M.
2408 1936 2646 1992 Sani-mn.
2680 1935 2879 1993 Fidelis
2907 1939 3151 1997 Dominus
3172 1944 3226 1998 in
3251 1946 3482 2002 erunibus
3505 1965 3614 2003 ver-

2030 2024 2104 2077 bis
2139 2027 2280 2092 suis,
2315 2038 2360 2080 et
2389 2039 2593 2082 sanctus
2623 2030 2675 2083 in
2715 2031 2946 2085 omnibus
2986 2034 3219 2104 aperibus
3248 2038 3374 2093 suis.
3415 2042 3612 2094 Allevat

2031 2114 2284 2170 Dominus
2329 2135 2502 2173 omnes
2544 2121 2632 2190 qui
2666 2133 2942 2192 corruunt,
2974 2135 3022 2177 et
3062 2127 3209 2196 erigit
3238 2143 3409 2184 omnes
3437 2132 3609 2186 elisos.

2029 2205 2194 2278 489
2236 2210 2471 2264 Octavus
2517 2211 2664 2266 locus
2697 2228 2744 2278 a,
2767 2215 2953 2281 eritur,
2994 2218 3084 2285 qui
3116 2218 3310 2273 dicitur
3347 2221 3416 2274 ab
3443 2222 3615 2277 abun-

2030 2298 2232 2352 dautia.
2263 2304 2375 2366 Ipsa
2400 2312 2479 2352 est
2505 2318 2518 2352 :
2548 2301 2849 2355 Memoriam
2871 2305 3198 2361 abundantia
3218 2312 3480 2364 suavitatis
3511 2324 3613 2366 tua

2031 2389 2350 2453 eructabunt,
2392 2406 2550 2458 quam
2590 2393 2836 2461 superius
2869 2393 2919 2447 iu
2943 2400 3174 2451 antelata
3203 2402 3430 2454 secunda
3463 2415 3612 2470 parte

2032 2481 2371 2533 muneravit.
2406 2479 2604 2536 Fidelis
2629 2498 2755 2551 ergo
2785 2483 3000 2553 dicitur,
3025 2501 3273 2556 quoniam
3303 2492 3384 2545 sui
3412 2494 3612 2547 adven-

2033 2582 2116 2626 tus
2143 2575 2401 2640 prontissa
2430 2576 2744 2644 complevit;
2769 2587 2823 2632 et
2852 2593 2956 2633 non
2987 2580 3039 2632 in
3071 2582 3273 2648 paucis.
3303 2583 3399 2638 sed
3428 2585 3480 2638 in
3501 2602 3611 2639 om-

2031 2665 2180 2717 nibus
2210 2667 2370 2718 vei-bis
2399 2667 2526 2721 suis.
2560 2667 2710 2734 Quod
2752 2683 2936 2722 revera
2980 2670 3081 2739 ipsi
3111 2672 3210 2726 soli
3239 2675 3493 2729 convenit
3519 2677 3609 2746 qui

2031 2756 2164 2810 dixit
2197 2773 2209 2808 :
2250 2755 2446 2810 (Italum
2476 2767 2520 2810 et
2559 2766 2694 2810 terra
2743 2759 3049 2824 transibunt,
3097 2762 3244 2815 verba
3288 2773 3455 2816 autem
3502 2781 3614 2820 mea

2033 2863 2132 2900 non
2174 2848 2496 2915 praeteribunt
2529 2848 2546 2918 (
2576 2848 2760 2902 Matth.
2797 2865 2942 2915 xxiv,
2973 2852 3041 2906 55
3059 2851 3102 2920 ).
3145 2853 3243 2917 Qui
3273 2838 3410 2909 sicut
3449 2871 3611 2911 verax

2033 2937 2087 2992 in
2115 2938 2577 3003 pron'iissionibus,
2606 2938 2676 2992 ita
2709 2951 2763 2994 et
2790 2952 3005 2994 sanctus
3035 2942 3086 2995 in
3117 2945 3260 2996 onmi
3280 2947 3387 2998 'sua
3418 2961 3611 3014 opera-

2036 3031 2180 3085 tione
2209 3031 2558 3100 dignoscitur.
2605 3030 2717 3084 Hoc
2760 3046 2970 3100 quoque
2998 3033 3062 3085 ad
3091 3033 3466 3088 abundantiam
3503 3035 3611 3089 Do-

354 3132 439 3178 est
465 3122 584 3176 boui
607 3122 805 3194 angeli,
829 3124 1238 3188 dominationes,
1263 3135 1572 3194 potestates,
1589 3139 1643 3181 et
1668 3130 1932 3198 principa.
1961 3115 2006 3176 C
2040 3121 2167 3174 miui
2213 3136 2318 3174 non
2350 3129 2433 3175 est
2469 3121 2689 3175 dubium
2740 3122 3042 3189 pertinere,
3085 3125 3297 3192 quando
3333 3125 3612 3180 elevantur

355 3219 459 3278 tus,
486 3213 570 3267 vel
592 3213 719 3281 justi
753 3213 1015 3280 homines,
1044 3223 1098 3270 et
1135 3214 1388 3283 quidquid
1430 3215 1643 3270 beatum
1683 3232 1802 3272 esse
1843 3234 1934 3274 (0-

350 3301 644 3370 gnoscitur.
670 3302 772 3358 Sed
798 3304 918 3372 quia
941 3318 1128 3358 omnes
1149 3315 1406 3359 creaturae
1430 3321 1534 3358 non
1557 3315 1682 3360 sunt
1703 3308 1754 3362 in
1773 3308 1940 3365 intel--

352 3395 563 3450 lcctuali
595 3396 851 3466 dignitate
877 3398 1158 3463 sublimes,
1187 3408 1243 3451 ut
1266 3398 1502 3467 jumeuta
1528 3438 1544 3464 ,
1575 3413 1724 3466 saxa,
1755 3401 1895 3471 ligna
1914 3442 1929 3469 ,

353 3495 529 3550 terra,
560 3486 645 3540 vel
692 3486 772 3540 Itis
815 3487 1029 3553 similia,
1061 3488 1327 3556 quomodo
1359 3488 1506 3543 illum
1538 3490 1734 3559 poterit
1757 3492 1934 3547 omnis

350 3592 590 3635 creatura
617 3581 944 3650 praidicare?
967 3580 1262 3634 Confitetur
1284 3581 1439 3649 plane
1463 3584 1515 3636 in
1543 3582 1642 3636 hoc
1661 3585 1803 3651 quod
1825 3593 1926 3650 est,

350 3671 475 3725 dum
510 3688 662 3726 suum
692 3673 993 3741 glorificare
1024 3671 1146 3726 facit
1179 3681 1484 3735 auctorem,
1516 3672 1604 3742 qui
1632 3675 1807 3727 omnia
1837 3677 1932 3727 ad-

352 3763 582 3817 mirabili
633 3763 983 3831 diSjtositioue
1016 3763 1274 3829 perfecit;
1321 3771 1378 3816 ut
1422 3771 1514 3816 aut
1559 3777 1654 3831 per
1698 3778 1757 3817 se
1803 3764 1931 3832 ipsae

349 3865 609 3909 creaturae
633 3855 868 3917 laudent,
888 3864 976 3908 aut
1003 3868 1095 3922 per
1116 3855 1400 3909 rationales
1421 3853 1744 3910 substantias
1766 3869 1929 3926 opera

352 3945 561 3999 Domini
595 3946 747 4000 valde
778 3947 913 4000 bona
947 3945 1322 4013 pra-dicentur.

423 4037 572 4091 Vt-rs.
616 4037 704 4092 ll.
742 4037 906 4092 CAP“.
944 4037 1175 4090 Gloriam
1204 4038 1346 4107 regni
1386 4038 1458 4090 tui
1499 4037 1702 4105 dicent,
1745 4046 1794 4090 et
1826 4053 1928 4106 po-

345 4132 552 4183 tentiam
578 4137 720 4182 tuam
750 4130 1034 4199 loquentur.
1060 4130 1285 4194 Quintus
1313 4145 1340 4182 a
1375 4127 1706 4184 mirabilibus
1733 4130 1928 4198 produ-

343 4223 481 4275 ritur
531 4222 696 4275 locus.
745 4222 913 4287 Quam
963 4220 1222 4276 mirabilis
1266 4219 1409 4275 enim
1449 4221 1628 4286 Deus,
1657 4221 1746 4288 qui
1795 4220 1925 4276 fecit

342 4314 538 4368 caelum
570 4321 624 4367 et
653 4323 871 4380 terram,
904 4327 1072 4382 eaque
1102 4310 1330 4368 diversis
1359 4313 1513 4367 bonis
1541 4312 1802 4380 stupenda
1834 4328 1926 4366 va-

342 4406 528 4460 rietate
565 4406 878 4474 complevit!
923 4404 978 4458 ln
1005 4404 1182 4474 parvis
1210 4405 1349 4458 enim
1381 4413 1465 4458 est
1490 4419 1738 4458 mensura
1769 4403 1922 4458 suffi-

2037 3223 2272 3268 rucntes.
2305 3213 2654 3268 absolvuntur
2679 3214 2752 3270 rei
2778 3259 2792 3283 ,
2824 3216 3099 3284 eriguntur
3123 3219 3258 3271 elisi.
3291 3218 3436 3273 Tunc
3465 3222 3610 3274 enim

2035 3303 2332 3356 recordatio
2372 3304 2650 3358 suavitatis
2693 3305 2855 3373 ipsius
2902 3305 3146 3373 habetur,
3187 3323 3308 3362 cum
3353 3311 3610 3366 factorutn

2035 3396 2218 3448 talium
2243 3394 2410 3449 virtus
2429 3395 2705 3464 aspicitur,
2740 3406 2793 3449 et
2820 3405 3093 3450 eructatur
3122 3399 3173 3450 in
3202 3398 3446 3453 laudibus
3471 3400 3608 3470 ejus,

2033 3485 2122 3553 qui
2152 3485 2395 3554 dignatus
2432 3497 2513 3539 est
2543 3488 2610 3541 de
2652 3496 2912 3553 potestate
2951 3487 3146 3542 diaboli
3176 3491 3383 3557 eripere
3422 3506 3608 3560 pecca-

2034 3583 2225 3629 torem.
2263 3575 2329 3628 Et
2353 3576 2471 3629 vide
2501 3576 2751 3644 quoniam
2783 3586 2836 3630 et
2876 3578 2960 3630 hic
2984 3578 3104 3632 dua:
3130 3593 3217 3634 res
3258 3581 3483 3635 Domino
3519 3584 3614 3637 de-

2033 3677 2319 3737 putantur;
2351 3669 2464 3734 ipse
2492 3671 2633 3722 enim
2663 3669 2864 3723 allevat
2891 3680 3134 3734 ruentes,
3166 3674 3254 3739 qui
3297 3673 3474 3728 adhuc
3515 3677 3614 3728 mi-

2035 3763 2176 3817 nime
2214 3775 2558 3826 corruerunt;
2593 3763 2704 3830 ipse
2737 3763 2894 3831 erigit
2931 3764 3113 3827 elisos,
3147 3765 3233 3831 qui
3261 3765 3371 3834 jam
3400 3766 3610 3820 ruinam

2031 3853 2350 3906 sustinuisse
2381 3865 2698 3908 noscuntur.
2733 3853 2937 3918 Merito,
2972 3855 3218 3920 quoniam
3254 3870 3321 3909 ne
3347 3855 3606 3909 cadamus

2031 3929 2148 4010 ipso
2188 3941 2408 3996 custode
2436 3942 2803 4004 defendimur;
2836 3950 2894 3994 ut
2931 3957 3056 3995 vero
3097 3944 3347 4009 prostrati
3390 3959 3611 4014 surgere

2032 4031 2340 4094 valeamus,
2389 4030 2584 4084 virtute
2635 4032 2801 4096 ipsius
2846 4031 3193 4085 nihilominus
3246 4033 3606 4091 subleramur.

2032 4120 2156 4175 Haec
2195 4120 2334 4174 enim
2364 4129 2417 4173 et
2448 4119 2571 4171 talia
2599 4133 2692 4186 per
2721 4117 3099 4174 abundantiam
3125 4120 3402 4176 suavitatis
3439 4124 3607 4192 ipsius

2030 4211 2146 4266 fieri
2178 4225 2332 4278 laosse
2361 4225 2463 4264 nou
2495 4208 2714 4262 dubium
2743 4217 2844 4264 est.

2105 4303 2252 4357 Vers.
2299 4301 2387 4356 15.
2429 4301 2549 4355 Atat.
2594 4301 2744 4354 Oculi
2786 4301 3013 4354 omnium
3055 4300 3109 4355 in
3148 4310 3195 4355 te
3232 4311 3463 4370 sperant,
3500 4301 3606 4357 Do-

2027 4397 2180 4461 mine,
2206 4405 2253 4449 et
2282 4405 2335 4447 tu
2367 4395 2459 4447 das
2484 4409 2650 4448 escam
2677 4393 2781 4447 illis
2812 4391 2982 4465 [mss.
3017 4395 3078 4449 Α.
3103 4436 3118 4461 ,
3153 4395 3210 4448 Β.
3228 4435 3244 4458 ,
3277 4394 3485 4448 illorum
3513 4392 3527 4464 ]
3555 4396 3608 4447 in

341 4499 509 4562 ciens,
545 4497 596 4552 in
643 4497 1000 4552 mediocribus
1039 4496 1298 4566 aequabile
1327 4504 1805 4565 temperamentum
1826 4537 1839 4559 ,
1871 4497 1922 4548 in
1955 4484 2001 4542 D
2033 4498 2254 4552 tempore
2276 4497 2580 4556 opportuno.

343 4592 548 4659 magnis
577 4591 896 4646 abundantia
926 4589 1138 4659 copiosa
1169 4589 1454 4643 donorum.
1489 4588 1554 4641 Et
1583 4601 1800 4641 necesse
1841 4595 1926 4641 est

343 4697 510 4737 to;um
535 4698 653 4737 esse
680 4683 942 4751 mirabile,
969 4683 1182 4750 quando
1209 4682 1572 4735 universarum
1604 4693 1780 4733 rerum
1803 4693 1920 4732 out-

341 4774 669 4838 nipotcntem
707 4783 918 4828 constat
947 4784 1242 4828 auctorem.

414 4866 567 4920 Vers.
609 4865 696 4918 12.
739 4865 947 4920 Lauso.
986 4865 1052 4919 Ut
1084 4875 1256 4919 notam
1288 4865 1481 4935 faciant
1511 4863 1630 4930 ﬁliis
1654 4861 1922 4915 hominum

336 4957 610 5026 potentiam
650 4964 823 5020 luant,
859 4964 906 5007 et
946 4955 1159 5023 gloriam
1206 4955 1596 5025 magniﬁcentia:
1636 4954 1779 5023 regni
1820 4953 1916 5006 tui.

339 5049 533 5100 Sextus
578 5045 724 5098 locus
770 5046 862 5112 qui
907 5052 991 5098 est
1019 5060 1047 5098 a
1079 5045 1358 5098 virtutibus
1387 5047 1658 5096 inti-oltur.
1691 5043 1801 5097 lloc
1839 5052 1923 5096 est

337 5138 478 5189 enim
519 5135 659 5201 quod
693 5134 744 5188 in
775 5135 1005 5189 secunda
1039 5144 1186 5202 parte
1216 5134 1346 5186 dixit
1385 5150 1398 5187 :
1439 5132 1694 5186 Virtutem
1722 5133 1924 5188 terribi-

337 5224 462 5277 lium
490 5233 710 5277 tuorum.
743 5224 956 5278 Sanctis
986 5227 1128 5279 enim
1174 5223 1588 5291 praedicantibus
1619 5222 1737 5292 [ed.
1781 5238 1921 5290 pra:-

334 5310 692 5384 dicatoribus]
725 5323 845 5368 nota
889 5318 1024 5383 facta
1065 5324 1135 5368 est
1175 5315 1399 5382 potentia
1433 5313 1640 5366 Domini
1680 5323 1728 5365 et
1758 5313 1922 5382 gloria

334 5407 481 5476 regni
519 5406 658 5475 ejus,
701 5419 768 5460 ne
808 5405 1048 5474 ignorata
1089 5405 1265 5457 minus
1305 5401 1528 5456 forsitan
1567 5408 1919 5470 qurereretur.

338 5501 477 5556 Nota
523 5514 734 5570 quoque
777 5499 917 5570 facta
961 5507 1034 5554 est
1063 5496 1286 5569 potentia
1317 5495 1464 5564 ejus,
1497 5508 1615 5548 cum
1659 5494 1844 5549 Petrus
1870 5502 1925 5549 et

335 5593 570 5648 Joannes
591 5605 658 5646 ex
683 5601 837 5647 utero
861 5593 1046 5645 matris
1072 5586 1318 5643 claudum
1349 5585 1624 5639 ambulare
1654 5585 1919 5656 fecerunt,

333 5684 614 5742 dicentes:
652 5682 763 5738 Viri
792 5681 1064 5752 Israelita,
1097 5679 1221 5752 quid
1250 5676 1509 5734 miramini
1539 5676 1590 5730 in
1622 5676 1738 5747 Itoc,
1769 5681 1918 5748 quasi

2104 4581 2254 4634 Vers.
2300 4583 2383 4634 lli.
2432 4578 2564 4632 Pus.
2608 4581 2788 4645 Aperis
2824 4589 2877 4632 tu
2905 4596 3110 4634 manum
3141 4590 3312 4648 tuam,
3344 4591 3390 4634 et
3429 4583 3606 4651 imples

2026 4689 2170 4726 omne
2196 4673 2389 4724 animal
2416 4673 2783 4724 benedictione.
2818 4673 2955 4726 Ecce
2982 4685 3149 4725 nonus
3178 4673 3326 4725 locus
3358 4674 3603 4738 intratur,

2027 4763 2116 4831 qui
2145 4762 2339 4815 dicitur
2365 4777 2391 4813 a
2421 4761 2648 4829 justitia.
2685 4761 2779 4815 llic
2810 4761 2861 4814 in
2895 4760 2976 4816 bis
3003 4761 3210 4816 duobus
3235 4772 3288 4817 et
3315 4763 3418 4817 alio
3447 4778 3604 4818 versu

2026 4855 2113 4922 qui
2146 4853 2384 4922 sequitur
2414 4853 2568 4906 latius
2601 4854 2945 4921 explanatur;
2977 4864 3030 4906 ut
3059 4854 3148 4922 qui
3192 4855 3476 4909 Dominum
3506 4856 3605 4910 mi-

2027 4946 2352 5001 sericordem
2385 4946 2637 5009 audiunt,
2665 4943 2866 5013 justum
2898 4960 3106 5014 quoque
3128 4946 3362 5014 judicent
3395 4957 3606 5003 contre‘

2027 5039 2274 5093 miscant.
2307 5038 2532 5092 iustitia:
2559 5039 2698 5091 enim
2727 5038 2890 5106 ipsius
2919 5049 2994 5091 εει
3017 5080 3031 5103 ,
3063 5047 3117 5092 ιιι
3145 5039 3234 5108 qui
3265 5040 3314 5093 in
3348 5040 3462 5109 ipso
3484 5057 3606 5110 spe-

2027 5145 2146 5183 rare
2184 5146 2286 5182 nou
2324 5129 2602 5192 desinunt,
2625 5128 2692 5180 ab
2722 5129 2838 5197 ipso
2871 5127 3129 5182 satietatis
3161 5145 3379 5184 munera
3416 5146 3606 5186 conse-

2027 5233 2275 5287 quantur.
2311 5219 2416 5273 Sed
2451 5218 2548 5271 ista
2575 5233 2689 5271 esca
2719 5216 3135 5286 uniuscujusque
3167 5220 3239 5273 rei
3271 5222 3602 5276 continentia

2029 5313 2186 5365 debet
2216 5311 2457 5379 intelligi.
2492 5311 2604 5363 Alia
2642 5311 2784 5364 enim
2817 5313 3191 5378 corporaliter,
3224 5313 3323 5367 alia
3357 5315 3605 5384 spiritua-

2030 5404 2149 5458 liter
2185 5413 2446 5472 expetunt
2488 5403 2810 5472 gubernari;
2844 5403 2936 5457 sed
2968 5403 3048 5457 bis
3077 5406 3326 5461 omnibus
3357 5422 3460 5460 una
3491 5424 3604 5462 esca

2026 5508 2106 5552 est
2136 5495 2350 5564 largitas
2372 5494 2675 5563 dispensata
2702 5494 2991 5549 Creatoris.
3019 5495 3082 5549 Et
3107 5511 3173 5550 ne
3196 5497 3446 5553 crederes
3472 5514 3608 5553 sem-

2028 5603 2122 5657 per
2158 5585 2388 5641 dandum
2431 5599 2551 5640 esse
2589 5585 2731 5655 quod
2773 5586 2988 5654 petitur,
3029 5587 3255 5656 adjecit,
3285 5589 3338 5642 in
3385 5600 3606 5654 tempore

2027 5689 2328 5750 opportuno.
2367 5676 2515 5734 Multi
2547 5677 2687 5734 enim
2721 5687 2940 5748 petunt,
2971 5678 3064 5734 sed
3093 5679 3320 5735 feliciter
3345 5680 3604 5732 ditt-rou-
