4078 6342
417 260 446 312 «1
455 258 566 314 027τ

1615 249 1682 303 Μ.
1723 247 1810 304 AU
1823 245 1996 308 RELII
2035 244 2431 304 CASSIODORI

3528 233 3676 296 1028

422 376 528 422 tur.
557 365 890 436 Quapropter
927 376 1089 419 unum
1135 359 1236 416 hoc
1271 357 1486 415 assidue
1528 357 1896 426 deprecemur,
1931 366 1990 411 ιιι
2016 365 2067 420 Α
2095 366 2246 423 runt,
2275 371 2417 410 nunc
2453 354 2568 424 ejus
2610 353 2803 422 repetit
2830 352 3196 410 brevissimam
3235 349 3674 418 conclusionem;

423 461 513 516 illa
556 461 710 516 nobis
739 458 994 514 Dominus
1031 455 1292 526 propitius
1323 453 1550 515 tribuat,
1579 465 1697 519 quae
1734 449 1993 519 expedire

423 551 714 621 cognoscit.
747 548 858 602 Nos
887 549 1020 600 enim
1042 551 1058 612 (
1077 545 1214 599 sicut
1242 543 1372 597 dicit
1398 541 1716 610 Apostolus)
1735 543 1857 610 quid
1885 555 2008 594 orem

426 657 564 708 ritus,
581 641 711 694 sicut
731 646 950 706 oportet,
973 636 1221 704 nescimus
1243 634 1419 703 (llam.
1439 649 1550 696 vui,
1573 634 1686 703 26).
1711 632 1999 702 Cognosci-

429 747 550 785 mus
570 731 729 786 etiam
755 729 805 781 in
829 736 1094 797 potestate
1118 726 1284 794 ipsius
1305 726 1484 778 omnia
1505 725 1810 786 constituta,
1833 736 2000 792 quan-

431 821 501 876 do
524 822 639 888 ipso
665 833 879 872 mnuum
903 817 1197 886 aperiente,
1224 829 1382 870 omne
1406 814 1604 870 animal
1635 811 2001 874 benedictione

429 911 744 980 completur.
778 908 881 964 Sed
915 908 1122 972 melius,
1155 917 1212 962 ut
1245 905 1348 960 hoc
1390 905 1587 959 animal
1633 904 2002 958 rationabilem

431 1009 730 1055 creaturam
773 998 1060 1052 debeamus
1089 998 1355 1065 accipere,
1394 1010 1551 1064 quam
1583 1009 1768 1048 revera
1799 1000 2014 1048 constat.

433 1105 594 1162 posse
625 1089 888 1146 benedici.

509 1178 665 1234 Vers.
710 1181 795 1234 l7.
837 1179 1004 1235 Sane.
1043 1177 1218 1232 Justus
1255 1176 1510 1231 Dominus
1547 1177 1601 1230 in
1645 1175 1873 1230 omnibus
1913 1175 2008 1230 uiis

437 1274 562 1333 suis,
594 1283 641 1332 et
669 1281 873 1326 sanctus
905 1273 958 1325 in
985 1270 1216 1324 omnibus
1243 1269 1477 1340 operibus
1507 1269 1634 1322 suis.
1679 1266 2014 1322 Manifestata.

442 1375 528 1421 est
569 1379 693 1436 pars
724 1366 811 1418 illa
845 1365 1100 1434 justitiua,
1139 1362 1348 1432 quando
1376 1363 1546 1432 ipsum
1578 1376 1788 1432 quoque
1816 1373 2010 1414 nomen

441 1455 812 1524 cognoscimus
839 1469 956 1508 esse
984 1464 1352 1508 memoratum.
1391 1452 1499 1506 Via:
1523 1451 1730 1506 Domini
1753 1459 1876 1506 sunt
1899 1449 2014 1504 dis-

443 1549 734 1620 positiones
747 1555 906 1616 atque
923 1548 1236 1612 voluntates,
1258 1560 1388 1615 quas
1405 1587 1422 1614 ,
1439 1547 1483 1600 si
1501 1559 1625 1599 vere
1646 1542 2012 1611 intelligimus,

445 1653 658 1706 semper
677 1637 848 1707 justas
869 1651 987 1690 esse
1008 1636 1286 1690 sentimus.
1317 1634 1447 1688 Nam
1475 1649 1593 1690 cum
1619 1648 1717 1688 nos
1743 1633 2012 1695 verberat,

2095 458 2155 504 ut.
2180 450 2320 518 quod
2347 449 2509 502 nullis
2539 445 2709 511 libris,
2741 445 2902 501 nullis
2922 446 3061 500 valet
3083 444 3332 500 humanis
3357 441 3561 498 viribus
3581 457 3680 498 ex-

2096 540 2303 608 plicari,
2331 537 2560 594 mirabili
2580 537 2898 604 compendio
2921 537 3176 606 probetur
3195 549 3318 590 esse
3336 534 3676 589 conclusum.

2098 628 2329 684 Laudem
2356 627 2558 682 Domini
2581 641 2642 682 os
2661 641 2816 682 suum
2833 667 2848 690 ,
2880 626 2930 680 id
2959 634 3042 680 est
3071 624 3249 679 cordis
3273 637 3528 678 arcanum
3555 636 3680 691 pro-

2097 718 2260 774 mittit
2279 718 2453 784 eﬂ'uri,
2473 718 2612 772 unde
2635 731 2693 771 se
2715 717 2972 786 praplieta
2996 722 3217 769 noverat
3236 713 3468 768 libenter
3487 708 3692 772 audiri;

2099 807 2414 863 Commonet
2459 791 2620 862 etiam
2662 807 2946 862 humanam
2985 819 3201 859 carnem
3243 803 3546 858 universam
3575 801 3681 856 Βο-

2103 900 2306 953 minum
2347 897 2660 952 benedicere
2689 896 3052 961 Salvatorem;
3079 895 3218 966 quod
3249 893 3446 948 dic'um
3475 899 3683 948 constat

2106 1004 2200 1059 per
2246 991 2465 1057 ﬁguram
2493 989 2865 1060 synecdoche,
2895 989 2948 1043 id
2980 997 3066 1043 est
3104 1002 3134 1040 a
3178 997 3328 1055 parte
3357 994 3550 1040 totum.
3583 984 3687 1038 Per

2103 1094 2320 1135 carnem
2350 1083 2490 1134 enim
2521 1079 2786 1149 signiﬁcat
2813 1079 3076 1145 homines,
3105 1079 3244 1134 sicut
3271 1078 3413 1134 idem
3443 1077 3696 1132 homines

2109 1170 2400 1242 signiﬁcat,
2453 1169 2668 1240 quando
2713 1169 2856 1224 solas
2898 1169 3104 1224 animus
3153 1169 3314 1234 dicit,
3347 1177 3404 1221 ut
3447 1177 3531 1222 est
3557 1167 3686 1222 illud

2113 1262 2277 1317 Exodi
2311 1279 2322 1316 :
2357 1261 2542 1316 Omnes
2559 1271 2734 1315 autem
2753 1261 2938 1314 animt?
2957 1276 3070 1332 qua:
3091 1261 3407 1314 intraverunt
3432 1261 3482 1312 in
3513 1257 3688 1330 Egy-

2113 1362 2282 1421 ptum,
2310 1353 2494 1406 anima:
2517 1351 2842 1424 septuaginta
2865 1352 3086 1420 quinque
3111 1351 3134 1422 (
3157 1349 3329 1406 Exod.
3359 1365 3409 1414 ι,
3439 1349 3470 1403 5
3487 1350 3531 1417 ).
3559 1346 3682 1418 Ipsa

2114 1444 2258 1500 enim
2288 1457 2414 1498 caro
2451 1451 2535 1496 est
2561 1457 2680 1511 quae
2708 1451 2883 1511 potest
2909 1442 3188 1514 Dominum
3216 1443 3377 1512 digna
3405 1441 3558 1495 laude
3587 1442 3688 1496 be-

2115 1536 2384 1590 nedicere.
2415 1535 2472 1592 Si
2498 1549 2654 1604 quam
2685 1549 2814 1590 vero
2842 1543 3042 1602 partem
3069 1548 3233 1602 supra
3278 1534 3376 1588 ista
3407 1547 3526 1601 quae
3553 1532 3692 1586 dixi-

2118 1642 2266 1690 mus,
2295 1627 2412 1680 sive
2439 1626 2492 1679 in
2523 1624 2732 1691 futuris,
2763 1626 2875 1680 sive
2906 1626 2970 1679 in.
3000 1623 3280 1693 prinlcritis
3319 1623 3537 1691 psalmis
3565 1621 3693 1678 dili«

445 1728 747 1798 inquit-atem
778 1726 932 1794 facit,
957 1726 1081 1795 quia
1111 1725 1338 1794 peccatis
1359 1725 1516 1793 digna
1539 1724 1798 1788 restituit;
1823 1732 1876 1776 et
1899 1720 2016 1776 ideo
2050 1725 2090 1784 Β
2119 1732 2248 1784 gens
2278 1727 2637 1784 perscrutator
2665 1715 2958 1782 invenerit,
2999 1731 3118 1784 qua:
3158 1714 3222 1768 ad
3255 1713 3436 1768 laudes
3484 1712 3696 1768 Domini

447 1820 576 1874 dum
607 1818 760 1872 nobis
787 1819 1016 1887 petimus
1045 1819 1222 1886 parci,
1255 1816 1398 1885 prius
1426 1816 1541 1885 ejus
1562 1815 1818 1884 justitiam
1847 1815 2018 1868 conﬁ-

449 1919 674 1980 teamur,
709 1917 763 1963 et
793 1909 872 1964 sic
896 1909 962 1963 ab
991 1909 1104 1977 ipso
1131 1917 1506 1978 exspectemus
1543 1922 1760 1962 munera
1788 1907 2018 1975 pietatis.

450 1997 694 2074 Sanctus,
727 2006 782 2052 et
827 1997 971 2066 pium
997 1998 1291 2068 significat,
1321 2009 1376 2052 et
1415 1999 1734 2065 patientem,
1767 2007 1819 2052 ct
1847 1996 2021 2050 bono-

455 2107 574 2145 rum
604 2090 838 2146 onmium
879 2089 1183 2159 largitorem
1215 2107 1228 2144 :
1262 2089 1509 2158 quoniam
1552 2088 1808 2158 quidquid
1840 2088 1908 2141 ab
1934 2088 2023 2142 illo

455 2181 702 2255 efﬁcitur,
748 2180 1000 2235 virtutum
1032 2180 1188 2235 laude
1234 2179 1551 2250 completur.
1609 2173 1718 2233 Vile
1762 2180 2026 2248 pertinent

453 2276 519 2330 al
563 2273 975 2342 dispositiones.
1006 2274 1235 2342 operatio
1264 2273 1332 2328 ad
1361 2272 1635 2338 effectum;
1667 2271 1761 2326 sed
1795 2270 1895 2326 hoc
1930 2284 2026 2338 pro

452 2371 634 2420 nostra
667 2363 1032 2417 imbecillitate
1060 2362 1330 2416 dividitur.
1355 2363 1624 2430 ,Caiterum
1673 2359 1814 2428 apud
1845 2359 2024 2426 illum,

457 2443 558 2526 huc
607 2460 690 2506 est
735 2451 869 2504 velle
913 2449 1052 2520 quod
1083 2450 1286 2518 facere,
1320 2450 1421 2506 hoc
1449 2451 1731 2520 disponere
1769 2449 1910 2518 quod
1937 2447 2026 2518 ju-

455 2543 606 2616 bere.

533 2632 684 2690 Vers.
732 2633 818 2687 18.
856 2632 1021 2688 Corn.
1053 2632 1222 2705 PrOpe
1247 2639 1320 2687 est
1350 2630 1600 2688 Dominus
1626 2629 1856 2684 omnibus
1881 2630 2028 2685 inro-

457 2715 687 2786 cantibus
711 2746 826 2784 eum
854 2730 909 2783 in
933 2731 1158 2784 ueritate.

533 2821 684 2878 Vers.
729 2822 814 2876 19.
862 2822 989 2876 lies.
1036 2821 1366 2876 Voluntatem
1395 2820 1679 2874 timentium
1702 2837 1756 2875 se
1781 2821 1958 2890 faciet,
1983 2832 2032 2877 et
2071 2874 2082 2882 ,

459 2897 714 2979 prationes
744 2929 918 2967 eorum
947 2912 1217 2966 exaudiet.
1245 2921 1292 2964 et
1317 2910 1480 2964 salvos
1505 2911 1656 2979 faciet
1679 2927 1787 2964 eos.
1823 2911 1887 2966 Et
1913 2912 2031 2967 lucc

463 3017 674 3071 quoque
693 3003 978 3070 probantur
997 3000 1060 3054 ad
1081 2999 1338 3070 justitiam
1364 3001 1568 3054 Domini
1587 3005 1867 3070 pertinere.
1895 3003 2028 3058 Pro-

2120 1808 2310 1862 dcbeat
2339 1807 2632 1876 applicari,
2663 1808 2726 1860 ad
2759 1808 3181 1876 supradictorum
3194 1807 3450 1877 ,aliquem
3480 1807 3694 1861 modum

2125 1896 2213 1972 (ut
2241 1907 2419 1952 tamen
2444 1911 2541 1952 nos
2567 1897 2878 1967 opinamur)
2907 1911 3009 1950 non
3041 1896 3244 1951 dubitet
3277 1898 3576 1965 pertinere;
3598 1914 3630 1950 ιι
3661 1911 3698 1952 c

2119 2002 2336 2048 accuset
2363 2008 2392 2046 a
2421 1993 2573 2048 nobis
2599 1993 2665 2048 ad
2697 1993 2953 2061 liquidum
2981 1993 3200 2046 minime
3225 1993 3688 2059 comprehensum,

2121 2084 2261 2156 quod
2309 2085 2618 2152 proﬁtemur
2668 2088 3006 2138 immensum.
3059 2082 3171 2136 lloc
3218 2083 3529 2136 Aristoteles
3565 2097 3690 2136 acer

2123 2176 2338 2246 ingenio
2366 2175 2385 2246 (
2409 2185 2466 2229 ut
2503 2171 2776 2243 arbitror)
2807 2174 3102 2238 aunulntus,
3132 2182 3564 2243 argumentorum
3593 2187 3695 2226 sa:-

2123 2267 2383 2322 cnlarium
2427 2267 2542 2321 loca
2591 2265 2816 2320 mirabili
2857 2264 3152 2320 subtilitate
3187 2263 3437 2333 collegit;
3479 2271 3538 2317 ut
3566 2262 3702 2317 sicut

2126 2358 2404 2416 universus
2433 2372 2610 2413 Sermo
2641 2357 2829 2412 litteris
2849 2396 2864 2423 ,
2893 2355 2962 2410 ita
2989 2365 3044 2411 et
3069 2356 3158 2411 illa
3185 2355 3558 2424 complexione
3587 2368 3706 2408 om-

2129 2451 2211 2506 nis
2233 2450 2534 2506 bumanitas
2563 2451 2764 2520 prolata
2791 2447 2937 2520 [mss.
2960 2427 3026 2502 A‘.
3046 2489 3060 2513 ,
3085 2447 3176 2516 B.,
3201 2447 3292 2511 F..
3318 2447 3563 2521 probata]
3580 2464 3705 2504 sen-

2130 2544 2292 2598 tentia
2323 2543 2678 2602 clauderetur.
2713 2541 2844 2596 Hinc
2871 2540 3136 2596 dialictici
3166 2541 3552 2610 disputationes
3579 2555 3706 2596 suas

2127 2635 2516 2706 compendiosis
2539 2634 2942 2690 collectionibus
2970 2641 3341 2700 arctaverunt;
3375 2634 3504 2690 binc
3525 2643 3709 2690 orato-

2128 2741 2216 2786 rcs
2259 2727 2402 2781 velut
2430 2727 2670 2797 qnmdam
2703 2725 2920 2782 ﬁumina
2951 2733 3335 2791 cucurrerunt,
3359 2723 3496 2780 .binc
3536 2734 3708 2793 poeta:

2129 2821 2340 2876 decoris
2365 2820 2584 2874 floribus
2601 2819 2938 2884 ambiuntur;
2971 2817 3092 2872 hinc
3119 2817 3353 2888 satyrici,
3388 2816 3512 2872 hinc
3542 2817 3712 2872 histo-

2129 2913 2259 2980 rici,
2295 2912 2418 2968 hinc
2461 2913 2653 2968 comici
2694 2912 2984 2983 tragiciqne
3009 2913 3158 2967 ditati
3190 2920 3345 2977 sunt,
3393 2921 3449 2966 ut
3477 2927 3614 2980 pene
3640 2911 3710 2965 ab

2131 3002 2362 3058 humana
2391 3003 2568 3073 lingua
2594 3003 2838 3058 videatur
2857 3011 3135 3071 exceptum
3158 3045 3172 3071 ,
3197 3001 3339 3073 quod
3366 3001 3437 3056 ab
3465 3001 3568 3056 bac
3595 3000 3714 3057 fue-

461 3094 639 3150 ximus
666 3095 857 3148 dicitur
885 3093 1172 3163 propitius,
1201 3094 1364 3147 iratus
1386 3107 1512 3147 vero
1539 3095 1872 3164 longinquus.
1898 3095 2028 3150 Nam
2060 3083 2106 3146 C
2139 3095 2208 3148 rit
2235 3093 2604 3162 complexione
2644 3092 2895 3149 divisum.
2923 3092 3057 3147 Huic
3082 3091 3245 3164 5.90
3272 3093 3351 3146 rei
3382 3091 3586 3160 Tepica
3614 3106 3714 3148 no-

462 3187 742 3256 przcsentia
775 3184 888 3254 ejus
917 3199 1128 3253 semper
1157 3193 1211 3238 et
1237 3183 1430 3252 ubique
1458 3193 1570 3253 est,
1605 3190 1744 3240 sicut
1773 3197 1826 3240 et
1855 3187 1908 3241 in
1937 3204 2032 3242 stt-

461 3275 666 3346 periuri
705 3276 910 3345 psalmo
957 3275 1156 3330 dictum
1199 3284 1302 3329 est.
1347 3274 1410 3330 Si
1445 3277 1799 3332 ascendero-in
1826 3277 2031 3345 celum,

461 3377 518 3418 tu
565 3364 671 3418 illic
715 3381 802 3430 es;
848 3365 894 3418 si
933 3364 1238 3418 descendere
1276 3365 1330 3419 in
1367 3366 1654 3436 infernum,
1694 3367 1815 3420 ades
1843 3365 2034 3438 (Psal.

461 3473 728 3522 cxxxvm,
760 3458 858 3526 8),
886 3465 988 3512 etc.
1027 3457 1132 3514 Sed
1163 3458 1409 3528 quoniam
1437 3467 1493 3513 et
1523 3459 1596 3512 illi
1629 3459 1910 3524 invocant,
1945 3457 2036 3528 qui

462 3564 558 3604 sua
583 3550 803 3618 cupiunt
831 3549 864 3603 tl
899 3548 1093 3604 sideria
1124 3565 1255 3604 vana
1281 3549 1558 3619 compleri,
1583 3549 1820 3603 additum
1847 3557 1948 3613 est,
1980 3549 2036 3602 in

463 3645 695 3708 veritate,
723 3643 861 3711 quod
889 3658 1074 3698 omnes
1104 3644 1498 3712 superﬁuitates
1525 3643 1835 3698 excluderet
1867 3661 1881 3698 :
1913 3643 2035 3712 quia

464 3731 615 3788 solus
645 3734 901 3787 veraciter
947 3734 1186 3798 invocat,
1220 3735 1460 3803 quisquis
1507 3732 1574 3786 ab
1614 3749 1678 3787 eo
1722 3734 1884 3801 petit,
1917 3749 2036 3803 quze

463 3821 580 3892 ipse
610 3825 776 3894 magis
808 3825 1119 3893 postulanda
1152 3825 1446 3878 constituit.
1479 3823 1681 3880 [lex-era
1723 3825 1864 3878 enim
1898 3826 2036 3878 hunc

462 3913 714 3977 exaudit,
737 3914 820 3968 cui
848 3914 1140 3982 probantur
1165 3911 1437 3980 profutura
1461 3911 1698 3968 concedi.
1729 3914 1856 3968 Nam
1879 3914 2038 3983 quale

455 4003 898 4060 estnimietatcm
952 4019 1162 4070 precum
1207 4003 1442 4072 exigere,
1495 4004 1632 4073 quod
1675 4003 2034 4072 importunum

455 4091 741 4168 petitorem
778 4095 1033 4162 paeniteat
1061 4094 1367 4162 accepisse?
1396 4095 1534 4150 sicut
1563 4095 1690 4148 ﬁliis
1719 4094 1878 4150 Israel
1909 4109 2038 4150 con-

461 4181 612 4252 tigit,
642 4185 852 4253 quando
883 4199 1058 4253 regem
1106 4185 1207 4238 sibi
1247 4185 1360 4239 dari
1401 4200 1549 4240 more
1575 4177 1812 4255 gentium
1847 4193 2032 4254 postu—

461 4271 636 4328 larunt
663 4277 680 4344 (
706 4273 735 4327 1
769 4273 896 4344 Reg.
930 4289 1038 4328 vut.
1071 4276 1170 4342 5).

535 4363 688 4419 Vers.
728 4367 820 4420 20.
862 4367 974 4418 Sis.
1005 4364 1234 4420 Custodit
1276 4365 1526 4420 Dominus
1562 4383 1733 4420 omnes
1763 4368 2031 4439 diligentes

2136 3199 2256 3239 men
2279 3185 2548 3253 imposuit.
2573 3184 2770 3253 Topica
2793 3197 2921 3238 vero
2937 3192 3061 3238 sunt
3076 3193 3510 3254 argumentorum
3528 3183 3706 3250 sedes,

2134 3293 2198 3332 ex
2223 3277 2413 3345 quibus
2435 3275 2500 3330 ad
2525 3275 2822 3330 laciendam
2845 3274 3004 3330 ﬁdem
3025 3275 3170 3330 velut
3190 3275 3470 3330 elementis
3491 3275 3712 3345 quibus-

2135 3368 2256 3426 dam
2287 3366 2568 3424 conﬁcitur
2596 3366 2820 3421 intentio
2859 3365 3192 3421 disserentis.
3235 3365 3390 3432 Quod
3419 3366 3600 3436 legere
3625 3375 3710 3420 at-

2134 3473 2239 3527 que
2266 3468 2494 3513 tractare
2519 3456 2706 3527 religio
2732 3457 2872 3511 nulla
2901 3456 3252 3522 condemnat,
3279 3456 3535 3527 quoniam
3561 3458 3706 3511 inno-

2137 3553 2222 3614 xie
2256 3548 2560 3616 requiritur,
2593 3548 2848 3619 quidquid
2883 3551 3050 3605 sacris
3081 3549 3270 3605 litteris
3299 3565 3408 3606 non
3453 3551 3704 3621 probatur

2135 3639 2436 3694 adversum.

2665 3729 2936 3786 Conclusio
2975 3733 3178 3802 psalmi.

2207 3823 2520 3879 Audivimus
2547 3825 2600 3878 in
2625 3839 2733 3879 uno
2757 3825 2962 3894 psalmo
2990 3825 3221 3881 breviter
3248 3825 3511 3895 complexa
3529 3863 3545 3890 ,
3575 3838 3694 3894 qua:

2136 3920 2188 3974 in
2222 3917 2511 3988 Scripturis
2541 3918 2740 3972 sanctis
2765 3917 2872 3973 late
2897 3916 3086 3972 diﬁusa
3117 3926 3261 3972 sunt.
3295 3917 3387 3973 Ubi
3415 3916 3552 3972 enim
3586 3931 3694 3971 non

2135 4010 2328 4079 legitur
2363 4018 2456 4064 aut
2481 4021 2646 4077 opera
2683 4009 2884 4076 ipsius,
2915 4017 3008 4063 aut
3049 4009 3320 4077 potentia,
3349 4017 3437 4062 aut
3462 4008 3703 4078 magniﬁ-

2135 4102 2308 4158 centia
2325 4139 2344 4166 ,
2371 4108 2464 4154 aut
2489 4101 2763 4168 sanctitas,
2797 4112 2888 4156 aut
2913 4101 3204 4167 mirabilia,
3233 4111 3326 4156 aut
3356 4101 3528 4154 virtus
3553 4099 3709 4154 terri—

2134 4193 2414 4258 biliorum,
2446 4201 2537 4246 aut
2577 4193 2904 4263 magnitudo,
2931 4203 3026 4247 aut
3050 4192 3402 4258 abundantia,
3429 4201 3523 4246 aut
3543 4193 3702 4262 justi-

2133 4283 2238 4348 tia;
2271 4295 2329 4338 ut
2369 4282 2561 4337 merito
2601 4281 2708 4337 dici
2755 4284 2920 4351 possit
2966 4297 3250 4353 supernum
3301 4283 3583 4348 horreum,
3615 4283 3710 4337 ubi

2135 4372 2257 4427 talis
2285 4371 2508 4428 entheca
2539 4387 2716 4427 rerum
2744 4373 2999 4441 probatur
3027 4387 3148 4429 esse
3174 4373 3499 4428 ctelestinm.
3527 4374 3712 4429 Solent

447 4476 501 4514 se
530 4497 545 4522 .
577 4467 626 4511 et
651 4474 822 4512 omnes
844 4470 1130 4528 peccatores
1158 4459 1440 4526 disperdet.
1470 4459 1586 4512 Jam
1617 4459 1949 4512 concluditur
1975 4459 2029 4514 in
2061 4446 2112 4506 D
2139 4463 2284 4520 enim
2306 4463 2482 4518 omnia
2508 4463 2664 4518 simul
2703 4478 2809 4518 non
2835 4463 2994 4533 poni;
3023 4463 3137 4519 laus
3162 4473 3340 4519 autem
3373 4464 3582 4519 Domini
3611 4468 3628 4532 ί
3653 4475 3712 4519 ιιι

447 4549 721 4604 brevitate
769 4562 891 4612 pars
939 4547 1027 4601 illa
1065 4547 1314 4616 justitizu,
1355 4548 1475 4617 quia
1514 4558 1793 4617 utrumque
1823 4549 1888 4602 ad
1921 4548 2028 4604 Do-

447 4638 590 4692 mini
635 4639 867 4709 pertinet
906 4639 1209 4707 :equitatem
1237 4683 1250 4706 ,
1283 4647 1340 4692 ut
1364 4640 1632 4709 diligentes
1661 4655 1714 4692 se
1736 4641 1992 4695 custodiat
2011 4681 2028 4708 ,

443 4717 492 4782 et
550 4739 834 4798 peceatores
885 4745 979 4798 pro
1018 4745 1202 4785 eorum
1248 4729 1524 4796 iniquitate
1567 4730 1848 4798 disperdat.
1879 4731 2029 4799 Quod

445 4835 508 4888 an
530 4828 636 4874 tem
667 4819 817 4886 dicit,
859 4834 1044 4874 omnes
1076 4829 1380 4888 peccatores
1409 4835 1530 4874 esse
1561 4821 1877 4889 perdendos,
1911 4821 2032 4878 illos

458 4909 720 4980 signiﬁcat
747 4913 836 4981 qui
871 4912 922 4966 in
951 4928 1046 4966 sua
1073 4911 1428 4968 obstinatione
1457 4915 1761 4980 persistunt.
1790 4914 1918 4968 Nam
1940 4915 2028 4984 qui

459 5015 518 5077 se
547 5005 612 5058 ad
641 5005 919 5070 Dominum
961 5023 1094 5080 puro
1137 5008 1298 5061 corde
1343 5017 1676 5072 convertunt,
1723 5015 2034 5076 peccatores

460 5107 580 5147 esse
625 5092 735 5164 jam
783 5096 1063 5162 desinunt,
1118 5097 1255 5151 sicut
1307 5097 1360 5150 in
1417 5097 1524 5150 alio
1579 5097 1781 5164 psalmo
1835 5095 2030 5150 dictum

460 5192 586 5240 est:
627 5182 776 5241 Beati
819 5204 1037 5258 quarunt
1087 5191 1312 5244 remissa:
1348 5198 1465 5244 sunt
1507 5188 1794 5257 iniquitates
1837 5186 2030 5258 (Psal.

461 5289 627 5340 snt,
662 5277 752 5346 ι).

532 5364 684 5421 Vers.
715 5367 805 5420 2|.
835 5366 970 5423 Tw.
1003 5368 1230 5424 Laudem
1259 5368 1463 5422 Domini
1493 5370 1722 5436 loquetur
1749 5387 1804 5425 os
1837 5387 2033 5437 meum;

460 5467 508 5513 et
536 5458 792 5512 benedicat
824 5460 986 5512 omnis
1016 5476 1133 5513 caro
1161 5476 1341 5515 nomen
1379 5471 1610 5515 sanctum
1648 5466 1758 5531 ejus
1798 5463 1849 5516 in
1874 5479 2037 5516 alecu-

462 5553 568 5606 Ium
603 5560 649 5604 et
692 5550 744 5605 in
787 5551 1028 5604 swculam
1073 5553 1266 5608 saeculi.
1301 5553 1568 5622 Expositis
1614 5555 1860 5609 ornuibus
1905 5555 2036 5610 locis

463 5660 576 5714 qum
610 5645 816 5700 laudem
853 5643 1054 5698 Domini
1083 5661 1339 5714 generare
1379 5661 1442 5700 ac
1480 5645 1776 5715 producere
1814 5661 2011 5702 censue

2134 4555 2456 4626 opinamur)
2489 4556 2605 4611 sine
2648 4556 2825 4626 aliquo
2856 4557 3076 4610 istorum
3106 4571 3212 4611 non
3252 4565 3431 4626 potest
3459 4557 3709 4614 inveniri.

2133 4647 2240 4702 Sed
2260 4661 2382 4702 cum
2407 4646 2490 4701 bic
2515 4645 2792 4702 formulam
2817 4646 3093 4703 dominicas
3121 4648 3292 4704 laudis
3311 4649 3598 4718 diligenter
3619 4666 3714 4703 ex-

2135 4740 2425 4809 presserit,
2469 4737 2791 4805 signiﬁcavit
2829 4739 3012 4808 utique
3052 4748 3108 4794 et
3149 4749 3435 4810 sequentes
3477 4741 3716 4807 psalmos

2133 4831 2198 4884 ad
2231 4831 2347 4898 ejus
2385 4831 2502 4886 sine
2543 4829 2706 4884 dubio
2745 4831 3009 4899 praeconia
3051 4835 3340 4900 pertinere,
3371 4832 3564 4902 quibus
3589 4835 3715 4887 talis

2140 4923 2321 4990 regula
2347 4921 2753 4990 complexioque
2777 4922 3048 4992 praemissa
3077 4934 3178 4978 est.
3207 4924 3315 4978 Nec
3343 4933 3497 4990 putes
3525 4924 3720 4978 fortui-

2144 5018 2254 5064 tum
2274 5053 2288 5077 ,
2319 5008 2457 5079 quod
2487 5021 2693 5076 septem
2725 5009 2944 5078 psalmis
2971 5010 3154 5066 laudes
3181 5011 3387 5066 Domini
3427 5015 3718 5067 continen-

2139 5109 2258 5165 tur;
2282 5101 2385 5156 boc
2404 5109 2486 5154 est
2510 5101 2729 5155 forsitan
2753 5100 2893 5169 quod
2908 5103 2968 5156 in
2991 5104 3281 5168 centesimo
3299 5103 3507 5159 decimo
3521 5114 3721 5158 octavo

2139 5195 2343 5264 psalmo
2371 5194 2568 5249 dictum
2610 5205 2741 5250 est:
2788 5195 2988 5267 Septies
3029 5197 3082 5249 in
3111 5197 3193 5250 die
3235 5197 3438 5250 laudent
3477 5197 3588 5252 disi
3624 5198 3720 5250 tibi

2139 5285 2158 5354 (
2183 5283 2332 5340 Psal.
2356 5298 2523 5340 cxvm
2545 5323 2562 5351 ,
2587 5285 2689 5340 164
2710 5288 2752 5354 ).
2783 5285 2898 5356 Ipsa
2923 5287 3140 5342 forsitan
3166 5297 3368 5356 septem
3393 5291 3719 5345 candelabra

2137 5383 2291 5439 sunt,
2323 5375 2461 5430 sicut
2501 5377 2850 5448 Apocalypsis
2879 5376 3080 5446 refert,
3116 5393 3233 5447 quae
3274 5390 3397 5433 ante
3429 5379 3719 5436 Dominum

2137 5465 2317 5520 lucent
2338 5465 2522 5532 (Apoc.
2543 5483 2560 5521 ι
2578 5507 2592 5530 ,
2617 5467 2704 5532 12,
2725 5469 2745 5524 l
2764 5469 2994 5541 l).llpssc
3011 5479 3213 5538 septem
3235 5470 3483 5525 Ecclesiae
3500 5472 3568 5526 ad
3585 5485 3725 5540 quas

2141 5552 2277 5608 liber
2312 5553 2520 5608 Domini
2548 5555 2727 5624 jussus
2758 5567 2840 5611 est
2869 5559 3144 5612 destinari.
3177 5559 3293 5625 Ipse
3321 5559 3553 5626 denique
3597 5561 3726 5629 Spi-

2140 5643 2274 5698 ritus
2302 5644 2657 5714 scptiformis,
2699 5647 2788 5714 qui
2823 5647 2963 5716 ipsas
3003 5647 3184 5703 laudes
3223 5649 3430 5704 cmlcsti
3474 5652 3724 5721 largitate-
