4114 6362
346 295 503 353 ⁷102)
1304 300 1667 360 EXPOSITIO
1702 300 1768 359 IN
1802 298 2258 358 Ρεοιιιτειιιυιι.
2302 298 2491 356 PSAL.
2534 300 2738 358 CXLV.
3492 307 3661 364 1030‘

356 502 507 576 picae
551 505 767 565 dedisse
816 508 971 565 nobis
1026 508 1342 569 Dominum.
1376 507 1518 578 quod
1564 507 1685 577 eius
1721 508 1944 565 auribus

354 596 662 667 cderamns,
703 606 909 653 tantum
939 613 1071 669 pura
1098 598 1431 655 conscientia
1458 599 1779 667 praebeatur.
1810 597 1944 652 Nam

353 691 473 761 quis
507 690 716 747 dubitet
760 701 912 762 grate
953 693 1192 761 suscipi,
1222 692 1366 763 quod
1409 693 1524 762 ipse
1561 692 1662 747 sibi
1705 691 1946 761 praecipit

332 781 659 837 immolari?
687 783 732 838 0
762 783 935 853 pietas
984 784 1246 839 immensa
1294 783 1603 839 Creatoris!
1647 792 1703 839 et
1742 783 1944 838 laudari

352 886 412 928 se
436 870 613 942 jubet,
646 883 699 929 et
744 890 812 929 ne
839 875 1035 930 nostris
1067 875 1444 947 delinquemus
1475 876 1723 946 eloquiis,
1755 892 1945 947 quent-

352 962 640 1019 admodum
680 965 1002 1035 praadicetur
1046 966 1167 1038 [aL
1192 962 1618 1036 ,praacipiturj,
1681 968 1939 1022 ostendit.

352 1056 467 1111 Non
500 1056 641 1127 quod
688 1056 781 1113 ille
815 1058 1010 1114 talibus
1051 1059 1307 1128 indiguit,
1342 1059 1441 1114 sed
1486 1060 1608 1128 quia
1655 1061 1811 1115 nobis
1843 1061 1945 1116 hoc

352 1149 483 1204 uziie
526 1150 693 1206 fuisse
735 1152 1030 1221 prOSpexit.
1065 1152 1259 1207 Totum
1288 1153 1453 1220 dixit,
1488 1163 1657 1208 totum
1703 1153 1940 1220 monuit,

342 1242 423 1297 'ne
453 1240 682 1296 velimus
712 1256 914 1300 errare.
949 1245 1029 1299 Ad
1061 1255 1389 1315 postremum
1420 1253 1473 1300 et
1500 1247 1667 1315 ipsam
1698 1256 1942 1302 naturam

354 1333 708 1390 humanitatis
726 1376 742 1401 ,
766 1351 834 1392 ne
856 1336 1062 1406 fragilis
1089 1339 1325 1407 periret,
1351 1338 1663 1407 assumpsit.
1691 1337 1793 1393 Sed
1817 1353 1947 1394 con-

355 1426 688 1494 sideremus,
717 1430 763 1483 si
786 1429 875 1500 qui
897 1441 1005 1486 tam
1029 1430 1265 1501 ingentia
1288 1431 1427 1487 dona
1448 1432 1792 1501 suscipimus,
1821 1446 1947 1502 pec-

355 1538 481 1581 care
513 1532 673 1580 tantm
688 1527 890 1595 gratia:
920 1525 1234 1582 debeamus.

871 1618 1188 1676 PSALMUS
1225 1616 1430 1675 CXLV.

1032 1709 1277 1765 Alleluia.

335 414 626 473 "concessit
655 414 673 481 (
696 416 830 472 Isai.
863 430 916 471 si
937 457 954 483 ,
983 414 1021 470 2
1043 414 1084 487 ).
1114 414 1452 486 Quapropter
1498 414 1825 472 exsultemus
1853 427 1945 470 co-
1969 420 2025 477 Α
2051 426 2174 467 mur
2198 411 2328 482 quid
2358 413 2459 466 sibi
2490 413 2621 467 velit
2644 415 2750 469 ista
2784 413 3053 481 repetitio.
3088 414 3238 470 Prius
3268 416 3492 486 imperat
3521 422 3639 475 ani-

2047 517 2150 558 mae
2172 516 2287 557 suae
2307 502 2528 559 laudare
2554 504 2835 561 Dominum
2852 545 2868 569 ,
2892 521 3034 561 nunc
3058 508 3409 576 acquiesceus
3435 511 3635 579 duplici

2048 610 2112 653 se
2138 595 2400 663 promittit
2427 595 2615 652 ordine
2645 597 3006 653 laudaturum.
3040 598 3282 655 Laudare
3310 600 3363 654 in
3393 602 3500 656 vita
3527 610 3649 672 est,

2049 687 2105 743 in
2144 690 2234 746 illa
2267 694 2568 750 mternitace
2595 694 2823 751 Domino
2851 697 3132 764 conﬁteri,
3164 714 3284 769 qua:
3313 703 3489 757 verius
3529 704 3636 759 vita

2049 780 2269 848 dicitur,
2300 785 2554 853 quoniam
2585 786 2729 841 nulla
2759 802 3009 843 curarum
3042 804 3289 859 pressura
3318 794 3637 850 conteritur.

2055 869 2180 926 Ideo
2226 876 2367 928 enim
2409 877 2631 932 laudabo
2659 877 2836 944 dixit,
2866 890 2925 934 ut
2956 880 3190 937 futurum
3221 892 3428 953 tempus
3459 899 3641 942 osten-

2047 960 2219 1027 deret,
2250 966 2464 1034 quanvlo
2492 968 2696 1035 angelis
2722 969 2990 1040 jusrisque
3022 972 3328 1028 hominibus
3370 990 3489 1032 sors
3534 978 3635 1034 ista

2045 1057 2346 1110 communis
2371 1067 2473 1111 est.
2509 1058 2584 1113 De
2612 1058 2713 1114 ista
2744 1076 2872 1115 vero
2900 1067 3149 1132 ptmsenti
3175 1068 3279 1120 vita
3311 1068 3529 1137 psallam
3555 1070 3635 1125 di-

2045 1146 2207 1211 citur,
2238 1149 2376 1215 quod
2424 1149 2491 1204 ad
2537 1151 2706 1207 bonas
2748 1168 2939 1221 cperas
2967 1158 2984 1218 (
3012 1157 3151 1211 sicut
3181 1172 3325 1226 saepe
3354 1160 3585 1215 diximus
3616 1161 3637 1232 )

2046 1240 2387 1294 manilestum
2409 1253 2492 1297 est
2523 1244 2812 1313 pertinere.
2845 1246 2936 1301 Sic
2961 1263 3094 1318 ergo
3121 1250 3488 1321 accipiendum
3517 1263 3641 1321 est,

2047 1337 2108 1383 ut
2132 1329 2243 1386 illic
2271 1343 2552 1402 perpetue,
2580 1336 2666 1391 hic
2687 1339 2944 1407 psallatur
2969 1343 3202 1398 assidue.
3227 1344 3358 1399 Nam
3383 1355 3434 1399 et
3461 1346 3634 1415 ipsum

2046 1422 2274 1489 quandiu
2312 1440 2398 1478 ero
2430 1426 2571 1481 istud
2610 1431 2864 1483 saeculum
2908 1432 3203 1501 signiﬁcat,
3234 1437 3357 1506 quia
3397 1437 3634 1493 futurum

2047 1521 2196 1579 erat,
2224 1515 2440 1585 quando
2468 1516 2555 1572 hic
2581 1532 2702 1575 esse
2731 1536 2836 1574 non
2870 1533 3096 1589 poterat.
3612 1528 3615 1533 ⁴

2046 1640 2061 1647 λ.
2122 1602 2279 1660 Vers.
2320 1606 2376 1660 5.
2418 1606 2601 1663 Nolite
2638 1612 2895 1679 conﬁdere
2936 1614 2988 1666 in
3021 1617 3366 1684 primipibus,
3398 1636 3557 1690 neque
3580 1620 3636 1674 in

2049 1693 2176 1763 filiis
2219 1699 2484 1754 hominum
2522 1702 2575 1755 in
2612 1704 2794 1772 quibus
2822 1722 2919 1757 non
2950 1716 3024 1759 est
3053 1708 3213 1760 salus.
3246 1710 3488 1766 Caelestis
3517 1702 3633 1767 me;

434 1800 573 1858 Ecce
601 1803 791 1858 iterum
816 1803 1034 1859 auribus
1054 1802 1257 1858 nostris
1279 1801 1493 1857 insonat
1511 1799 1744 1857 ccelestis
1765 1807 1944 1855 aucto-

2052 1788 2205 1845 dicus
2233 1790 2464 1847 humana
2496 1804 2716 1863 pectora
2743 1798 2890 1866 prius
2919 1802 3139 1853 mundat
3172 1803 3431 1867 pestiferis
3458 1806 3631 1873 curis,

358 1892 524 1960 ritas,
570 1894 851 1964 pulsatque
890 1894 1121 1949 Alleluia
1165 1894 1355 1963 jauuas
1397 1893 1611 1959 cordis,
1659 1906 1728 1948 ne
1764 1893 1946 1948 vacuis

360 1995 523 2055 atque
560 1986 809 2042 inanibus
838 1987 1253 2058 cogitationibus
1284 2000 1614 2056 occupentur
1646 2001 1660 2039 :
1691 1985 1944 2055 quoniam

356 2079 590 2134 otiosum
645 2087 855 2149 tempus
898 2080 1097 2135 habere
1126 2094 1231 2135 non
1271 2080 1429 2139 decet
1465 2079 1694 2135 militem
1724 2078 1943 2135 Christi.

355 2168 529 2225 Habet
570 2169 713 2224 enim
743 2181 797 2225 et
835 2171 1015 2241 lingua
1044 2171 1250 2225 fructus
1278 2185 1436 2235 suos;
1465 2170 1734 2226 uberrima
1773 2168 1945 2240 siqui—

359 2258 484 2315 dem
512 2260 705 2316 messis
732 2260 857 2317 inde
882 2260 1172 2331 colligitur,
1202 2260 1249 2314 si
1280 2260 1333 2314 in
1366 2259 1550 2316 laudes
1575 2258 1785 2314 Domini
1813 2273 1940 2327 pura

355 2360 536 2409 mente
565 2362 863 2409 moveatur.
896 2351 1189 2423 Spirituale
1219 2350 1521 2406 membrum
1567 2359 1679 2415 est,
1716 2366 1835 2404 cum
1869 2351 1946 2404 la-

354 2442 591 2500 mulatur
615 2443 853 2510 auctori;
885 2443 1058 2511 ipsam
1081 2456 1293 2514 quoque
1313 2442 1547 2496 animam
1571 2442 1943 2508 commendat,

356 2537 483 2591 dum
508 2537 794 2593 veritatem
824 2536 1078 2607 loquitur.
1107 2535 1445 2606 Quapmpter
1471 2535 1835 2604 compleamus
1855 2551 1948 2590 ae-

355 2643 471 2684 rem
499 2628 822 2685 dulcissimis
844 2628 1028 2696 sonis;
1053 2644 1178 2684 nam
1204 2628 1407 2684 musica
1435 2628 1533 2682 ista
1563 2628 1812 2682 salutaris
1840 2643 1945 2682 non

356 2718 525 2774 solum
557 2720 862 2774 mortalium
894 2720 1191 2789 permulcet
1230 2719 1472 2775 auditum
1492 2757 1508 2785 ,
1542 2718 1638 2774 sed
1677 2719 1836 2773 etiam
1867 2719 1948 2771 in-

359 2804 626 2864 tellectum
658 2810 887 2865 delectat
916 2811 1237 2880 angelicum.

937 2900 1131 2955 Divisio
1154 2900 1356 2972 psalmi.

426 2990 662 3060 Cupiens
712 2990 973 3063 propheta
1024 2992 1212 3047 laudes
1261 2990 1473 3045 Domini
1520 3004 1587 3045 ex
1630 2999 1739 3043 toto
1782 2987 1947 3044 corde

356 3081 561 3136 cantari
585 3082 688 3157 [ed.
710 3124 728 3151 ,
756 3081 994 3155 cantare]
1014 3123 1030 3151 ,
1060 3083 1232 3154 primo
1259 3082 1505 3152 ingressu
1536 3081 1660 3134 dicit
1692 3079 1746 3134 in
1776 3079 1945 3133 homi-

2050 1892 2110 1936 ut
2159 1883 2413 1941 salutaria
2469 1888 2705 1944 remedia
2759 1901 3126 1960 competenter
3178 1893 3440 1948 infundat.
3498 1896 3637 1952 Dicit

2049 1972 2224 2041 enim,
2278 1990 2379 2030 nec
2421 1977 2475 2032 in
2524 1977 2880 2045 daemonibus,
2924 1997 3023 2035 nec
3070 1982 3120 2036 in
3174 1984 3477 2040 hominibus
3515 2001 3636 2042 esse

2048 2067 2511 2135 prmsumendum,
2566 2070 2659 2139 qui
2724 2072 2950 2126 salutem
3010 2072 3141 2128 dare
3205 2089 3310 2128 non
3374 2085 3630 2144 possunt,

2047 2172 2205 2226 quam
2223 2160 2346 2229 jure
2368 2164 2583 2230 proprio
2605 2162 2827 2218 minime
2850 2164 3124 2233 possidere
3147 2176 3460 2220 noscuntur.
3488 2165 3635 2219 Prin-

2044 2247 2184 2318 cipes
2224 2249 2332 2314 hic,
2383 2253 2694 2319 Spirituules
2734 2254 2994 2323 nequitias
3035 2254 3293 2311 debemus
3331 2257 3629 2323 advertere,

2048 2336 2115 2390 de
2147 2340 2339 2406 quibus
2369 2342 2500 2395 dicit
2525 2344 2815 2410 Apostolus
2848 2363 2861 2397 :
2895 2346 3029 2409 Quia
3058 2364 3159 2400 non
3190 2356 3265 2401 est
3293 2348 3434 2401 nobis
3463 2336 3632 2403 εοΙιιιὲ

2048 2430 2201 2481 ctatia
2225 2430 2465 2485 adversus
2488 2449 2690 2486 carnem
2714 2444 2758 2486 et
2779 2437 3098 2505 sanguinem,
3120 2437 3208 2490 sed
3228 2436 3469 2491 adversus
3492 2440 3635 2509 prin;

2047 2520 2183 2589 cipes
2214 2531 2259 2574 et
2288 2533 2558 2589 potestates
2590 2524 2905 2580 tenebrarum
2932 2525 3153 2599 Itarum(
3179 2526 3368 2596 Ephes.
3397 2544 3468 2593 vt,
3502 2529 3566 2583 ιθ
3590 2534 3632 2599 ).

2050 2608 2220 2666 Filios
2249 2617 2509 2669 Itamirum
2541 2619 2803 2687 signiﬁcat
2838 2620 2953 2674 sine
2984 2620 3314 2675 dubitatione
3343 2624 3635 2689 mortales,

2048 2703 2136 2768 qui
2161 2705 2392 2759 Salutem
2418 2706 2546 2761 dare
2573 2724 2677 2762 non
2705 2722 2947 2777 possunt,
2972 2712 3094 2780 quia
3122 2712 3296 2767 debita
3321 2722 3494 2769 morte
3515 2728 3638 2770 suc-

2048 2795 2327 2849 cumbunt.
2362 2797 2521 2853 Solus
2548 2807 2630 2854 est
2658 2804 2799 2854 enim
2834 2802 3000 2855 Filius
3029 2803 3283 2869 hominis,
3317 2804 3367 2858 id
3397 2814 3479 2859 est
3509 2808 3637 2859 san;

2047 2894 2146 2940 ctu:
2195 2886 2460 2957 Virginis,
2504 2890 2593 2959 qui
2642 2893 2784 2945 tribu
2822 2901 2840 2945 t
2885 2894 3143 2957 salutem,
3174 2895 3423 2962 quoniam
3465 2896 3637 2965 ipsum

2049 2986 2265 3031 constat
2294 2980 2509 3035 humani
2540 2982 2752 3051 generis
2778 2984 3008 3038 existere
3037 2984 3384 3039 Salvatorem.

2124 3067 2273 3122 Vcrs.
2319 3069 2373 3123 4.
2416 3069 2565 3126 Exiet
2605 3073 2815 3141 spiritus
2845 3075 2957 3143 ejus
2987 3083 3032 3127 et
3060 3083 3337 3128 revertetur
3365 3076 3415 3128 in
3449 3086 3639 3130 terram

357 3170 516 3227 nibus
555 3155 777 3230 ηῇῖηίιηθ
822 3171 1197 3228 conﬁdendum
1221 3212 1236 3236 ,
1276 3186 1345 3227 ne
1374 3170 1574 3241 aliquid
1605 3169 1673 3225 ab
1702 3183 1766 3223 eo
1799 3178 1946 3236 pete-
1971 3155 2019 3218 C
2052 3175 2199 3211 suam
2231 3175 2250 3213 :
2281 3160 2334 3213 in
2375 3160 2468 3215 illa
2509 3163 2588 3216 die
2617 3165 2849 3233 peribunt
2878 3180 3052 3218 omnes
3081 3166 3410 3234 cogitationes
3440 3182 3647 3221 eorum.

355 3270 505 3319 retur
552 3264 762 3336 tepide,
802 3263 849 3321 si
895 3275 950 3320 et
979 3266 1113 3319 alius
1139 3264 1451 3320 crederetur
1480 3276 1635 3332 posse
1664 3270 1940 3331 prtestare.

358 3351 606 3411 Secundo
637 3356 945 3425 pronuntiat
978 3365 1139 3409 lOlam
1171 3369 1322 3424 spem
1353 3354 1408 3408 in
1437 3352 1809 3422 omnipotente
1841 3350 1944 3405 Do-

358 3448 507 3503 mino
534 3450 934 3519 reponendum;
979 3457 1032 3503 et
1060 3463 1182 3503 cum
1223 3448 1294 3503 sit
1324 3449 1423 3501 iste
1455 3446 1739 3510 Dominus,
1771 3459 1839 3499 ex
1869 3443 1948 3497 fa-

356 3526 459 3594 ctis
488 3540 601 3595 suis
627 3539 987 3610 pulcherrime
1009 3540 1301 3605 delinitur;
1329 3548 1385 3593 ut
1413 3538 1679 3608 gentilitas
1706 3548 1811 3590 tam
1844 3534 1947 3591 l're-

357 3628 541 3700 quenti
570 3632 777 3686 ratione
800 3633 1066 3697 convicta,
1097 3646 1311 3687 errores
1338 3644 1465 3684 suos
1496 3631 1637 3685 tideli
1662 3628 1947 3684 devotioite

356 3720 715 3794 derelinquat.

900 3814 1179 3886 Expositio
1211 3815 1415 3886 psalmi.

430 3910 590 3967 Vers.
631 3911 684 3966 1.
718 3908 931 3973 Lauda,
963 3910 1136 3964 anima
1165 3927 1308 3975 mea,
1341 3909 1635 3962 Dominum.
1668 3906 1745 3961 Ne
1776 3915 1946 3961 terre-

361 4003 448 4058 nis
492 4000 772 4057 desideriis
813 4002 1060 4056 voluntas
1105 4004 1276 4055 otiosa
1320 4007 1565 4062 vacaret,
1594 4007 1649 4051 et
1694 3997 1747 4049 in
1791 3994 1950 4048 fatuis

364 4095 463 4165 (ut
491 4090 732 4163 assolet)
764 4092 907 4147 curis
944 4092 1147 4165 mentis
1187 4100 1541 4159 occuparetur
1582 4086 1828 4152 intentio,
1859 4086 1951 4139 dat

363 4160 461 4238 sibi
509 4160 768 4254 propheta
813 4160 1027 4236 salubre
1071 4182 1384 4244 consilium,
1426 4179 1566 4232 unde
1618 4166 1951 4246 generalitati

363 4273 505 4345 [ητις.
530 4278 613 4341 A.,
643 4272 729 4342 B.,
759 4270 853 4341 F.,
875 4270 1182 4344 gentilitati]
1206 4282 1425 4326 noverat
1452 4268 1861 4333 consulendum,
1892 4278 1953 4322 ut

364 4366 544 4420 anima
574 4365 814 4420 laudaret
845 4364 1126 4420 Dominum
1146 4408 1160 4434 ,
1192 4378 1296 4418 non
1322 4376 1485 4417 sonus
1510 4358 1948 4428 concrepantium

364 4456 648 4511 labiorum.
681 4457 834 4526 Stepe
862 4459 1005 4511 enim
1038 4456 1114 4510 sic
1141 4455 1391 4512 meditata
1422 4452 1746 4522 proferimus
1772 4462 1827 4504 ut
1858 4466 1951 4519 pe-

2024 3250 2209 3335 7491
2254 3251 2483 3307 Causam
2532 3254 2705 3308 reddit
2750 3269 2845 3309 cur
2874 3254 3070 3311 dixerit
3112 3256 3165 3310 in
3196 3257 3502 3311 hominibus
3534 3271 3638 3312 non

2050 3357 2169 3405 esse
2197 3346 2647 3413 praesumendum.
2686 3346 2779 3400 llic
2807 3347 3051 3415 spiritum
3075 3386 3090 3411 ,
3122 3348 3353 3401 animam
3383 3347 3640 3403 debemus

2050 3437 2314 3505 accipere,
2345 3438 2484 3492 sicut
2504 3438 2580 3492 ait
2601 3438 2651 3491 in
2678 3436 2971 3507 Evangelio
2993 3453 3012 3492 :
3041 3436 3220 3503 Pater,
3247 3439 3297 3491 in
3323 3455 3505 3492 ntanus
3528 3450 3642 3494 tuas

2050 3529 2345 3582 commendo
2374 3527 2614 3598 spiritum
2640 3544 2807 3581 meum
2837 3529 2855 3599 (
2879 3527 3007 3583 Luc.
3035 3544 3173 3582 xxm
3197 3569 3211 3593 ,
3240 3528 3312 3584 40
3335 3528 3374 3598 ).
3411 3530 3639 3599 Egressa

2052 3619 2234 3690 itaque
2261 3620 2437 3673 anima
2468 3620 2537 3674 de
2567 3620 2800 3674 claustro
2828 3620 3067 3689 corporis
3097 3621 3211 3684 sui,
3244 3622 3292 3673 in
3329 3635 3522 3675 terram
3553 3639 3643 3677 re-

2053 3722 2195 3765 meat
2218 3726 2344 3765 caro
2371 3710 2633 3776 deﬂuens,
2665 3710 2804 3766 unde
2832 3719 3062 3780 snmpstt
3082 3712 3316 3765 initium.
3349 3712 3468 3766 Ideo
3495 3715 3639 3767 enim

2052 3802 2278 3863 addidit,
2298 3818 2461 3867 suam,
2484 3813 2537 3856 ut
2568 3795 2895 3871 signiﬁcaret
2925 3804 3047 3857 inde
3077 3802 3242 3857 fuisse
3274 3816 3639 3872 procreatam,

2052 3895 2189 3947 sient
2216 3893 2409 3963 legitur
2442 3895 2493 3946 in
2524 3892 2723 3947 Genesi
2758 3911 2769 3945 :
2805 3891 2949 3945 Fecit
2978 3892 3119 3946 Deus
3149 3894 3399 3945 hominem
3427 3895 3489 3945 de
3518 3896 3659 3947 limo‘

2053 3984 2400 4057 terra:(Gen.
2442 4000 2516 4050 ιι,
2549 3983 2647 4054 Ἰ).
2699 3984 2883 4038 Mortis
2929 3984 3091 4054 igitur
3139 3993 3377 4050 tempore
3421 3994 3645 4052 pereunt

2054 4078 2300 4132 humanae
2334 4078 2716 4144 cogitationes,
2765 4090 2885 4144 qua:
2932 4090 2992 4129 se
3040 4074 3093 4128 in
3141 4075 3378 4128 diversos
3409 4076 3643 4133 ambitus

2056 4185 2270 4239 semper
2299 4170 2593 4224 extendunt
2628 4186 2641 4221 :
2674 4169 2834 4223 modo
2864 4169 3293 4237 possessionibus
3322 4169 3600 4224 studentes
3622 4213 3639 4237 ,

2057 4261 2216 4317 modo
2247 4262 2459 4316 divitias
2489 4268 2908 4330 congregantes,
2955 4259 3114 4313 modo
3161 4260 3396 4315 honores
3427 4276 3645 4330 magno-

2060 4368 2184 4422 pere
2209 4351 2592 4422 perquirendo.
2614 4352 2717 4406 Sed
2744 4351 2857 4405 hac
2877 4352 3056 4404 omnia
3081 4350 3414 4420 diapcreunt,
3432 4352 3645 4421 quando

2058 4434 2240 4501 earum
2264 4458 2444 4499 rerum
2468 4454 2591 4499 vcta
2617 4443 2976 4510 frusfrantur;
3001 4444 3137 4497 sicut
3156 4442 3373 4498 divitem
3399 4445 3450 4497 in
3477 4444 3648 4497 Evan-

366 4552 575 4621 regrina
619 4522 939 4621 cogitatione
971 4550 1214 4605 translati
1237 4590 1252 4615 ,
1284 4564 1390 4601 non
1424 4562 1520 4600 nos
1546 4546 1841 4600 sentiamus
1870 4543 1952 4598 di-
1982 4536 2029 4594 D
2056 4537 2196 4607 gelio
2219 4536 2444 4607 legimus
2472 4536 2803 4603 increpatum
2835 4552 2847 4587 :
2876 4522 3066 4597 Stulte.
3096 4536 3193 4585 hac
3219 4544 3363 4588 nocte
3384 4536 3647 4605 auferetur

370 4642 511 4696 xisse
535 4656 653 4711 qua:
678 4643 965 4709 loquimur.
996 4642 1088 4695 Est
1112 4641 1256 4695 enim
1285 4643 1453 4693 virtus
1476 4638 1666 4691 anima:
1689 4635 1951 4706 spirituali

367 4734 547 4803 vigore
579 4734 869 4801 ﬂammata,
899 4750 993 4803 per
1021 4734 1233 4788 diversa
1258 4731 1590 4793 discurrens,
1617 4744 1733 4796 qua:
1762 4740 1953 4781 causas

367 4828 665 4881 cmlestium
711 4827 824 4881 sive
874 4826 1206 4881 terrestrium
1258 4834 1625 4878 creaturarum
1668 4818 1965 4893 iudagabili

368 4918 576 4971 ratione
622 4916 911 4985 perquirit,
964 4916 1122 4969 modo
1168 4928 1227 4968 se
1267 4914 1514 4982 superis,
1560 4910 1720 4965 modo
1770 4911 1967 4987 inferis

368 5010 618 5065 miscens.
650 5008 758 5065 Sed
806 5008 903 5062 ista
945 5006 1394 5077 quemadmodum
1424 5019 1482 5059 se
1514 5004 1763 5068 habeant,
1797 5011 1953 5072 prout

368 5102 627 5158 Dominus
656 5103 858 5157 donare
903 5099 1150 5170 dignatus
1188 5106 1298 5163 est,
1339 5099 1393 5151 in
1425 5096 1560 5151 libro
1588 5097 1830 5159 Anima},
1862 5094 1952 5164 qui

369 5193 425 5248 in
456 5192 734 5247 V'ariarum
764 5204 929 5260 apere
959 5189 1147 5244 tertius
1178 5188 1419 5243 decimus
1446 5187 1768 5254 continetur,
1797 5201 1826 5237 a
1857 5200 1955 5239 no-

371 5284 455 5339 bis
506 5284 664 5339 latius
722 5283 968 5337 videntur
1020 5280 1288 5351 exposita.
1336 5279 1670 5346 Quapropter
1719 5278 1952 5331 animam

371 5390 525 5431 suam
572 5375 851 5431 Psalmista
900 5375 1144 5429 hortatur
1174 5370 1389 5424 laudare
1421 5369 1702 5423 Dominum
1728 5408 1743 5434 ,
1778 5379 1831 5420 ut
1861 5383 1954 5422 ex—

375 5468 541 5535 plosis
567 5466 980 5539 cogitationibus
1006 5465 1370 5534 supervacuis,
1398 5462 1451 5517 in
1489 5460 1608 5532 ipso
1634 5470 1837 5516 tantum
1863 5474 1959 5517 ne-

374 5558 520 5629 gotio
549 5560 674 5614 totis
700 5558 901 5614 viribus
932 5564 1243 5628 occupetur.

446 5648 602 5707 Vera.
643 5652 696 5703 2.
738 5649 983 5704 Laudabo
1031 5648 1301 5702 Dominum
1340 5645 1395 5701 in
1421 5646 1526 5699 vita
1563 5660 1706 5710 mea,
1738 5643 1957 5712 psallant

380 5740 487 5805 Deo
512 5758 623 5801 meo
645 5744 869 5814 quandiu
900 5759 983 5799 ero
1012 5740 1166 5815 [mss.
1193 5740 1286 5810 A.,
1313 5740 1397 5809 8.,
1424 5737 1511 5807 F.,
1542 5734 1727 5809 [uero].
1755 5735 1959 5791 lntuea-

2060 4640 2169 4683 ate
2210 4629 2382 4682 anima
2412 4636 2546 4681 tua:
2590 4641 2702 4696 qua:
2748 4634 2919 4678 autem
2963 4622 3265 4691 pra'parasti
3307 4623 3458 4693 cujus
3501 4632 3647 4679 erunt

2063 4721 2233 4793 (Luc.
2267 4736 2342 4777 xu
2363 4761 2377 4785 ,
2408 4719 2476 4774 ΞΟ
2505 4718 2558 4789 )?

2136 4813 2289 4871 Vers.
2330 4809 2385 4864 5.
2426 4809 2615 4862 Beatus
2662 4808 2813 4877 cujus
2860 4804 2997 4859 Deus
3043 4804 3204 4859 Iacob
3248 4805 3456 4875 adjutor
3499 4807 3643 4877 ejus,

2063 4921 2175 4979 spes
2202 4908 2311 4976 ejus
2338 4902 2391 4956 in
2420 4900 2642 4954 Domino
2674 4897 2785 4951 Deo
2815 4898 2997 4967 ipsius.
3031 4897 3280 4966 Explosis
3306 4895 3476 4952 noxiis
3501 4898 3648 4968 cogi-

2067 4995 2377 5060 tatiouibus,
2408 4992 2601 5063 quibus
2645 4990 2937 5045 humanum
2964 5004 3132 5058 genus
3160 4996 3410 5057 tanquam
3441 4990 3648 5060 gravis-

2063 5088 2216 5143 simis
2247 5085 2447 5141 morbis
2492 5084 2748 5150 inficitur,
2776 5080 3034 5150 prepbeta
3065 5080 3133 5134 ad
3173 5078 3471 5136 secundum
3504 5082 3649 5137 venit

2060 5160 2384 5249 ingressum,
2408 5178 2459 5229 in
2485 5190 2591 5243 quo
2614 5184 2862 5241 tanquam
2882 5172 3113 5226 salutare
3133 5173 3378 5240 poculum
3400 5173 3649 5228 humanis
3674 5198 3677 5205 ν

2062 5270 2327 5339 mentibus
2353 5264 2574 5336 porrigit
2599 5263 2944 5319 ebibendum.
2970 5263 3085 5319 Non
3114 5266 3257 5319 enim
3284 5273 3486 5318 tantum
3519 5280 3647 5334 pro-

2060 5362 2095 5416 h
2119 5361 2236 5417 buit
2263 5359 2477 5415 inutiles
2499 5356 2961 5427 praesumptiones,
2990 5355 3084 5410 sed
3108 5358 3268 5413 etiam
3292 5370 3410 5425 quae
3433 5356 3646 5411 fuerant

2064 5436 2363 5523 appetenda
2391 5448 2731 5519 praemonuit.
2763 5445 2903 5501 Dicit
2923 5446 3065 5501 enim
3093 5446 3160 5501 de
3178 5446 3294 5525 ipsa
3322 5446 3645 5515 cogitatione

2066 5548 2181 5603 ﬁeri
2226 5546 2476 5609 beatum,
2506 5539 2599 5612 qui
2646 5549 2828 5610 sperat
2878 5542 2930 5595 in
2981 5540 3284 5597 Dominum.
3329 5536 3490 5592 Iacob
3521 5552 3647 5592 vero

2069 5634 2422 5710 patriarcbam
2454 5633 2573 5687 ideo
2612 5645 2756 5701 saepe
2798 5629 3031 5686 diximus
3058 5633 3217 5701 poni,
3248 5630 3495 5700 quoniam
3530 5636 3648 5695 post

2067 5734 2211 5789 illam
2241 5727 2414 5799 angeli
2437 5727 2631 5782 luctam
2661 5725 2862 5796 primus
2887 5726 2999 5795 ipse
3024 5724 3323 5794 appellatus
3351 5732 3429 5777 est
3460 5720 3643 5784 lsrael,
