4078 6342
414 254 553 312 4031

1628 246 1699 302 Ii.
1743 243 2028 304 AURELII
2064 240 2473 302 CASSIODOR‘I

3574 234 3717 293 1053

416 366 471 424 ld
501 376 587 424 est
628 367 717 423 vir
743 366 933 422 videns
961 365 1148 421 Deum.
1191 359 1349 429 Quod
1374 356 1695 416 vocabulum
1732 358 1799 412 ad
1826 370 2015 412 omnes
2042 358 2095 417 Α
2123 350 2378 425 propheta
2411 369 2425 408 :
2460 350 2596 406 Ecce
2622 350 2893 405 intraduca
2920 353 3106 422 famem
3155 346 3310 420 super
3351 357 3583 417 terram;
3613 367 3719 403 non

414 457 620 515 electas
643 466 1012 529 competenter
1036 464 1271 526 aptatur.
1303 452 1533 523 Adjutar
1557 450 1701 507 enim
1732 450 1856 506 ideo
1878 447 2018 519 posi-

419 557 530 606 tum
552 559 674 617 est,
707 559 766 605 ut
793 563 891 604 nos
918 548 985 603 ad
1016 548 1187 603 bonos
1213 544 1362 601 nisus
1388 542 1622 598 nominis
1665 540 1833 611 ipsius
1857 537 2018 593 intel-

421 640 641 710 ligentia
680 640 996 695 concitaret.
1031 638 1141 694 illis
1181 638 1324 693 enim
1366 635 1579 704 adjutor
1622 640 1738 702 est,
1768 630 1861 702 qui
1902 631 2020 700 ipso

423 731 660 788 donante
678 732 929 784 virtutum
940 728 1143 799 gradus
1161 724 1454 783 ascendere
1469 723 1622 780 bonis
1637 720 2021 779 intentionibus

423 824 716 877 enituntur.
743 819 1020 890 Sequitur,
1050 834 1167 887 spes
1194 819 1305 889 ejus
1338 819 1397 871 in
1433 813 1657 869 Domina
1694 813 1807 867 Dea
1836 812 2020 884 ipsius,

422 913 508 969 Ad
533 914 866 982 superiorem
902 911 1225 968 sententiam
1274 910 1511 981 pertinet
1539 908 1637 961 ista
1668 907 1973 977 prosecutia
2003 921 2018 960 :

425 1004 548 1074 quia
569 1002 764 1059 Beatus
786 1013 870 1059 est
891 1007 1044 1075 cujus
1070 1019 1186 1073 spes
1211 1016 1332 1058 esse
1352 999 1691 1071 cognoscitur
1716 998 1771 1052 in
1800 998 2023 1051 Domino

430 1094 544 1148 Dea
566 1108 687 1149 suo.
716 1094 954 1150 Dicenda
980 1097 1153 1167 enim,
1179 1108 1315 1164 spes,
1342 1090 1653 1161 patientiam
1679 1088 2021 1159 praesentium

430 1188 733 1259 signilicat,
783 1198 838 1244 et
885 1188 1149 1243 desideria
1200 1188 1524 1243 futurorum.
1568 1184 1702 1240 Nam
1748 1182 2027 1254 quodlibet

434 1281 581 1337 istud
602 1281 656 1336 in
680 1280 785 1336 bac
805 1280 1005 1336 mundo
1025 1279 1360 1336 Christianus
1382 1268 1635 1350 patiatur,
1660 1288 1878 1334 aeterna:
1899 1277 2025 1332 bea-

432 1374 680 1430 titudinis
707 1374 1034 1445 cogitatione
1060 1374 1324 1429 reﬁcitur.
1354 1372 1462 1429 Sed
1492 1372 1744 1443 quoniam
1775 1383 1895 1426 esse
1924 1383 2024 1440 po-

2118 448 2309 517 famem
2336 444 2505 516 panis,
2538 459 2701 511 neque
2724 443 2864 497 sitim
2900 458 3081 511 aqua,
3112 441 3202 497 sed
3237 442 3428 513 famem
3466 440 3722 498 audiendi

2117 535 2323 589 uerbum
2356 535 2451 588 Dei
2481 535 2674 604 (Amas
2699 549 2829 603 vm,
2861 533 2923 587 ll
2957 531 2999 603 ).
3027 531 3301 603 Subjecit.
3331 530 3590 587 Dominus
3617 547 3725 585 πμ.

2119 628 2193 698 git
2222 628 2397 680 elisos.
2431 624 2543 681 Nec
2574 626 2676 681 hoc
2713 640 2928 696 quoque
2966 625 3188 680 dubium
3229 632 3349 691 est,
3380 625 3504 695 quia
3550 621 3726 678 elisos

2120 721 2293 791 erigat
2321 737 2336 774 :
2368 734 2489 774 nam
2514 735 2636 775 cum
2654 719 2903 775 diabolus
2931 718 3124 786 elidat,
3154 718 3415 773 Dominus
3440 716 3710 772 subierat.

2123 810 2179 864 In
2210 811 2326 881 ipsa
2360 825 2489 881 ergo
2517 810 2767 881 ponenda
2796 818 2880 871 est
2909 824 3058 880 spes,
3092 809 3182 881 qui
3211 826 3317 865 non
3347 809 3585 876 elidere,
3618 809 3714 867 scd

2121 901 2333 970 erigere
2361 901 2659 957 consuevit.

2200 992 2355 1047 Vers.
2383 993 2438 1047 7.
2473 992 2726 1046 Dominus
2756 993 2905 1047 solvit
2931 993 3272 1064 compeditos,
3305 990 3563 1049 Dominus
3591 993 3720 1049 illu-

2124 1085 2288 1140 minat
2316 1101 2499 1140 necas.
2526 1083 2777 1140 Dominus
2805 1085 2976 1157 diligit
2990 1088 3185 1159 justas,
3214 1083 3467 1142 Dominus
3491 1087 3720 1141 custodit

2125 1178 2394 1232 advenam.
2426 1177 2480 1231 In
2506 1177 2607 1232 hac
2627 1186 2683 1233 el
2707 1180 2950 1247 sequenti
2980 1192 3135 1232 versu
3164 1177 3252 1231 ille
3282 1176 3429 1231 locus
3449 1179 3719 1248 aptandus

2124 1276 2208 1323 est
2234 1286 2246 1322 :
2272 1267 2577 1323 Memoriam
2602 1269 2932 1323 abundantiae
2954 1268 3221 1323 suavitatis
3246 1270 3374 1339 ejus.
3401 1269 3536 1338 Quid
3563 1270 3716 1327 enim

2125 1358 2342 1415 suavius
2367 1373 2527 1428 quam
2559 1367 2618 1413 ut
2647 1356 3032 1414 misericordiae
3070 1357 3189 1428 ejus
3234 1359 3369 1414 tacta
3409 1375 3717 1416 memoren-

435 1475 575 1522 terat
601 1475 659 1522 et
682 1467 980 1522 cultoribus
1000 1466 1306 1521 daemonum
1328 1480 1456 1536 spes
1478 1466 1530 1519 in
1556 1465 1660 1520 deo
1688 1478 1806 1532 suo,
1836 1463 2022 1532 singu-

2141 1463 2235 1519 tur,
2268 1459 2326 1507 ut
2351 1452 2496 1507 dicat
2531 1468 2543 1504 :
2587 1450 2841 1505 Dominus
2882 1450 3034 1505 solvit
3071 1451 3418 1521 compeditos,
3460 1450 3721 1509 Dominus

430 1556 499 1613 ηε
525 1557 797 1627 variisque
837 1556 1197 1613 οοωωοιειωε
1235 1571 1332 1627 ρει-
1370 1571 1532 1612 “nam
1571 1555 1806 1624 speciem
1837 1554 2029 1610 deﬁni-
2125 1545 2384 1598 illuminat
2409 1559 2596 1608 ctecas,
2627 1540 2883 1597 Dominus
2912 1541 3083 1613 diligit
3102 1543 3297 1613 justas,
3341 1540 3592 1599 Dominus
3631 1559 3725 1599 cu-

433 1649 599 1705 tionis
642 1664 810 1720 usque
848 1649 916 1703 ad
966 1649 1126 1704 tinem
1175 1649 1367 1719 psalmi
1419 1649 1701 1704 Dominum
1749 1648 2022 1704 Christum

2141 1636 2285 1690 stadit
2310 1636 2586 1699 advenam;
2618 1635 2951 1705 pupillum‘et
2981 1634 3186 1687 viduam
3210 1635 3482 1705 suscipiet,
3507 1646 3557 1690 et
3584 1637 3722 1691 ciam

434 1740 684 1812 designat
702 1709 802 1809 ’.ίη
830 1756 937 1811 quo
965 1741 1156 1796 debeat
1175 1709 1308 1811 ἔρρε
1333 1753 1454 1797 esse
1479 1740 1740 1796 ﬁdelium,
2057 1709 2103 1771 Β
2129 1737 2453 1798 peccatorum
2494 1726 2890 1783 exterminabit.’
2928 1727 3103 1783 Solvit
3153 1728 3339 1798 utique
3385 1729 3723 1799 compeditos

510 1831 662 1886 Vers.
711 1831 765 1885 6.
811 1830 910 1898 Qui
937 1832 1056 1900 fecit
1074 1833 1266 1886 caelum
1289 1842 1338 1887 et
1366 1842 1583 1903 terram,
1615 1846 1757 1886 mare
1785 1841 1831 1885 ει
1856 1829 2030 1884 omnia
2131 1820 2392 1876 Dominus
2418 1820 2689 1887 Christus,
2720 1822 2861 1876 sicut
2900 1819 2954 1875 in
3002 1819 3295 1893 Evangelia
3341 1820 3541 1877 dictum
3589 1833 3719 1881 est:

434 1939 553 1995 qua:
596 1924 650 1977 in
678 1923 749 1978 eis
779 1934 919 1979 sunt.
952 1924 1054 1990 Qui
1091 1927 1312 1980 custodit
1352 1927 1613 1982 veritatem
1649 1914 1703 1981 in
1747 1926 2025 1994 siccatum,

2141 1909 2321 1965 Nonne
2351 1910 2617 1982 oportebat
2644 1910 2780 1966 hanc
2807 1911 2973 1982 filiam
3009 1910 3257 1977 Abrahtc,
3285 1929 3438 1983 quam
3475 1913 3725 1985 alligare-

430 2016 556 2085 facit
573 2015 830 2085 judicium
853 2017 1096 2086 injuriam
1122 2017 1464 2086 patientibus,
1487 2019 1575 2072 dat
1599 2034 1767 2074 escam
1795 2017 2028 2071 esurien-

2141 2009 2213 2055 rat
2244 2001 2471 2058 Satanas
2493 2005 2666 2058 decem
2693 2013 2741 2059 et
2764 2013 2878 2058 acta
2903 2004 3053 2059 armis
3070 2003 3199 2059 solvi
3221 2004 3285 2059 ab
3310 2005 3600 2074 inﬁrmitate
3619 2021 3718 2060 sua

433 2105 590 2159 tibus.
624 2104 877 2161 Dominus
903 2109 1053 2180 erigit
1087 2110 1260 2163 elisos.
1310 2109 1551 2164 Diximus
1581 2111 1633 2163 in
1666 2109 1874 2181 psalmo
1898 2124 2028 2164 cen-

439 2196 634 2253 tesimo
663 2202 1075 2270 quadragesimo
1101 2213 1293 2272 quarta
1324 2202 1496 2272 posita
1519 2218 1643 2258 esse
1672 2203 1791 2257 loca
1818 2218 1885 2257 ex
1911 2203 2030 2274 qui-

438 2289 541 2345 bus
568 2289 684 2345 laus
712 2290 980 2347 dominica
1020 2294 1361 2361 lormaretur,
1396 2309 1539 2350 nunc
1568 2295 1755 2350 eadem
1787 2309 1818 2350 c
1858 2309 2029 2351 mnte-

440 2381 702 2451 marauda
732 2382 865 2438 locis
890 2383 1181 2453 aptissimis
1208 2384 1558 2442 mstimamus.
1592 2387 1682 2440 Ait
1709 2384 1851 2439 enim
1882 2399 1897 2439 :
1933 2385 2032 2453 Qui

436 2474 560 2545 fecit
599 2474 783 2529 cretum
810 2484 860 2529 et
884 2486 1105 2544 terram,
1136 2492 1278 2531 mare
1301 2486 1349 2530 et
1378 2479 1551 2530 omnia
1575 2491 1692 2545 qua:
1712 2476 1766 2529 in
1791 2476 1863 2529 eis
1882 2485 2032 2545 sunt;

443 2567 586 2637 quod
618 2571 686 2622 ah
715 2569 967 2638 operibus
996 2569 1113 2639 ejus
1144 2570 1351 2625 laudem
1383 2570 1649 2641 prodiisse
1676 2585 1781 2625 non
1811 2568 2031 2625 dubium

442 2669 550 2715 est.
577 2659 712 2727 Quid
738 2664 880 2715 enim
902 2662 1187 2731 gloriosius
1205 2705 1219 2731 ,
1249 2663 1448 2732 quidve
1477 2671 1654 2733 potest
1678 2674 1798 2717 esse
1828 2663 2034 2732 magni-

443 2750 715 2818 ﬁcentius,
744 2767 900 2818 quam
932 2755 1114 2807 caelum
1140 2762 1187 2808 et
1215 2763 1405 2807 terram
1429 2753 1628 2824 fecisse,
1657 2762 1706 2808 et
1728 2752 1899 2806 omnia
1921 2766 2036 2821 qua:

437 2841 493 2897 in
514 2842 585 2896 eis
614 2844 775 2897 sunt?
799 2842 930 2898 illud
963 2852 1225 2913 praeterea
1254 2845 1396 2915 quod
1425 2844 1589 2912 dicit,
1624 2845 1749 2912 facit
1768 2842 2036 2915 judicium

439 2934 688 3004 injuriam
711 2936 1049 3005 patientibus,
1079 2934 1166 2989 dat
1196 2952 1361 2991 escam
1384 2936 1756 3003 esurientibus,
1788 2935 1854 2991 ad
1877 2932 2035 3006 justi-

445 3027 572 3077 tiam
604 3024 721 3093 ejus
751 3025 1091 3080 manilestum
1123 3035 1206 3081 est
1234 3027 1526 3095 pertinere,
1558 3026 1772 3097 quando
1812 3030 2030 3097 :equita-

2132 2095 2308 2168 (an.
2349 2111 2481 2166 xm,
2522 2097 2673 2168 t6)?
2710 2096 2815 2153 Sed
2858 2096 2960 2152 hoc
3002 2111 3109 2153 non
3137 2095 3311 2152 solum
3342 2097 3411 2153 de
3436 2097 3717 2156 vexatione

2131 2184 2394 2242 immundi
2436 2188 2660 2257 spiritus
2690 2195 2865 2258 potest
2896 2187 3120 2260 intelligi
3139 2227 3154 2253 ,
3183 2186 3280 2243 sed
3309 2191 3470 2244 etiam
3500 2189 3568 2243 de
3604 2203 3723 2245 om-

2132 2280 2293 2334 nibus
2321 2279 2493 2347 vitiis,
2522 2279 2718 2351 quibus
2740 2294 2894 2337 mens
2921 2288 3105 2335 nostra
3130 2280 3283 2351 quasi
3308 2279 3624 2351 quibusdam
3647 2280 3726 2338 fu-

2132 2373 2289 2429 nibus
2320 2373 2573 2443 illigatur.
2603 2373 2736 2427 Nam
2768 2373 2907 2428 sicut
2932 2371 3061 2441 ligat
3094 2370 3340 2428 diabolus
3379 2372 3471 2443 qui
3500 2383 3725 2442 peccata

2132 2464 2433 2529 connectit,
2466 2463 2537 2518 ita
2566 2463 2729 2519 solvit
2751 2462 2995 2519 Christus
3019 2462 3110 2533 qui
3133 2460 3327 2519 delicta
3352 2460 3600 2520 dimittit.
3627 2462 3727 2521 Se—

2131 2556 2336 2625 quitur,
2369 2553 2623 2609 Dominus
2650 2554 2912 2609 illuminat
2940 2568 3125 2610 cacas.
3154 2552 3357 2612 Omnes
3385 2554 3569 2611 vitiosi
3595 2558 3727 2615 caui

2132 2658 2292 2715 sunt,
2334 2649 2458 2721 quia
2506 2660 2849 2721 peccatorum
2896 2650 3313 2708 obscuritatibus
3360 2651 3728 2723 implicantur.

2135 2739 2244 2796 Sed
2296 2741 2430 2797 istos
2477 2742 2568 2798 ille
2614 2742 2761 2799 solus
2791 2743 3057 2800 illuminat
3083 2745 3171 2817 qui
3208 2745 3262 2801 in
3290 2745 3578 2818 Evangelia
3616 2746 3731 2805 luto

2135 2830 2278 2887 facta
2309 2833 2561 2901 perunxit
2589 2834 2777 2891 oculos
2807 2832 3008 2906 (Joan.
3039 2849 3116 2906 ιι,
3146 2833 3239 2908 6),
3270 2845 3325 2891 et
3373 2837 3730 2895 contenebra-

2137 2934 2250 2981 tum
2277 2925 2548 2983 hominem
2576 2926 2643 2983 ad
2663 2927 2918 2999 gaudium
2941 2928 3192 3001 perlecta:
3216 2930 3460 2988 sanitatis
3482 2929 3727 2988 adduxit.

2139 3015 2216 3071 De
2244 3032 2352 3086 quo
2381 3017 2541 3072 etiam
2572 3017 2774 3074 dictum
2801 3026 2885 3075 est
2915 3034 2932 3076 :
2967 3018 3072 3088 Qui
3106 3017 3369 3075 illuminat
3408 3037 3610 3077 onum
3636 3023 3733 3078 lto-

440 3123 550 3170 tetn
576 3080 728 3170 suam
753 3115 1058 3171 hominibus
1082 3080 1322 3190 [nisa-0.
1348 3080 1403 3173 et
1423 3080 1531 3184 ed.,
1554 3080 1850 3190 dmnibus],
1878 3080 2035 3188 prout
2059 3080 2107 3144 Ο
2141 3080 2326 3163 minim
2352 3110 2628 3164 υεηίεηῑεηι
2654 3109 2708 3163 θη
2737 3110 2871 3164 hunc
2898 3080 3144 3165 "mimum
3170 3111 3376 3182 (ποκ’
3403 3125 3461 3181 ιο
3488 3112 3522 3169 9
3542 3112 3585 3184 )ο
3615 3112 3732 3169 Ad‘

440 3207 587 3272 vult,
616 3207 804 3277 judicii
832 3210 915 3263 sui
944 3209 1088 3264 dono
1115 3209 1386 3264 concedit.
1436 3208 1681 3265 Secunda
1730 3220 1907 3264 autem
1952 3218 2036 3264 est
2138 3201 2275 3257 didit
2300 3216 2534 3273 quoque,
2580 3201 2835 3257 Dominus
2863 3202 3036 3277 diligit
3057 3205 3248 3276 justas.
3278 3204 3443 3275 Cujus
3474 3214 3561 3262 est
3584 3206 3731 3264 enim

443 3295 545 3351 ista
576 3297 787 3366 species
814 3298 1147 3354 deﬁnitionis
1174 3312 1296 3363 uua:
1321 3299 1510 3355 Graece
1533 3299 1729 3354 dicitur
1748 3314 2036 3355 ennoema-

2141 3292 2313 3364 iustos
2336 3292 2583 3362 diligere,
2608 3292 2710 3349 nisi
2733 3293 2824 3364 qui
2847 3307 2941 3350 eos
2962 3296 3218 3366 praevalet
3242 3293 3297 3350 in
3320 3304 3582 3353 aeternam
3606 3297 3734 3353 bea-

444 3384 573 3454 tice,
622 3385 812 3442 Latine
853 3389 1004 3443 notio
1035 3396 1392 3458 nuncupatur.
1438 3388 1552 3443 Non
1582 3389 1725 3445 enim
1755 3388 1882 3444 dicit
1907 3390 2036 3445 sub-

443 3475 769 3531 stantialiter
811 3475 938 3546 quid
981 3476 1056 3532 sit
1088 3477 1245 3543 Deus,
1292 3476 1386 3533 sed
1436 3476 1565 3548 quid
1612 3489 1764 3549 agat,
1796 3480 1880 3534 Vel
1909 3479 2035 3551 quid

445 3566 641 3635 egerit.
674 3571 839 3623 Actus
882 3567 1025 3623 enim
1072 3569 1191 3637 ejus
1231 3584 1295 3623 ex
1337 3580 1486 3639 parte
1523 3568 1701 3640 aliqua
1726 3610 1743 3638 ,
1776 3580 2035 3640 quantum

447 3664 628 3711 ωηιξη
677 3657 792 3726 ipse
835 3658 1115 3727 conced.t,
1150 3667 1325 3727 potest
1363 3659 1552 3714 notitia
1584 3670 1766 3715 nostra
1794 3675 2040 3731 compre-

447 3748 706 3816 hendere,
735 3749 1088 3806 substantiam
1117 3767 1243 3807 vero
1273 3755 1439 3823 ipsius
1469 3769 1573 3810 non
1604 3757 1859 3825 praevalet
1891 3758 2040 3811 inda-

445 3857 595 3912 gare.
632 3844 769 3899 Dicit
792 3845 934 3901 enim
969 3849 1194 3916 primum
1228 3864 1240 3900 :
1274 3849 1373 3916 Qui
1394 3849 1512 3919 fecit
1539 3849 1721 3904 caelum
1752 3861 1799 3904 et
1831 3864 2037 3907 terram.

449 3937 568 4006 Ipsa
588 3948 670 3991 est
692 3939 745 3992 in
767 3953 873 4007 quo
893 3954 1046 4008 spem
1068 3954 1217 3995 suam
1241 3941 1471 3998 debeant
1497 3957 1697 4013 ponere
1725 3944 2038 4001 Chrisdani.

447 4029 555 4086 Sed
587 4031 712 4085 licet
738 4033 861 4088 cceli
895 4040 951 4088 et
981 4046 1136 4090 terra:
1160 4035 1518 4105 appellatione
1544 4044 1734 4092 cuncta
1762 4039 2040 4093 concluse-

450 4125 553 4192 rit,
604 4125 806 4180 addidit
858 4135 1071 4195 tamen,
1119 4127 1181 4181 Et
1228 4129 1398 4183 omnia
1429 4146 1542 4199 quae
1570 4131 1623 4184 in
1665 4130 1738 4185 eis
1778 4141 1942 4186 sunt:
1976 4148 2043 4188 ne

448 4231 605 4287 quem
636 4219 800 4272 alium
832 4230 1047 4287 putares
1074 4221 1155 4275 vel
1203 4221 1681 4276 minutissimarum
1716 4238 1893 4278 rerum
1927 4227 2042 4279 exi-

449 4319 594 4364 stere
624 4309 961 4366 Creatorem.
997 4311 1267 4381 Sequitur,
1309 4316 1395 4385 qui
1433 4314 1654 4369 custodit
1694 4318 1952 4371 veritatem
1993 4318 2046 4372 in

449 4400 715 4454 siccatum.
741 4399 858 4470 Ipse
879 4410 961 4456 est
980 4402 1183 4458 scilicet
1205 4404 1461 4461 Dominus
1482 4405 1731 4463 Christus
1751 4412 1839 4477 qui
1868 4409 2003 4464 dixit
2027 4428 2038 4463 :

451 4490 566 4564 Ego
595 4508 707 4547 sum
736 4494 847 4559 ria,
876 4496 1094 4561 ueritas,
1127 4504 1173 4550 et
1202 4499 1304 4551 vita
1330 4496 1526 4567 (Joan.
1558 4516 1665 4568 xxv,
1700 4501 1788 4573 6).
1818 4500 2048 4558 Necesse

437 4593 520 4638 est
574 4586 715 4638 enim
762 4595 820 4639 ut
865 4585 956 4641 ille
1004 4587 1250 4656 loquatur
1292 4590 1569 4644 veritatem
1601 4593 1652 4645 in
1696 4594 1917 4661 saeculo,
1958 4595 2047 4666 qui

438 4673 545 4730 cmi
563 4676 691 4730 estis
717 4677 916 4731 veritas
939 4677 1285 4746 approbatur.
1320 4681 1393 4735 De
1420 4681 1725 4739 hominibus
1747 4695 1926 4740 autem
1954 4687 2046 4757 qui

442 4767 543 4823 sub
585 4778 806 4837 peccato
847 4778 1003 4834 sunt,
1034 4769 1233 4825 dictum
1266 4782 1347 4825 est
1381 4789 1393 4824 :
1429 4773 1609 4828 Omnis
1649 4775 1801 4829 homo
1826 4778 2051 4833 mendax

436 4860 451 4923 (
495 4857 643 4912 Psal.
693 4875 816 4928 cxv,
868 4860 928 4914 ll
958 4859 998 4931 ).
1033 4860 1276 4930 Adjccit,
1330 4862 1454 4931 facit
1496 4866 1751 4931 judicium
1796 4869 2045 4939 injurixtm

452 4951 781 5020 patientibus.
813 4951 1059 5007 Christus
1089 4962 1174 5007 est
1226 4967 1386 5007 verus
1427 4955 1593 5024 juilex
1641 4965 1694 5010 et
1723 4958 2047 5025 gubernator

454 5050 712 5109 mternus,
741 5044 831 5113 qui
871 5044 1098 5099 alllictos
1129 5052 1346 5115 propter
1375 5061 1569 5102 nomen
1600 5060 1753 5102 suum
1785 5049 2051 5117 vindicat,

452 5145 510 5192 et
533 5136 821 5192 miseretur
850 5136 1104 5194 innoxiis.
1138 5140 1240 5210 ipsi
1268 5139 1466 5209 quippe
1496 5151 1621 5194 sunt
1648 5141 1736 5209 qui
1769 5139 2016 5209 injuriam
2035 5181 2050 5207 ,

454 5227 511 5283 id
548 5238 632 5283 est
676 5228 992 5299 injustitiam
1024 5232 1321 5300 patiuntur,
1350 5231 1564 5301 quando
1595 5231 1871 5287 veritatem
1905 5249 2043 5302 pra:-

454 5320 729 5387 dicantes,
776 5322 949 5392 pomis
992 5323 1401 5379 vehementibus
1449 5323 1779 5393 afﬂiguntur.
1838 5325 2053 5393 intulit,

458 5413 560 5467 Dat
586 5428 754 5467 escam
782 5415 1141 5469 esurienttbus.
1170 5415 1289 5485 Ipse
1318 5415 1460 5471 enim
1490 5416 1580 5471 dat
1608 5430 1786 5471 escam
1811 5418 2054 5472 esurien-

458 5504 620 5571 tibus,
651 5507 741 5575 qui
768 5505 993 5561 Creator
1022 5514 1107 5561 est
1136 5508 1343 5563 mundi.
1377 5507 1482 5565 Sed
1512 5516 1728 5580 oportet
1769 5524 1869 5564 nos
1897 5522 2053 5565 escas

455 5598 762 5669 spirituales
792 5609 1068 5670 expetere,
1102 5618 1170 5659 ne
1198 5606 1339 5659 sicut
1377 5603 1545 5661 ludmi
1591 5607 1925 5661 saturitatem
1966 5618 2055 5658 so-

458 5689 570 5747 lum
600 5691 829 5767 ventris-
850 5692 1176 5749 delectemur
1218 5695 1486 5766 accipere.
1537 5696 1671 5755 Dicit
1710 5697 1855 5755 enim
1886 5696 2052 5753 Amos

2139 3385 2427 3442 titudinem
2456 3387 2761 3443 collocare?
2791 3385 2923 3442 Nam
2950 3388 3088 3443 sicut
3113 3388 3358 3444 diabolus
3387 3388 3603 3445 allectat
3631 3391 3732 3445 im-

2141 3480 2279 3549 pios,
2303 3479 2375 3534 ita
2399 3477 2657 3534 Dominus
2684 3480 2852 3553 diligit
2869 3482 3055 3552 justas.
3081 3480 3321 3552 Subjecit
3342 3480 3529 3551 etiam,
3555 3481 3735 3537 Dami-

2140 3586 2238 3624 rtus
2282 3570 2504 3625 custodit
2548 3570 2833 3637 advenam,
2866 3571 2920 3626 id
2946 3580 3030 3628 est
3068 3572 3159 3644 qui
3184 3571 3251 3628 de
3290 3570 3579 3644 Babylonia
3606 3572 3738 3629 civi-

2144 3672 2251 3719 tate
2280 3662 2480 3720 diaboli
2502 3661 2569 3718 ad
2589 3661 2889 3719 Jerusalem
2910 3662 3180 3719 civitatem
3208 3664 3420 3721 Domini
3443 3665 3738 3720 Salvatoris

2142 3758 2439 3813 allienerit.
2499 3757 2651 3813 Hunc
2700 3758 2954 3823 custodit,
3007 3757 3052 3813 si
3107 3768 3291 3814 tamen
3336 3756 3393 3813 in
3438 3758 3732 3814 electorum

2142 3850 2305 3923 492
2336 3850 2664 3906 habitatione
2695 3849 3087 3919 permanserit,
3117 3849 3260 3905 sicut
3289 3847 3338 3905 in
3374 3847 3477 3906 alio
3516 3848 3732 3920 psalmo

2142 3945 2343 4000 dicitur
2375 3958 2389 3997 :
2423 3941 2607 3996 incola
2634 3956 2727 4013 ego
2755 3956 2871 3995 sum
2898 3942 3039 4011 apud
3072 3953 3121 3996 te
3150 3942 3205 3997 in
3234 3955 3396 4009 terra,
3425 3951 3472 3997 et
3501 3942 3740 4014 peregri-

2144 4053 2241 4092 nus
2265 4038 2396 4092 sicut
2425 4053 2597 4111 apmes
2623 4046 2793 4108 patres
2818 4037 2919 4092 mei
2945 4036 3132 4109 (Psal.
3162 4053 3404 4107 xxxvttt,
3433 4037 3551 4109 i3).

2222 4127 2376 4183 Vers.
2419 4127 2472 4183 8.
2506 4126 2775 4198 Pupillum
2801 4138 2847 4182 et
2875 4128 3083 4181 viduam
3103 4128 3374 4199 suscipiet,
3396 4136 3448 4183 et
3467 4129 3601 4182 uiam
3625 4144 3745 4199 pec-

2147 4229 2380 4275 catorum
2423 4219 2804 4273 exterminabit.
2854 4219 3094 4289 Pupillus
3138 4227 3195 4274 et
3240 4218 3399 4276 vidua
3449 4228 3611 4286 sunt,
3651 4219 3743 4290 qui

2151 4311 2435 4367 Dominum
2485 4323 2616 4381 pura
2656 4318 2839 4366 mente
2885 4310 3210 4379 respiciunt,
3245 4309 3496 4367 humanis
3539 4311 3747 4367 solatiis

2153 4403 2425 4468 destituti;
2462 4401 2559 4455 hos
2591 4401 2785 4471 recipit
2812 4400 3057 4457 Christus
3086 4415 3186 4457 suo
3228 4401 3528 4457 munimine
3574 4401 3749 4457 vindi-

2152 4496 2375 4553 candos.
2404 4494 2511 4572 Sed
2537 4510 2657 4551 cum
2685 4495 2817 4550 istas
2843 4510 2938 4565 pro
2964 4509 3059 4549 sua
3088 4495 3289 4566 pietate
3317 4494 3607 4566 receperit,
3634 4495 3752 4550 dia-

2155 4590 2360 4653 bolum,
2387 4588 2474 4656 qui
2502 4596 2585 4641 cst
2604 4588 2684 4641 via
2712 4597 3067 4658 peccatorum,
3100 4586 3489 4654 extenuinabit,
3527 4586 3584 4642 id
3610 4595 3693 4642 est
3715 4603 3750 4642 ι

2153 4684 2384 4736 termino
2430 4680 2579 4749 regni
2625 4681 2705 4734 sui
2749 4679 2937 4735 reddet
2978 4678 3246 4745 alienum,
3279 4677 3422 4748 quod
3463 4674 3753 4749 unicuique

2153 4772 2441 4843 impiorum
2473 4772 2523 4825 in
2557 4771 2643 4825 illa
2669 4779 2850 4825 sancta
2874 4770 3202 4841 judicatiozte
3227 4779 3511 4826 venturum
3534 4778 3638 4826 est.
3662 4769 3754 4825 Sic

2153 4866 2270 4920 istis
2302 4869 2484 4920 decem
2515 4864 2799 4919 sententiis
2833 4863 3260 4933 pra-conialibus,
3294 4866 3345 4919 iu
3376 4880 3484 4934 quo
3515 4864 3752 4919 Domino

2156 4961 2349 5015 debeat
2378 4974 2501 5028 spes
2530 4974 2651 5014 esse
2679 4959 2910 5012 lidelium
2933 4998 2947 5022 .
2976 4956 3311 5012 abundanter
3338 4964 3620 5012 ostensum
3647 4964 3754 5011 est.

2159 5053 2227 5107 Et
2252 5068 2316 5107 nc
2344 5051 2565 5107 forsitan
2599 5057 2751 5119 putes
2778 5064 2900 5104 esse
2938 5048 3303 5113 contrarium,
3334 5045 3474 5117 quod
3507 5046 3560 5101 in
3590 5061 3760 5114 supe-

2158 5143 2288 5198 riori
2331 5145 2534 5213 psalmo
2575 5142 2806 5195 uiximus
2848 5153 3040 5194 novem
3089 5139 3205 5193 loca
3248 5136 3537 5192 dominica:
3582 5136 3761 5191 laudis

2160 5233 2417 5303 disposita
2451 5250 2466 5289 :
2497 5248 2637 5287 nunc
2681 5242 2857 5286 autem
2903 5232 2955 5285 in
2988 5229 3271 5298 prmcaniis
3312 5228 3431 5297 ejus
3472 5226 3760 5282 denarium

2161 5327 2423 5383 colentum
2470 5324 2885 5381 memoravimus
2930 5336 3049 5378 csse
3077 5322 3384 5377 decursum.
3413 5319 3570 5375 Scias
3610 5318 3761 5373 aliud

2159 5435 2279 5477 esse
2309 5428 2745 5491 argumentorum
2776 5416 2934 5472 sedes
2956 5456 2971 5481 ,
2999 5414 3145 5485 aliud
3186 5412 3569 5471 deﬁnitionum
3599 5426 3766 5483 regu-

2158 5513 2271 5579 las;
2304 5512 2375 5567 ibi
2406 5511 2548 5567 enim
2590 5510 2799 5581 singula
2844 5521 3069 5580 qmeque
3117 5506 3356 5577 generali
3404 5504 3770 5561 distinctione

2159 5612 2286 5659 sunt
2331 5604 2501 5674 posita
2526 5643 2540 5668 ,
2576 5601 2664 5656 hic
2710 5609 2887 5655 autem
2936 5597 3036 5652 sub
3075 5610 3180 5651 una
3219 5595 3399 5666 specie
3429 5594 3772 5652 deﬁnitionis

2164 5698 2325 5757 variis
2357 5694 2635 5752 sententiis
2661 5693 2788 5765 quid
2821 5690 2893 5747 sit
2922 5689 3180 5746 Dominus
3222 5686 3530 5752 intimatur;
3566 5697 3654 5756 et,
3687 5692 3771 5747 si-
