4114 6362
350 395 494 457 1055

1269 391 1631 451 EXPOSITIO
1670 392 1736 450 ΙΝ
1776 389 2236 452 PSALTERIUM.
2279 391 2476 454 PSAL.
2514 393 2742 454 CXLVI.

3499 403 3642 462 1034

353 523 412 570 ut
455 511 571 568 ﬁeri
611 510 782 579 solet,
813 510 881 568 de
908 525 1016 567 uno
1041 511 1163 566 loco
1189 517 1627 582 argumentorum
1659 510 1779 566 duae
1806 509 1941 564 deli-
1965 508 2019 571 Α
2046 508 2137 566 bui
2163 551 2178 576 ,
2204 518 2264 566 ut
2286 509 2428 581 quod
2458 509 2730 566 laboriose
2747 509 3077 581 peragimus,
3103 489 3199 584 spe
3220 486 3487 586 propositi
3515 531 3640 573 mu-

350 604 584 661 nitiones
609 603 859 673 pluresve
887 604 1127 659 collectae
1153 612 1299 658 sunt.

378 731 382 736 -
424 697 579 751 V'ers.
624 696 677 750 9.
711 695 961 768 Regnabit
990 695 1244 750 Dominus
1263 696 1320 749 in
1348 703 1615 762 aeternum,
1648 694 1782 750 Deus
1804 703 1944 760 tuus,

351 789 513 855 Sion,
544 789 598 842 in
638 787 886 841 steculum
927 787 1127 842 sceculi.
1178 785 1291 842 Iloc
1322 801 1387 842 ex
1419 786 1810 858 magniﬁcentia
1844 786 1946 840 Do-

353 881 484 938 mini
534 879 796 951 probatur
839 879 1084 950 intelligi.
1137 879 1276 948 Quid
1324 881 1470 936 enim
1517 879 1945 950 magniﬁcentius

351 988 514 1046 quam
564 987 790 1044 regnare
834 973 1121 1028 Dominum
1165 973 1296 1029 Sion
1333 974 1384 1028 in
1430 974 1688 1030 saeculum
1730 974 1945 1039 szeculi,

353 1066 507 1136 cujus
538 1067 688 1136 regni
721 1078 827 1120 non
855 1066 962 1120 erit
991 1065 1154 1120 ﬁnis?
1185 1065 1436 1136 Regnabit
1475 1067 1710 1122 futurum
1743 1076 1950 1136 tempus

354 1158 568 1214 videtur
597 1157 910 1226 ostendere,
943 1158 1158 1228 quando
1185 1158 1296 1228 jam
1334 1159 1386 1214 in
1417 1160 1534 1228 ipso
1563 1159 1723 1215 corda
1766 1168 1952 1215 nostra

355 1252 663 1308 ﬁrmissima
694 1252 987 1307 stabilitate
1012 1253 1335 1307 consistunt.
1360 1251 1514 1307 Modo
1537 1253 1678 1308 enim
1704 1254 1758 1307 in
1781 1267 1953 1308 mem-

355 1346 471 1402 bris
500 1346 610 1400 suis
654 1344 965 1414 plenissime
1011 1360 1238 1416 regnare
1287 1360 1391 1400 non
1439 1345 1632 1400 dicitur
1672 1344 1951 1412 Christus,

355 1439 486 1508 quia
527 1436 690 1492 corda
721 1450 908 1492 eorum
940 1438 1208 1494 interdum
1250 1437 1496 1494 inanibus
1535 1438 1954 1510 cogitationibus

356 1536 705 1598 occupantur.
752 1529 859 1585 Sed
907 1542 1028 1585 cum
1074 1529 1176 1584 hoc
1217 1531 1445 1585 mortale
1482 1546 1678 1602 corpus
1719 1531 1955 1587 induerit

357 1619 855 1689 immortalitatem,
907 1628 961 1676 et
1008 1621 1200 1678 noxias
1252 1623 1383 1678 istas
1432 1623 1784 1693 cogitationes
1830 1639 1953 1680 cum

361 1713 544 1770 mundi
576 1713 731 1768 istius
770 1714 1064 1770 amissione
1108 1717 1416 1788 reliquerit,
1451 1726 1578 1773 tunc
1621 1719 1856 1788 perfecte
1899 1719 1953 1775 in

358 1805 559 1861 sanctis
587 1814 909 1876 regnaturus
938 1815 1022 1862 est
1057 1805 1336 1875 Christus,
1365 1810 1580 1879 quando
1613 1810 1794 1881 (sicut
1822 1812 1957 1868 scri-

2049 607 2194 661 neris
2245 605 2610 662 consolemur.
2673 606 2727 660 In
2790 606 3192 664 laudationibus
3247 625 3375 666 vero
3426 611 3641 667 Domini

2050 707 2200 752 actus
2224 697 2340 767 ipse
2388 698 2549 752 habet
2594 699 2872 767 praemium
2915 713 3093 764 suum,
3141 700 3356 770 quando
3399 701 3511 772 ipsa
3539 704 3647 759 erit

2049 788 2473 858 retributio'qute
2499 803 2639 844 nunc
2670 799 2753 844 est
2774 789 3112 845 exercitatio.
3141 789 3272 845 Nam
3292 807 3413 846 cum
3440 792 3640 848 bonum

2049 877 2121 932 sit
2147 876 2431 932 Dominum
2481 877 2797 946 prmdicare,
2830 878 2955 934 inde
3003 879 3365 951 unusquisque
3405 883 3647 938 noscitur

2052 970 2316 1041 promissa
2347 967 2486 1022 dona
2518 969 2786 1036 recipere.
2819 969 3031 1037 Recipit
3083 971 3262 1040 plane,
3319 972 3542 1042 quando
3591 973 3646 1029 in

2057 1062 2150 1116 illa
2175 1062 2415 1132 angelica
2444 1062 2706 1119 societate
2732 1063 3002 1134 singulare
3027 1063 3083 1118 ﬁt
3108 1079 3305 1120 munus
3334 1076 3643 1123 sanctorum

2053 1162 2374 1226 perpetuum
2425 1154 2638 1211 Domini
2694 1156 2878 1211 subire
2926 1158 3282 1226 praeconium.
3339 1157 3646 1215 Laudemus

2053 1265 2182 1322 ergo
2206 1250 2492 1306 devotione
2520 1267 2623 1322 qua
2652 1265 2960 1320 possumus,
2997 1261 3052 1308 et
3083 1252 3172 1307 hic
3202 1252 3290 1307 illa
3321 1251 3476 1308 beata
3505 1254 3648 1311 dona

2055 1345 2396 1402 meditemur.
2423 1346 2558 1414 Quid
2591 1347 2733 1402 enim
2753 1347 2961 1402 felicius
2990 1361 3150 1417 quam
3180 1347 3341 1401 modo
3367 1361 3651 1412 exercere,

2056 1439 2201 1509 quod
2235 1448 2287 1495 te
2312 1453 2501 1508 speras
2529 1439 2582 1492 in
2607 1437 2782 1493 futura
2803 1437 3140 1494 beatitudine
3172 1452 3332 1509 posse
3361 1439 3654 1509 peragere?

2055 1533 2304 1590 Psalmus
2324 1541 2501 1589 autem
2531 1540 2634 1597 est,
2661 1540 2720 1586 ut
2746 1545 2772 1584 a
2795 1529 3091 1601 majoribus
3111 1532 3361 1596 traditur,
3390 1545 3649 1602 organum

2056 1627 2348 1692 musicum,
2380 1626 2518 1681 sicut
2541 1624 2767 1691 cithara,
2794 1624 3136 1693 pandurium,
3166 1623 3526 1696 aliaque-quae
3549 1641 3649 1682 vo-

2058 1719 2214 1774 cibus
2264 1720 2465 1772 nostris
2502 1716 2818 1772 dulcissima
2865 1715 3232 1771 modulatione
3278 1718 3648 1787 respondent;

2062 1810 2206 1881 quod
2235 1824 2380 1880 saepe
2402 1809 2644 1864 diximus
2694 1810 2760 1863 ad
2806 1816 2958 1863 actus
2989 1818 3206 1864 nostros
3243 1808 3654 1880 probatissimos

355 1909 506 1971 ptum
537 1902 662 1967 est)
691 1899 804 1954 Erit
848 1900 987 1955 Deus
1018 1902 1191 1956 omnia
1233 1904 1286 1957 in
1316 1902 1552 1958 omnibus
1582 1901 1656 1972 (Ι
1688 1902 1809 1959 Cor.
1857 1918 1952 1970 xv,
1983 1895 2030 1957 B
2059 1904 2355 1974 pertinere.
2405 1901 2746 1972 Quapropter
2773 1899 3134 1956 laudationem
3175 1901 3382 1956 Domini
3430 1911 3486 1958 et
3515 1903 3657 1972 psal-

357 1993 427 2047 ‘28
452 1994 492 2062 ).
518 1992 682 2062 Cujus
708 2004 886 2049 autem
912 1994 981 2049 sit
1007 1995 1108 2050 iste
1136 1994 1396 2051 Dominus
1421 1995 1704 2053 evidenter
1728 1999 1955 2066 exponi-

358 2093 471 2139 tur:
491 2084 628 2139 Deus
648 2095 788 2152 tuus,
811 2085 962 2142 Sion.
987 2087 1116 2141 Sion
1139 2087 1435 2142 Ecclesiam
1459 2089 1777 2145 catholicam
1801 2089 1955 2161 signi-

357 2183 521 2240 ﬁcare
560 2197 702 2251 saepe
743 2183 852 2252 jam
899 2180 1100 2236 dictum
1131 2192 1248 2249 est,
1280 2192 1502 2254 propter
1531 2185 1954 2254 speculationem

358 2289 522 2344 quam
559 2274 785 2329 exhibet
824 2274 1021 2343 populo
1047 2274 1380 2331 Christiano.
1427 2277 1546 2345 Ipse
1573 2277 1717 2332 enim
1749 2285 1805 2332 et
1833 2292 1955 2333 cum

359 2381 455 2432 ea,
487 2376 539 2421 et
569 2367 624 2422 in
655 2365 842 2420 eadem
871 2365 1146 2436 regnabit,
1180 2366 1270 2436 qui
1299 2375 1383 2422 est
1411 2367 1724 2424 benedictus
1765 2368 1820 2424 in
1849 2381 1955 2424 sa:-

359 2460 481 2518 cula
509 2460 853 2516 seculorum.

905 2574 1177 2630 Conclusio
1207 2574 1414 2645 psalmi.

435 2689 920 2762 Contemplationis
971 2691 1237 2748 beneﬁcio
1292 2691 1550 2763 propheta
1599 2695 1742 2750 circa
1795 2694 1956 2751 ﬁnem

360 2781 512 2852 quasi
544 2782 726 2837 saeculi
757 2783 1101 2849 constitutus,
1133 2784 1221 2840 ubi
1247 2783 1360 2855 jam
1391 2785 1577 2840 mundi
1617 2787 1958 2858 cegnoscitur

360 2872 539 2942 potius
582 2873 886 2932 damnanda
933 2876 1289 2944 perversitas,
1326 2876 1728 2932 universitatem
1774 2877 1961 2935 docuit

361 2966 575 3022 Domini
604 2966 850 3022 laudibus
885 2968 1137 3037 occupari
1165 2985 1178 3021 :
1206 2981 1275 3023 ne
1299 2968 1501 3023 caduca
1523 2967 1786 3025 desideria
1811 2985 1959 3040 qua:-

360 3065 535 3128 rcret,
566 3074 689 3129 quae
727 3059 971 3130 proxime
1002 3061 1235 3116 ﬁnienda
1265 3069 1556 3118 constaret.
1589 3061 1696 3118 Sed
1726 3077 1848 3119 cum
1892 3063 1957 3119 il-

359 3153 454 3208 lud
487 3161 700 3224 tempus
739 3163 1022 3210 venturum
1066 3154 1262 3210 dicitur
1301 3155 1487 3222 nobis,
1521 3155 1663 3211 istud
1708 3166 1958 3212 nostrum

362 3246 479 3299 sine
521 3246 684 3301 dubio
730 3248 1026 3303 nuntiatur.
1078 3247 1136 3304 In
1185 3249 1368 3304 mundi
1413 3249 1557 3304 enim
1600 3251 1707 3304 line
1735 3265 1954 3319 sumus,

361 3339 576 3408 quando
619 3355 741 3397 eum
791 3355 898 3397 non
945 3341 1105 3414 longo
1150 3342 1437 3397 intervallo
1487 3351 1736 3411 suscepta
1782 3353 1957 3400 morte

362 3434 683 3491 deserimus.
727 3437 1028 3494 Transeunt
1071 3451 1101 3491 a
1147 3437 1304 3493 nobis
1333 3437 1656 3506 cupiditates
1701 3437 1954 3507 caducae,

363 3524 635 3582 illecebrae
680 3531 973 3585 saeculares
1013 3530 1336 3596 abscedant,
1369 3527 1502 3584 illud
1533 3530 1710 3599 potius
1741 3529 1954 3587 deside-

360 3631 545 3673 remus
573 3619 716 3687 quod
747 3626 1009 3675 aeternum
1043 3635 1163 3677 esse
1193 3621 1587 3690 cognoscimus.

862 3737 1179 3794 PSALMUS
1223 3737 1454 3792 CXLVI.

1034 3829 1280 3886 Alleluia.

437 3943 615 4000 Verba
647 3943 789 4001 tituli
816 3943 898 4000 sui
927 3943 1265 4016 subsequens
1301 3953 1486 4003 textus
1512 3947 1756 4018 exponit,
1782 3953 1842 4004 ut
1863 3960 1958 4018 pe-

369 4039 585 4112 regrina
614 4041 887 4097 locutione
915 4056 1019 4096 non
1042 4049 1220 4112 egeat,
1243 4055 1405 4110 quem
1434 4041 1730 4098 declaratio
1755 4040 1958 4112 proprii

359 4134 632 4190 sermonis
661 4133 953 4203 explanat;
987 4133 1107 4203 lege
1127 4135 1271 4188 enim
1300 4134 1508 4189 initium
1540 4133 1756 4204 psalmi,
1789 4144 1842 4189 et
1863 4116 1959 4189 ex:

362 4223 592 4294 posuisti
616 4224 853 4280 titulum.
877 4224 1104 4279 Alleluia
1127 4223 1393 4294 siquidem
1425 4222 1692 4294 signiﬁcat
1722 4222 1958 4276 Laudate

359 4313 689 4380 Dominum;
740 4315 900 4384 quod-
928 4316 1032 4370 sibi
1073 4324 1358 4386 utrumque
1413 4315 1491 4371 sic
1537 4329 1776 4370 consona
1824 4328 1958 4370 voce

359 4406 675 4476 respondet,
700 4414 761 4460 ut
783 4405 994 4461 titulum
1028 4407 1238 4462 initium
1265 4414 1424 4477 putes
1453 4419 1573 4461 csse
1594 4405 1821 4475 psalmi;
1855 4405 1959 4459 ini-

364 4496 497 4550 tium
518 4510 648 4550 vero
698 4496 893 4566 psalmi
941 4497 1159 4552 titulum
1194 4496 1604 4567 rationabiliter
1651 4495 1954 4552 arbitreris.

363 4589 702 4660 Quapropter
750 4589 1088 4647 conﬁdenter
1129 4601 1294 4662 atque
1343 4591 1540 4647 hilares
1592 4589 1960 4658 ingrediamur

2061 1994 2256 2051 terium
2286 1995 2340 2050 in
2370 2008 2532 2049 unam
2565 1993 2807 2064 prtecipit
2837 1995 3024 2049 venire
3048 1993 3424 2061 concordiam,
3461 2003 3519 2050 ut
3548 1995 3655 2050 sic-

2057 2096 2118 2142 ut
2176 2087 2356 2155 lingua
2419 2085 2727 2140 Divinitatis
2774 2085 3042 2155 prmconia
3089 2084 3354 2153 dicimus,
3406 2085 3477 2140 ita
3533 2101 3657 2142 cum

2057 2179 2328 2235 bonorum
2371 2187 2584 2234 actuum
2634 2178 2954 2248 operatione
3008 2177 3311 2232 laudemus.
3365 2177 3659 2250 Sequitur,

2058 2269 2173 2327 Deo
2198 2281 2372 2326 nostra
2393 2271 2632 2340 jucunda
2661 2272 2724 2326 sit
2748 2271 3002 2325 laudatio.
3051 2270 3328 2325 Divinitati
3361 2271 3556 2342 quippe
3579 2281 3664 2327 est

2056 2364 2296 2435 jucunda
2328 2363 2592 2431 laudatio,
2639 2365 2855 2434 quando
2901 2373 3054 2417 actus
3083 2365 3250 2418 nostri
3283 2377 3312 2416 a
3345 2373 3657 2419 sanctorum

2060 2459 2353 2514 verborum
2398 2457 2660 2528 qualitate
2691 2471 2796 2512 non
2826 2457 3154 2528 discrepant.
3209 2456 3343 2512 Nam
3379 2458 3539 2528 quale
3576 2466 3664 2513 est

2059 2559 2121 2607 ut
2143 2550 2383 2621 psalmus
2403 2550 2706 2606 castitatem
2733 2550 2897 2614 dicat,
2921 2558 2975 2606 et
3000 2560 3190 2606 cantor
3219 2552 3287 2608 ab
3315 2551 3656 2608 obscenitate

2059 2660 2121 2700 se
2148 2658 2254 2700 non
2280 2643 2594 2701 subtrahat?
2619 2645 2676 2702 Si
2701 2643 3060 2699 humilitatem
3087 2646 3366 2716 pradicet,
3392 2655 3449 2703 et
3475 2662 3664 2702 narra-

2061 2747 2150 2793 tor
2175 2737 2294 2808 ejus
2342 2735 2615 2807 superbire
2670 2737 2889 2793 ﬂatibus
2929 2738 3294 2796 intumescat?
3323 2741 3662 2812 Quapropter

2061 2847 2173 2888 non
2199 2838 2382 2902 potest
2409 2844 2438 2884 a
2469 2828 2692 2886 Domino
2732 2831 2872 2888 bene
2913 2834 3142 2904 percipi,
3192 2834 3336 2904 quod
3390 2836 3662 2892 contraria

2061 2925 2204 2983 inter
2233 2941 2292 2981 se
2321 2925 2564 2981 noscitur
2591 2925 2916 2982 adversitatc
2966 2927 3176 2984 luctari.
3229 2927 3377 2984 Tunc
3405 2937 3492 2986 est
3517 2930 3662 2985 enim

2063 3022 2296 3078 Domino
2338 3021 2574 3091 jucunda
2604 3021 2858 3085 laudatio,
2889 3022 3105 3094 quando
3148 3022 3202 3079 in
3229 3037 3391 3080 unam
3433 3024 3665 3084 societa-

2067 3127 2176 3174 tem
2201 3133 2305 3173 vox
2329 3125 2383 3173 et
2412 3119 2521 3173 vita
2542 3118 2916 3174 convenerint.

2138 3213 2294 3266 Vcrs.
2327 3212 2379 3266 2.
2416 3211 2711 3282 ἉΕάίβεαηδ
2742 3211 3036 3269 Jerusalem
3075 3215 3348 3286 Dominus,
3378 3226 3426 3273 et
3465 3219 3665 3289 disper-

1983 3280 2032 3344 ο
2062 3304 2231 3359 siones
2255 3303 2421 3358 Israel
2454 3321 2793 3377 congregans.
2849 3306 2952 3362 l’er
3001 3307 3142 3361 hunc
3199 3319 3255 3364 et
3303 3311 3440 3366 duos
3470 3326 3663 3371 versus

2066 3393 2229 3464 493
2261 3393 2395 3449 alios
2427 3394 2516 3462 qui
2545 3404 2842 3464 sequuntur
2895 3411 2960 3451 ex
3019 3397 3354 3455 mirabilibus
3401 3401 3667 3476 lactisque

2063 3486 2313 3556 gloriosis
2355 3485 2615 3542 Dominus
2669 3487 3108 3558 jure,laudatur.
3157 3491 3289 3548 Nam
3321 3507 3443 3550 cum
3487 3495 3662 3552 dicit:

2066 3574 2366 3646 zEdificans
2385 3575 2676 3633 Jerusalem
2707 3579 2981 3646 Dominus,
3023 3592 3069 3636 et
3101 3583 3446 3655 dispersiones
3491 3587 3667 3646 Israel

2065 3682 2406 3740 congregans.
2433 3668 2537 3734 Qui
2561 3678 2712 3724 sanat
2738 3674 2981 3728 contritas
3004 3676 3179 3743 corde,
3206 3686 3250 3731 et
3266 3680 3448 3750 alligat
3472 3684 3665 3738 contri-

2066 3756 2231 3810 tiones
2255 3772 2451 3812 eorum.
2489 3757 2592 3826 Qui
2619 3771 2850 3814 numerat
2881 3762 3263 3818 multitudinem
3293 3769 3580 3833 stellarum,
3615 3777 3665 3827 et

2067 3867 2242 3906 omnes
2272 3853 2476 3906 nomine
2505 3869 2599 3907 suo
2628 3862 2793 3920 vocat,
2825 3856 2891 3910 de
2926 3857 3083 3912 faelis
3112 3860 3292 3928 utique
3341 3862 3454 3916 suis
3497 3864 3663 3919 mira-

2068 3941 2195 3997 bilis
2223 3943 2573 4012 approbatur.
2613 3944 2929 4001 Ostenditur
2978 3956 3156 4003 autem
3189 3951 3243 4005 in
3297 3953 3471 4018 primo
3499 3969 3658 4011 versu

2065 4032 2433 4103 discrepantia
2468 4033 2754 4089 Dominum
2779 4052 2885 4092 non
2917 4052 3120 4107 amare,
3142 4042 3358 4110 quando
3388 4059 3511 4100 eum
3541 4061 3663 4103 con-

2064 4132 2173 4181 stat
2200 4125 2443 4196 dispersa
2471 4126 2746 4196 colligere.
2774 4128 2908 4183 Nam
2937 4131 3390 4200 quemadmodum
3413 4139 3467 4193 in
3501 4139 3659 4196 nobis

2064 4217 2304 4288 patiatur
2332 4218 2469 4274 alios
2489 4234 2610 4275 esse
2652 4229 2825 4289 actus,
2870 4223 3031 4280 aliam
3061 4228 3407 4296 cantilenam,
3455 4235 3544 4303 qui
3577 4244 3661 4292 to-

2065 4313 2172 4368 tius
2203 4311 2394 4368 mundi
2425 4314 2651 4384 populos
2683 4315 2735 4371 in
2753 4325 2994 4374 sanctam
3015 4321 3220 4394 colligit
3245 4325 3540 4382 unitatem?
3569 4329 3662 4385 Sic

2064 4403 2209 4459 enim
2242 4403 2310 4459 de
2338 4403 2474 4459 vivis
2507 4406 2774 4474 lapidibus
2802 4411 3033 4466 aediﬁcat
3072 4414 3333 4472 Dominus
3383 4421 3657 4477 civitatem

2062 4493 2386 4562 Jerusalem,
2414 4497 2632 4567 quando
2660 4499 3000 4571 dispersiones
3017 4503 3182 4561 Israel
3211 4521 3507 4581 congregat,
3541 4528 3660 4584 qua!

2064 4584 2120 4640 in
2171 4593 2283 4641 toto
2311 4588 2512 4641 mundo
2558 4588 2805 4645 habitare
2847 4604 3168 4661 noscuntur,
3202 4599 3342 4653 sicut
3378 4602 3431 4655 in
3482 4603 3659 4659 Evan-

363 4680 507 4738 hunc
528 4682 818 4753 psalmum,
841 4683 996 4756 cujus
1013 4685 1257 4740 notitiam
1281 4685 1570 4743 salutarem
1594 4685 1647 4742 in
1676 4685 1810 4756 ipsis
1822 4699 1956 4756 quo-
1982 4676 2036 4738 D
2061 4677 2204 4748 gelio
2225 4679 2425 4735 dictum
2452 4689 2538 4738 est
2565 4700 2576 4735 :
2624 4682 2692 4737 Et
2722 4685 2883 4739 mittet
2908 4688 3116 4758 angelos
3154 4705 3271 4744 suos
3299 4707 3413 4746 cum
3457 4694 3578 4749 tuba
3611 4705 3660 4751 et

362 4789 467 4846 que
490 4775 698 4833 foribus
726 4778 972 4834 absolute
998 4781 1400 4851 c0gnoscimus.

935 4893 1134 4948 Divisio
1165 4895 1374 4965 psalmi.

434 5004 618 5061 Primo
649 5005 808 5062 modo
831 5005 1081 5062 hortatur
1107 5007 1379 5077 propheta
1412 5008 1665 5078 populum
1693 5007 1950 5062 devotum

363 5095 581 5152 laudare
611 5097 918 5162 Dominum,
950 5098 1040 5166 qui
1092 5098 1324 5153 humiles
1367 5100 1555 5169 erigit,
1605 5107 1662 5153 et
1696 5098 1955 5167 superbo-

362 5203 480 5241 rum
511 5188 646 5242 colla
677 5188 934 5243 concidit.
981 5188 1234 5243 Secundo
1287 5189 1540 5244 alacriter
1567 5187 1797 5242 Domino
1823 5189 1954 5244 dicit

358 5294 478 5334 esse
502 5281 861 5350 psallendum,
890 5280 980 5350 qui
1019 5279 1441 5349 supplicantibus
1482 5280 1737 5334 beneﬁcia
1767 5281 1954 5350 profu-

359 5378 476 5424 tura
504 5373 773 5440 concedit,
823 5373 1076 5442 quoniam
1114 5372 1201 5442 qui
1233 5372 1301 5427 de
1331 5373 1442 5427 suis
1488 5371 1692 5426 viribus
1742 5387 1947 5442 praesu-

356 5480 530 5540 munt,
564 5474 610 5526 ei
641 5473 855 5543 placere
879 5487 986 5526 non
1016 5480 1262 5542 possunt.

920 5587 1185 5659 Expositio
1217 5587 1425 5658 psalmi.

425 5704 585 5759 Vers.
635 5705 690 5761 ις
747 5705 981 5760 Laudate
1035 5705 1334 5773 Dominum,
1393 5705 1638 5776 quoniam
1677 5705 1836 5760 bonus
1866 5716 1940 5762 est

354 5802 624 5872 psalmus;
677 5800 785 5854 Deo
828 5811 999 5856 nostra
1033 5803 1268 5874 jucunda
1313 5803 1379 5857 sit
1437 5801 1690 5857 laudatio.
1753 5802 1941 5862 Omnis

354 5906 518 5964 opera
548 5893 780 5950 humana
811 5893 1113 5950 mercedem
1141 5895 1244 5952 sibi
1291 5895 1528 5966 postulat
1554 5893 1751 5952 debere
1776 5899 1935 5957 retri-

637 5990 911 6051 Panos.
955 5985 1159 6055 LXX.

2062 4787 2183 4826 voce
2210 4788 2418 4844 magna,
2450 4784 2497 4829 et
2545 4778 2870 4849 congregabit
2921 4777 3069 4851 [ed.,
3101 4785 3509 4859 congregabant]
3557 4790 3653 4845 cleo

2061 4871 2170 4919 ctos
2190 4880 2222 4917 a
2242 4873 2462 4936 quatuor
2490 4869 2690 4939 angulis
2716 4877 2864 4924 teme
2895 4869 3107 4940 (Matth.
3141 4890 3285 4940 xxrv,
3332 4877 3446 4948 5l).

2136 4977 2295 5035 Vers.
2325 4978 2383 5034 3.
2426 4979 2529 5047 Qui
2550 4991 2698 5036 sanat
2725 4984 2971 5039 contritas
2999 4987 3174 5053 corde,
3205 4987 3294 5057 qui
3317 4988 3501 5061 alligat
3527 5006 3654 5046 con-

2065 5069 2300 5125 tritiones
2343 5087 2540 5126 eorum.
2585 5073 2825 5130 Mirabile
2863 5091 3031 5143 genus
3057 5079 3351 5135 curationis
3390 5081 3651 5152 edicitur,

2060 5173 2121 5220 ut
2160 5167 2205 5220 si
2253 5168 2545 5222 restaurari
2594 5167 2868 5236 volumus,
2921 5172 3282 5243 nosmetipsos
3314 5175 3651 5232 vivacissima

2060 5265 2425 5314 conteramus.
2482 5259 2587 5314 Sed
2620 5261 2718 5316 ista
2751 5264 3003 5319 contritio
3034 5265 3101 5320 ad
3134 5267 3648 5338 redintegrationem

2059 5351 2320 5420 pertinet,
2373 5351 2439 5406 ad
2490 5353 2813 5408 soliditatem
2869 5356 3126 5426 deducit;
3188 5369 3244 5415 et
3295 5362 3435 5430 quod
3485 5377 3646 5432 supra

2058 5457 2220 5499 omne
2265 5443 2465 5500 bonum
2516 5455 2620 5512 eat,
2681 5447 2831 5502 illum
2875 5451 3144 5506 medicum
3193 5454 3506 5520 introducit,
3556 5459 3645 5526 qui

2061 5546 2316 5593 aeternam
2372 5539 2555 5595 tribuit
2611 5541 2946 5610 sospitatem.
3002 5545 3277 5616 Sequitur,
3329 5550 3418 5619 qui
3463 5551 3649 5620 alligat

2057 5633 2385 5687 contritiones
2407 5649 2603 5690 eorum.
2631 5635 2941 5706 Metaphora
2967 5639 3034 5696 ab
3055 5640 3348 5697 artiﬁcibus
3373 5643 3645 5710 medendi,

2053 5728 2143 5793 qui
2163 5739 2282 5780 ossa
2311 5726 2474 5782 fracta
2500 5735 2658 5798 atque
2679 5731 2905 5787 contrita
2922 5735 3135 5804 quando
3157 5736 3388 5791 solidare
3399 5738 3641 5807 cupiunt,

2055 5816 2343 5872 linteorum
2375 5817 2672 5888 illigatione
2702 5823 3101 5895 constringunt,
3147 5833 3203 5880 ut
3230 5827 3282 5880 in
3313 5823 3640 5883 soliditatem

2051 5908 2332 5979 pristinam
2385 5909 2452 5967 ad
2497 5910 2673 5969 locum
2727 5927 2882 5972 suum
2914 5915 3198 5974 redeuntia
3241 5915 3484 5975 membra
3512 5931 3641 5985 coa-

3156 6009 3234 6074 33
