4114 6362
503 302 644 394 «σεξ

1737 297 1807 354 ιι.
1847 293 2126 354 AURELll
2161 292 2562 378 CASSlODORl

3654 309 3680 366 1
3691 307 3798 368 036

498 423 727 491 lescant,
770 419 881 504 Sic
923 419 1159 504 caelestis
1206 411 1446 491 medicus
1492 413 1871 486 poenitentium
1919 411 2085 468 corda
2111 413 2167 476 Α
2189 410 2315 469 dum
2345 421 2521 483 potest
2545 413 3079 485 habere'numerum‘,
3101 431 3222 491 qute
3241 425 3429 504 auctor
3449 419 3640 479 calculi
3675 439 3801 484 esse

498 517 645 589 gravi
666 499 957 572 afﬂictione
985 501 1238 577 contrita,
1268 511 1420 582 quasi
1451 508 1682 582 quadam
1716 507 1884 562 fascia
1913 508 2088 576 pieta—

495 611 568 665 tis
605 623 717 664 suae
742 606 1061 682 superducta
1089 603 1412 672 constringit
1455 610 1616 672 atque
1661 597 1982 670 consolidat,
2032 607 2086 655 et

496 701 564 758 ad
608 701 965 770 ﬁrmissimam
993 713 1144 770 spem
1185 696 1427 753 sanitatis
1457 695 1710 764 adducit,
1768 694 1908 749 sicut
1948 702 2002 748 et
2031 692 2086 749 in

496 793 937 866 quinquagesimo
964 791 1171 862 psalmo
1197 787 1398 844 dictum
1427 795 1509 842 est
1540 802 1555 840 :
1599 784 1700 842 Cor
1743 785 2016 840 contritum
2042 791 2090 840 et

495 889 823 946 humiliatum
851 885 991 943 Deus
1029 902 1135 942 non
1161 884 1352 954 spernit
1397 881 1573 958 (Psal.
1603 897 1656 949 ι,
1700 881 1816 952 i9).
1868 878 2000 936 Nam
2033 886 2090 936 et

497 985 588 1040 ille
619 983 934 1054 publicanus
963 982 1054 1054 qui
1085 991 1270 1053 pectus
1313 994 1467 1036 suum
1500 975 1712 1033 assidua
1743 974 2088 1047 percussione

495 1076 752 1132 tundebat
777 1075 928 1148 (Luc.
965 1090 1112 1146 XVIII,
1149 1074 1268 1141 15),
1319 1074 1490 1144 ipsam
1533 1071 1588 1127 in
1618 1087 1678 1127 se
1705 1069 2086 1126 contritionem

494 1169 750 1240 probatus
779 1177 860 1224 est
885 1165 1152 1234 olfecisse,
1185 1181 1345 1239 quam
1377 1182 1474 1223 reo
1499 1163 1703 1238 pectori
1734 1179 1841 1221 non
1878 1163 2088 1220 desine-

494 1261 587 1318 bat
610 1261 880 1334 ingerere.

564 1352 720 1411 Vers.
752 1349 804 1410 4.
847 1353 949 1420 Qui
995 1359 1228 1408 numerat
1277 1349 1662 1405 multitudinem
1704 1347 1990 1415 stellarum,
2039 1350 2088 1400 et

493 1463 665 1504 omnes
713 1448 914 1503 nomine
957 1464 1050 1502 suo
1079 1455 1245 1500 vocat.
1294 1444 1403 1501 Sed
1447 1443 1692 1515 quamvis
1729 1452 1786 1498 et
1830 1441 1972 1498 istud
2019 1441 2088 1497 ad

493 1539 725 1598 litteram
773 1539 982 1596 Domini
1026 1539 1321 1612 potentiam
1370 1537 1614 1592 videatur
1659 1534 1969 1602 ostendere,
2026 1539 2088 1589 ut

493 1625 650 1691 nobis
679 1631 1102 1689 innumerabiles
1133 1630 1317 1685 stellas
1352 1627 1624 1684 Divinitati
1653 1627 1800 1683 dicat
1828 1640 1949 1684 esse
1988 1643 2087 1682 nu-

493 1727 801 1794 merabiles,
836 1740 1130 1796 earumque
1154 1725 1368 1779 nomina
1393 1723 1626 1794 propriis
1646 1723 1926 1779 vocabulis
1951 1738 2087 1778 nun-

2194 510 2579 580 cognoscitur?
2604 509 2738 565 Nam
2767 511 2814 566 si
2838 514 3110 569 numerari
3138 523 3344 586 posset,
3367 515 3477 584 jam
3502 516 3794 576 videretur

2193 617 2315 660 esse
2343 606 2443 659 sub
2474 619 2715 660 numero.
2755 604 2908 672 Quod
2948 606 2995 662 si
3042 623 3145 664 nec
3187 606 3306 680 ipse
3336 625 3592 666 numerus
3641 621 3800 670 totus
3840 620 3854 680 ἒ

2193 710 2223 752 a
2252 696 2408 752 nobis
2437 705 2614 768 potest
2640 696 2788 768 sciri,
2824 699 3113 769 quomodo,
3143 716 3247 773 qua
3273 703 3484 758 ratione
3527 707 3792 774 praevalet
3839 691 3848 717 ²

2195 786 2372 843 divina
2403 787 2666 859 sapientia
2695 791 3128 859 comprehendi?
3181 792 3458 851 Creaturis
3487 796 3633 852 enim
3682 799 3800 856 suis

2194 881 2685 952 incomparabiliter
2713 883 2890 955 potior
2907 884 3253 951 estCreator,
3285 895 3341 943 et
3369 887 3492 945 ideo
3520 891 3794 949 veraciter

2194 975 2395 1030 dictum
2419 981 2503 1032 est
2534 993 2545 1030 :
2580 975 2862 1050 Sapientiae
2882 979 2994 1050 ejus
3021 993 3123 1032 non
3150 985 3228 1034 est
3256 994 3523 1036 numerus.
3557 983 3692 1039 Nam
3724 984 3794 1042 de

2195 1065 2280 1122 bis
2307 1081 2427 1138 qua:
2465 1069 2692 1136 creavit,
2733 1068 2960 1141 Sapiens
2991 1069 3118 1125 dicit
3163 1087 3179 1126 :
3228 1067 3418 1127 Omnia
3445 1074 3503 1127 in
3533 1087 3794 1148 mensura,

2194 1171 2404 1214 numero
2432 1168 2478 1214 et
2501 1157 2726 1232 pondere
2757 1158 2919 1215 Deum
2941 1160 3122 1230 fecisse
3142 1159 3298 1233 (Sep.
3329 1179 3408 1228 χι,
3440 1163 3556 1235 21).

2264 1251 2419 1309 Vers.
2451 1253 2505 1311 6.
2548 1253 2846 1326 Suscipiens
2873 1263 3166 1310 mansuetos
3198 1256 3468 1326 Dominus,
3501 1260 3786 1318 humilium

2193 1353 2365 1401 autem
2388 1355 2676 1416 peccatores
2703 1363 2864 1418 usque
2884 1347 2954 1402 ad
2976 1357 3185 1403 terram.
3216 1347 3478 1406 Mansueti
3502 1359 3630 1408 sunt
3652 1369 3792 1426 quos

2194 1438 2440 1510 superius
2492 1437 2629 1495 dixit
2679 1439 3024 1496 tribulatione
3065 1441 3328 1498 contritos
3375 1450 3431 1498 et
3475 1442 3785 1503 afﬂictionis

2193 1534 2579 1592 consuetudine
2609 1533 2894 1606 patientes.
2945 1533 3013 1590 Et
3039 1533 3254 1591 intuere
3282 1548 3442 1606 quam
3487 1537 3789 1608 pulcherri-

2192 1644 2281 1686 ma
2309 1629 2377 1685 sit
2401 1629 2544 1685 facta
2572 1627 2885 1686 diversitas.
2911 1627 3180 1684 Mansueti
3209 1629 3575 1699 suscipiuntur
3603 1631 3658 1688 in
3686 1647 3791 1690 cm-

2193 1719 2324 1790 lum,
2359 1720 2577 1792 superbi
2603 1719 2932 1791 dejiciuntur
2961 1720 3017 1776 iu
3051 1729 3248 1776 terram
3269 1762 3284 1787 ,
3317 1729 3378 1776 ιιι
3403 1737 3500 1792 per
3534 1725 3787 1782 mutatio-

493 1819 680 1890 cupari
703 1859 718 1886 ,
769 1818 1022 1890 quoniam
1063 1816 1140 1872 illi
1173 1815 1351 1872 omnia
1397 1815 1906 1886 comprehcnsibilia
1934 1823 2084 1883 sunt,
2115 1817 2166 1884 Β
2193 1830 2312 1899 nem
2347 1813 2605 1871 vicariam
2629 1813 2773 1869 unde
2799 1812 3017 1868 humilis
3041 1813 3249 1868 levatus
3275 1821 3377 1884 est,
3409 1813 3483 1869 ibi
3522 1816 3787 1886 superbus

493 1903 580 1968 eui
609 1926 771 1968 arena
801 1909 990 1978 maris,
1037 1918 1090 1965 et
1116 1917 1279 1980 guttae
1308 1907 1632 1979 pluviarum,
1681 1917 1739 1963 et
1779 1909 1954 1978 capilli
1986 1907 2086 1964 ho-

491 2003 698 2060 minum
724 2001 1045 2059 dinumerati
1075 2015 1197 2058 esse
1227 2009 1520 2056 noscuntur
1554 2015 1568 2056 :
1602 2015 1728 2055 nam
1771 2015 1893 2055 cum
1934 1999 2086 2069 dicit,

493 2096 698 2152 nomine
721 2112 836 2164 suo,
871 2093 1172 2168 astrologos
1202 2093 1398 2166 arguit,
1452 2093 1542 2164 qui
1574 2107 1666 2149 cas
1697 2103 1889 2148 vocant
1917 2093 2089 2148 nomi-

489 2191 650 2250 nibus
678 2191 890 2261 alienis,
937 2199 998 2247 ut
1025 2189 1275 2258 Veneris,
1327 2187 1596 2257 Mercurii,
1645 2188 1818 2258 Jovis,
1871 2188 2080 2254 Martis,

490 2283 734 2355 Saturni,
784 2294 840 2341 et
865 2283 950 2340 bis
975 2283 1216 2351 similia:
1273 2282 1404 2339 illud
1435 2291 1612 2338 tamen
1657 2283 1830 2354 aptius
1861 2291 1976 2349 est,
2030 2291 2087 2337 ut

484 2393 554 2446 ea
578 2377 748 2450 magis
777 2377 1075 2448 intelligere
1107 2375 1423 2432 debeamus.
1477 2373 1734 2444 Superius
1764 2376 1909 2429 enim
1936 2374 2085 2430 dixe-

488 2481 573 2528 rat
615 2490 627 2526 :
661 2471 934 2528 Contritos
976 2470 1140 2527 corde
1169 2484 1291 2526 esse
1321 2469 1632 2535 salvandos,
1664 2483 1797 2538 quos
1821 2469 1931 2540 jam
1967 2477 2087 2538 post

489 2564 832 2637 indulgentia:
886 2562 1210 2619 medicinam
1268 2561 1452 2617 stellas
1510 2560 1769 2616 debemus
1819 2561 2083 2631 accipere.

480 2645 695 2713 'Lucent
720 2656 864 2712 enim
910 2655 1057 2712 velut
1087 2665 1229 2710 astra
1259 2655 1314 2710 in
1353 2661 1510 2709 nocte
1547 2653 1706 2724 hujus
1735 2653 1938 2719 saeculi,
1996 2651 2084 2722 qui

490 2758 806 2805 meruerunt
855 2748 908 2803 in
953 2756 1261 2803 sanctorum
1314 2760 1540 2801 numero
1589 2745 1921 2815 congregari.
1979 2743 2085 2801 Sed

489 2843 735 2914 quamvis
761 2840 960 2898 multos
989 2841 1077 2896 hic
1110 2841 1389 2896 continere
1417 2839 1665 2896 videatur
1696 2837 1953 2906 Ecclesia,
2007 2837 2083 2892 illi

488 2940 666 2988 tamen
699 2945 729 2987 a
767 2932 992 2988 Domino
1024 2939 1399 2998 numerantur,
1427 2931 1518 3002 qui
1548 2929 1695 3001 regni
1721 2929 1836 3000 ejus
1865 2927 2084 3000 partici-

487 3028 704 3096 patione
730 3023 1058 3096 gaudebunt.
1107 3023 1242 3078 Nam
1284 3023 1491 3091 stellas,
1548 3031 1768 3078 sanctos
1796 3022 1943 3077 viros
1987 3034 2083 3076 nos

490 3132 649 3186 posse
675 3116 974 3188 intelligere
998 3113 1222 3192 Genesis
1247 3115 1404 3171 locus
1430 3114 1521 3171 ille
1550 3121 1802 3184 testatur,
1835 3113 1928 3184 qui
1954 3114 2030 3168 ait
2059 3129 2072 3166 :

2193 1915 2448 1974 corruat,
2479 1915 2536 1964 et
2562 1907 2705 1963 unde
2735 1905 2963 1962 Satanas
2983 1904 3157 1963 elatus
3178 1905 3396 1975 cecidit,
3427 1907 3599 1964 fidelis
3624 1909 3786 1968 homo

2192 2001 2502 2059 sublevatus
2528 2000 2804 2057 ascendat.

2268 2093 2418 2150 Vters.
2443 2093 2497 2148 7.
2529 2093 2749 2166 Incipite
2767 2090 2988 2147 Domino
3007 2092 3062 2148 in
3083 2091 3428 2163 confessione;
3453 2093 3649 2164 psallite
3669 2095 3778 2152 Deo

2191 2193 2367 2242 nostro
2383 2187 2436 2240 in
2457 2184 2678 2241 cithara.
2693 2183 2857 2241 Venit
2878 2184 2943 2240 ad
2968 2184 3183 2240 modum
3207 2185 3522 2251 secundum,
3545 2187 3634 2242 ubi
3651 2187 3778 2244 hor-

2193 2289 2338 2336 tatur
2357 2279 2645 2348 hterentes,
2675 2277 2904 2350 impellit
2927 2277 3138 2345 dubios,
3167 2279 3409 2348 increpat
3431 2279 3781 2350 negligentes.

2191 2371 2411 2443 Incipite
2433 2372 2576 2430 enim
2607 2371 2715 2428 illis
2735 2371 2936 2428 dicitur
2957 2371 3046 2442 qui
3067 2369 3242 2426 adhuc
3263 2381 3444 2428 tacere
3467 2383 3779 2428 noscuntur.

2190 2466 2412 2521 Domino
2458 2466 2512 2520 in
2552 2466 2892 2536 confessione,
2938 2464 3364 2520 subaudiendum
3394 2476 3498 2533 est,
3549 2476 3781 2523 cantate.

2189 2560 2298 2617 Sed
2322 2559 2422 2615 ista
2454 2557 2724 2616 confessio
2749 2558 2963 2614 laudem
2993 2567 3196 2626 monet,
3225 2567 3280 2614 et
3308 2559 3596 2628 probitatis
3619 2561 3785 2616 actio-

2187 2667 2314 2710 nem
2343 2653 2606 2710 hortatur.
2641 2652 2856 2708 Cithara
2886 2653 3030 2710 enim
3061 2652 3324 2724 signiﬁcat
3352 2655 3585 2710 virtutes
3607 2668 3784 2711 mora-

2189 2743 2271 2801 les
2300 2758 2537 2802 consona
2582 2745 2892 2815 Operatione
2932 2745 3308 2816 praecinentes,
3357 2761 3476 2816 quae
3523 2754 3656 2802 tunc
3691 2761 3782 2804 ve-

2189 2849 2307 2894 ram
2361 2835 2620 2894 citharam
2657 2835 2911 2905 reddunt,
2963 2835 3173 2906 quando
3215 2849 3275 2892 se
3323 2835 3583 2906 fmderata
3611 2837 3785 2893 socie-

2183 2937 2304 2988 tate
2347 2929 2700 3000 coniungunt.
2743 2927 2877 2986 Nam
2923 2927 3064 2984 sicut
3111 2927 3316 3000 integra
3359 2929 3474 3001 lyra
3519 2929 3626 2986 dici
3677 2945 3780 2986 non

2179 3028 2367 3092 potest
2406 3023 2492 3078 cui
2539 3020 2716 3092 aliqua
2759 3019 2962 3078 chorda
3014 3019 3382 3088 subtrahitur,
3451 3022 3532 3078 sic
3580 3037 3652 3078 ne
3704 3022 3784 3078 vir

2183 3122 2406 3172 sanctus
2448 3112 2719 3185 perlectus
2763 3113 3094 3180 aestimatur,
3151 3112 3238 3170 cui
3288 3113 3467 3170 virtus
3522 3113 3631 3170 ulla
3685 3115 3784 3174 Ini-

489 3200 844 3284 Multiplicabo
865 3227 1036 3266 semen
1074 3220 1217 3266 tuum
1243 3211 1375 3265 sicut
1405 3209 1582 3264 stellas
1612 3208 1725 3264 cali
1760 3206 1917 3281 (Gen.
1947 3222 2081 3276 xm,
2191 3209 2397 3268 nuitur.

477 3305 606 3376 17).
651 3303 730 3360 Et
756 3303 1009 3360 Salomon
1042 3303 1173 3359 dicit
1223 3319 1238 3356 :
1276 3303 1418 3358 .lusti
1448 3313 1618 3358 autem
1645 3301 1914 3374 fulgebunt
1953 3300 2083 3356 sicut

491 3396 656 3452 steltw
693 3397 805 3452 (mli
851 3397 1006 3469 (Sap.
1038 3411 1121 3464 ιιι,
1166 3395 1248 3466 7).
1291 3394 1504 3452 Scimus
1553 3404 1732 3451 autem
1777 3409 1810 3450 a
1857 3393 2084 3450 Domino

487 3488 709 3545 nomina
741 3488 926 3543 vocari
950 3500 1108 3557 posse
1137 3495 1468 3553 sanctorum,
1499 3486 1718 3557 quando
1743 3500 1837 3542 eos
1868 3486 1923 3540 in
1943 3488 2082 3543 coelo

481 3578 720 3650 legimus
747 3593 868 3636 esse
895 3578 1231 3650 conscriptos
1259 3622 1273 3648 ,
1332 3578 1471 3658 sicut
1499 3579 1557 3634 in
1589 3577 1881 3651 Evangelio
1912 3579 2078 3635 dicit:

488 3668 669 3726 Nolite
688 3671 901 3742 gloriari
919 3672 1040 3743 quia
1065 3671 1321 3726 daemonia
1342 3672 1567 3744 subjecta
1591 3681 1710 3726 sunt
1739 3673 1875 3728 vobis
1897 3690 1918 3741 ;
1959 3689 2081 3746 gau-

489 3761 604 3818 dete
632 3770 802 3816 autem
842 3772 891 3817 et
929 3763 1201 3829 exsultate,
1253 3763 1376 3832 quia
1423 3763 1636 3818 nontina
1677 3772 1842 3818 vestra
1891 3765 2083 3835 scripta

485 3862 607 3910 sunt
631 3853 696 3909 in
712 3854 850 3910 catis
873 3853 1028 3925 (Luc.
1061 3869 1118 3921 ι,
1145 3852 1263 3920 20).

557 3950 716 4008 Vers.
747 3949 802 4009 5.
844 3949 1068 4022 Magnus
1100 3949 1350 4006 Dominus
1376 3957 1564 4017 noster,
1616 3957 1664 4004 et
1704 3966 1890 4021 magna
1922 3949 2081 4004 uirtus

489 4046 628 4118 ejus,
675 4053 723 4099 et
769 4039 1032 4117 sapientia:
1077 4047 1188 4118 ejus
1216 4061 1317 4098 non
1349 4053 1422 4099 est
1459 4034 1750 4098 numerus!
1796 4044 1852 4098 In
1895 4046 1996 4100 hoc
2025 4052 2080 4099 et

491 4133 740 4204 sequenti
765 4148 926 4190 versu
969 4149 1002 4188 a
1047 4133 1436 4205 magnitudine,
1475 4132 1685 4189 Domini
1727 4135 1844 4188 laus
1883 4133 2079 4190 decora

487 4223 755 4282 cantatur.
801 4223 1037 4282 Dicendo
1067 4226 1236 4292 enim,
1285 4225 1509 4296 Magnus
1533 4225 1788 4280 Dominus
1817 4237 1864 4281 et
1888 4242 2079 4298 magna

485 4316 648 4372 uirtus
675 4319 807 4388 ejus,
841 4326 888 4370 et
913 4317 1180 4388 sapientia:
1205 4321 1318 4390 ejus
1351 4333 1453 4371 non
1492 4325 1564 4372 est
1606 4333 1868 4372 numerus.
1895 4317 2077 4373 Susci-

489 4409 634 4480 piens
664 4417 954 4463 mansuetos
979 4406 1254 4475 Dominus,
1283 4409 1568 4464 humilians
1589 4419 1761 4464 autem
1791 4420 2079 4481 peccatores

491 4517 652 4574 usque
679 4501 748 4556 ad
771 4510 976 4568 terram,
1015 4500 1329 4572 magnitudo
1349 4501 1465 4571 eius
1488 4501 1731 4557 absolute
1752 4502 2074 4559 declaratur.

2259 3300 2416 3358 Yers.
2443 3299 2498 3356 8.
2543 3299 2646 3368 Qui
2674 3300 2838 3372 operit
2859 3298 3045 3354 etclam
3067 3297 3313 3370 nubibus,
3355 3308 3402 3353 et
3435 3310 3581 3370 parat
3629 3308 3779 3356 teme

2185 3391 2433 3464 pluviam.
2493 3391 2596 3458 Qui
2631 3393 2868 3464 producit
2898 3393 2950 3448 in
2991 3391 3244 3446 montibus
3285 3392 3462 3463 fenum
3499 3401 3545 3448 et
3573 3394 3782 3450 herbam

2187 3485 2416 3542 servituti
2456 3483 2739 3542 hominum.
2789 3485 2845 3540 ln
2874 3484 2976 3542 hoc
3019 3495 3074 3541 et
3129 3485 3373 3556 sequenti
3403 3501 3564 3544 versu
3602 3486 3780 3548 denuo

2186 3575 2399 3630 Domini
2425 3589 2588 3646 opera
2619 3585 3005 3633 memorantur.
3059 3577 3196 3634 Dicit
3222 3577 3367 3634 enim
3412 3597 3424 3633 :
3477 3579 3581 3647 Qui
3614 3581 3775 3648 operit

2183 3669 2367 3725 caelum
2401 3669 2640 3733 nubibus,
2687 3677 2734 3724 et
2764 3679 2912 3741 parat
2939 3679 3088 3726 terra!
3115 3671 3361 3741 pluviam.
3407 3671 3506 3735 Qui
3536 3673 3775 3740 producit

2182 3765 2239 3820 in
2279 3765 2531 3820 montibus
2559 3764 2735 3834 fenum
2763 3769 2810 3817 et
2850 3761 3059 3817 herbam
3087 3763 3317 3817 servituti
3347 3763 3633 3816 hominum.
3673 3764 3779 3831 Qui

2184 3855 2270 3909 dat
2291 3855 2538 3927 jumentis
2573 3869 2740 3909 escam
2766 3855 3019 3924 ipsorum,
3051 3862 3100 3907 et
3134 3854 3288 3923 pullis
3316 3867 3573 3906 corvorum
3617 3853 3770 3906 invo-

2185 3949 2412 4004 cantibus
2436 3965 2571 4003 eum.
2622 3947 2761 4016 Quid
2800 3947 2944 4002 enim
2975 3947 3249 4018 potentius
3273 3941 3767 4017 quam-Creatorem

2185 4041 2451 4098 creaturis
2485 4041 2597 4096 suis
2624 4039 2952 4110 competenti
3000 4039 3222 4096 modulo
3261 4036 3583 4095 subvenire?
3631 4037 3771 4093 Fre-

2184 4143 2418 4204 quenter
2446 4130 2610 4206 494
2639 4141 2817 4188 autem
2848 4132 3122 4204 Scriptura
3157 4133 3332 4188 divina
3363 4131 3505 4186 hanc
3533 4130 3777 4200 speciem

2185 4227 2516 4284 deﬁnitionis
2565 4227 2940 4298 amplectitur,
2989 4235 3049 4282 ut
3092 4240 3190 4296 per
3234 4226 3288 4280 id
3331 4224 3473 4296 quod
3515 4224 3778 4280 Dominus

2184 4330 2458 4392 operatur,
2493 4320 2660 4377 virtus
2691 4321 2805 4392 ejus
2842 4330 3184 4391 potestasque
3211 4326 3567 4374 monstretur.
3623 4317 3777 4385 Quod

2183 4429 2326 4470 nunc
2357 4429 2456 4486 per
2505 4415 2668 4470 istum
2695 4423 2750 4470 et
2785 4414 2948 4469 alium
2989 4429 3203 4470 versum
3233 4418 3631 4482 consequenter
3657 4410 3778 4467 efﬁ-

2184 4508 2346 4562 citur.
2372 4507 2504 4563 Nam
2531 4522 2651 4562 cum
2675 4506 2923 4576 superius
2956 4506 3218 4576 posuisset
3251 4521 3263 4557 :
3299 4504 3525 4574 Incipite
3558 4503 3778 4559 Domino

477 4591 628 4649 Nam
657 4607 778 4648 cum
808 4591 1057 4662 superius
1087 4591 1346 4663 propheta
1374 4607 1470 4664 per
1491 4591 1732 4648 diversas
1761 4605 1940 4660 partes
1969 4594 2084 4650 lau-
2108 4591 2242 4656 Din
2265 4601 2603 4674 confessione,
2636 4614 2783 4656 nunc
2808 4600 2892 4654 cui
2927 4597 3151 4653 Domino
3177 4596 3251 4652 sit
3275 4595 3640 4652 conﬁtendum
3662 4598 3771 4651 evi-

489 4685 575 4742 dis
625 4691 960 4754 excurreret,
1008 4683 1368 4741 admiratione
1413 4683 1714 4754 completus
1768 4685 2080 4742 exclamat:

490 4781 718 4856 Magnus
746 4780 1003 4836 Dominus
1027 4781 1240 4836 noster!
1285 4779 1470 4850 utique
1498 4778 1654 4851 cuius
1679 4792 1780 4836 nec
1807 4778 1948 4836 facta
1979 4795 2081 4836 nu-

489 4875 712 4944 merari,
741 4888 845 4931 nec
869 4873 992 4929 laus
1016 4863 1274 4944 praevalet
1315 4869 1643 4944 apprehendi
1690 4891 1704 4928 :
1747 4887 2082 4946 congregans

490 4964 860 5035 dispersiones
884 4963 1074 5034 israel,
1125 4976 1325 5019 sanans
1367 4963 1630 5019 contritos
1658 4961 1845 5030 corde,
1888 4979 2081 5021 nume-

473 5068 618 5111 .rans
647 5054 1047 5112 multitudinem
1081 5054 1381 5119 beatorum,
1429 5063 1484 5109 et
1511 5067 1702 5110 omnes
1731 5055 1954 5112 nomine
1979 5068 2078 5112 suo

488 5159 712 5203 vocans.
755 5145 886 5214 Quis
911 5147 1058 5203 enim
1085 5146 1260 5218 possit
1277 5144 1743 5217 comprehendere
1769 5156 1970 5216 quanta
2007 5149 2081 5205 sit

488 5239 559 5296 de
585 5239 794 5312 cunctis
831 5238 1064 5298 collecta
1103 5240 1357 5308 laudatio,
1410 5256 1532 5297 cum
1562 5243 1630 5296 sit
1675 5241 1728 5298 in
1759 5255 2080 5314 unaquaque

477 5347 554 5390 fre
581 5331 1224 5404 mirabilis-magnitudo?
1265 5334 1502 5391 Dicendo
1530 5335 1695 5402 enim,
1739 5343 1934 5402 noster,
1963 5335 2080 5392 cul-

488 5435 640 5483 turas
668 5424 1090 5484 clementissimae
1117 5428 1440 5498 paganitatis
1469 5429 1725 5486 excludit.
1778 5428 1957 5484 Virtus
1983 5445 2077 5486 au-

488 5527 602 5576 tem
628 5532 835 5586 magna,
875 5519 1001 5588 quia
1029 5519 1334 5589 singularis,
1383 5521 1509 5591 quia
1542 5521 1905 5592 omnipotens,
1947 5522 2071 5592 quia

487 5627 670 5671 rerum
691 5612 930 5667 omnium
961 5611 1284 5683 gubernator
1307 5623 1362 5670 et
1383 5615 1629 5671 conditor
1658 5624 1762 5672 est.
1793 5615 2068 5686 Sequitur,

485 5719 537 5765 et
573 5708 837 5781 sapientia:
862 5707 1106 5779 ejusnon
1131 5717 1204 5763 est
1229 5723 1491 5764 numerus.
1537 5710 1635 5765 Hic
1665 5724 1943 5765 numerum
1975 5723 2072 5780 pro

487 5799 598 5858 ﬁne
618 5801 876 5858 debemus
899 5801 1164 5887 accipere,
1192 5801 1314 5870 quia
1345 5801 1520 5855 omnia
1548 5803 1784 5857 calculus
1805 5818 1924 5872 quae
1944 5812 2070 5858 sunt

487 5902 742 5954 timeret
780 5904 836 5954 et
861 5895 1072 5954 deﬁnit.
1124 5894 1397 5978 Sapientia
1423 5909 1554 5955 vero
1588 5897 1683 5953 Dei
1709 5897 2067 5969 quemadmo-

2188 4694 2382 4751 denter
2401 4692 2660 4749 ostendit.
2687 4691 2796 4749 Sed
2818 4689 3064 4762 quamvis
3089 4691 3190 4746 ista
3203 4699 3266 4745 et
3285 4688 3352 4745 ad
3379 4688 3614 4744 litteram
3643 4688 3776 4744 bene

2186 4785 2466 4842 videantur
2507 4781 2749 4854 intelligi,
2797 4781 2988 4838 melius
3019 4791 3198 4837 tamen
3240 4780 3286 4837 si
3309 4779 3604 4850 allegorice
3629 4777 3774 4834 dicta

2186 4876 2469 4934 sentimus.
2493 4873 2687 4931 Caelum
2716 4873 2802 4930 hic
2827 4882 3067 4932 sanctam
3099 4873 3437 4945 prephctiam
3466 4886 3768 4944 coagmen-

2175 4979 2274 5028 .ter
2303 4967 2666 5035 advertimus;
2697 4967 2835 5024 hanc
2857 4965 3036 5024 divina
3064 4967 3370 5037 provisione
3395 4964 3592 5022 similis
3615 4963 3767 5020 nubi-

2179 5064 2290 5120 bus
2340 5063 2469 5133 tegit
2516 5060 2834 5130 obscuritas,
2880 5071 2938 5116 nt
2977 5075 3168 5118 sensus
3212 5070 3426 5118 nostros
3471 5058 3664 5118 incitet
3707 5057 3776 5114 ad

2175 5154 2562 5227 .quterendnm,
2589 5153 2719 5210 dum
2742 5153 2944 5224 gratius
2970 5152 3255 5222 accipitur,
3283 5151 3350 5210 ad
3378 5150 3521 5223 quod
3549 5150 3777 5224 fatigato

2185 5249 2460 5308 desiderio
2500 5248 2831 5327 pervenitur.
2871 5245 3130 5318 Sequitur
3157 5246 3286 5316 quid
3323 5244 3481 5300 nubes
3506 5244 3628 5300 ista
3656 5256 3780 5314 par-

2187 5344 2414 5410 turiant,
2457 5341 2666 5400 scilicet
2701 5350 2760 5396 ut
2799 5340 3012 5412 copiam
3042 5339 3332 5396 videantur
3364 5347 3619 5409 praestare
3659 5337 3782 5408 plu-

2186 5438 2416 5502 viarum,
2441 5436 2544 5492 hoc
2571 5444 2652 5492 est
2671 5434 2867 5490 divinae
2888 5432 3286 5505 praedicationis
3316 5431 3492 5488 fontes
3519 5428 3776 5501 irriguos.

2182 5519 2416 5586 Sed'cui
2465 5536 2623 5584 terrze
2667 5527 2782 5584 haec
2817 5519 2996 5597 pluvia
3027 5535 3265 5596 paratur,
3317 5524 3502 5593 utique
3543 5520 3775 5578 sitienti.

2183 5619 2277 5675 ille
2305 5619 2446 5677 enim
2473 5620 2696 5675 verbum
2721 5618 2931 5674 Domini
2965 5617 3260 5672 eflicaciter
3301 5615 3544 5685 suscipit,
3577 5613 3673 5684 qui
3717 5626 3778 5667 se

2177 5712 2246 5768 ad
2274 5711 2597 5768 audiendum
2625 5727 2859 5782 superno
2905 5726 3131 5766 munere
3159 5709 3535 5766 desideranter
3563 5707 3778 5762 obtule-

2177 5807 2270 5860 rit.
2321 5805 2430 5860 Nec
2449 5818 2602 5861 vacat
2635 5805 2775 5875 quod
2807 5804 2962 5870 dixit,
3009 5811 3183 5876 parat,
3212 5804 3333 5872 quia
3373 5802 3474 5856 nisi
3517 5800 3610 5855 ille
3651 5813 3778 5860 eam

2180 5901 2580 5977 praeparaverit,
2632 5899 2808 5959 nullus
2855 5897 2924 5957 ad
2973 5899 3142 5973 ipsam
3189 5904 3363 5971 potest
3411 5896 3525 5952 suis
3563 5891 3776 5954 meritis
