4114 6362
350 318 489 376 1.037

1254 303 1617 366 EXPOSITIO
1655 277 1723 361 1N
1762 294 2220 359 PSALTERIUM.
2263 295 2455 357 esse.
2498 293 2754 353 CXLvu.

3497 296 3640 357 i038

348 431 648 508 pervenire.
692 430 965 502 Sequitur,
1001 427 1103 497 Qui
1130 425 1366 498 producit
1388 423 1444 478 in
1470 420 1725 475 montibus
1759 390 1935 490 fenum
1967 416 2021 480 Α
2045 412 2381 508 ΜυιιὶΑεηίηι
2432 413 2661 479 timent;
2710 412 2830 508 sed
2854 411 2978 480 quia
3006 384 3315 483 (desperant
3357 412 3426 468 de
3472 412 3639 471 mise-

349 538 397 586 et
438 526 648 582 herbam
675 524 901 579 servituti
931 521 1216 576 hominum.
1252 517 1366 571 [ioc
1394 528 1607 586 quoque
1651 508 1942 583 Spirituali-

350 630 432 677 ter
459 617 828 689 accipiendum
852 623 953 671 est.
983 612 1184 667 Montes
1208 608 1509 680 signiﬁcant
1533 606 1676 660 viros
1700 612 1935 669 sanctos,

351 715 406 771 in
436 712 628 785 quibus
657 711 914 766 Dominus
938 707 1115 763 fenum
1146 704 1473 773 herbam'que
1503 697 1768 770 producit,
1800 695 1944 751 unde

354 803 707 876 simpliciores
737 791 797 859 in.
813 801 1052 857 Ecclesia
1082 797 1347 855 catholica
1388 803 1641 863 tanquam
1680 789 1946 860 simplicia

350 898 590 970 iumenta
620 905 925 967 pascantur.
958 892 1158 947 Fenum
1190 889 1421 960 pertinet
1450 886 1516 941 ad
1538 883 1946 956 praedicationes

354 990 625 1055 robustas,
658 987 816 1042 herba
844 987 908 1041 ad
938 984 1141 1041 monita
1169 981 1434 1036 molliora.
1464 976 1662 1032 Fenum
1683 972 1945 1045 siquidem

354 1081 475 1149 luit,
521 1081 736 1151 quando
776 1079 918 1135 dixit
942 1076 1233 1149 Apostolus
1278 1091 1292 1128 :
1342 1071 1472 1128 Volo
1500 1086 1673 1125 omnes
1715 1070 1946 1122 homines

357 1192 462 1231 esse
490 1177 623 1229 sicut
666 1174 911 1246 meipsum
970 1170 1021 1243 (1
1061 1170 1181 1225 Cor.
1214 1182 1308 1234 vn,
1352 1165 1434 1235 7).
1484 1164 1659 1219 Herba
1704 1178 1720 1216 :
1773 1161 1873 1228 Qui
1898 1175 1953 1215 se

358 1285 461 1324 non
482 1269 727 1335 continet,
757 1268 911 1321 nubat
930 1262 1176 1334 (Ibidem,
1206 1261 1283 1325 9).
1316 1261 1382 1315 Et
1411 1260 1627 1327 iterum,
1659 1254 1793 1311 Volo
1822 1255 1951 1308 ado-

358 1360 660 1416 lescentulas
702 1358 885 1413 viduas
912 1356 1097 1411 nubere
1142 1352 1198 1425 (Ι
1230 1353 1358 1408 Tim.
1394 1369 1448 1418 v,
1481 1350 1593 1423 M).
1639 1349 1710 1405 Et
1736 1362 1946 1415 rursus,

356 1452 463 1510 Lac
490 1454 630 1507 vobis
657 1462 831 1525 potum
858 1452 1001 1519 dedi,
1038 1466 1139 1505 non
1168 1464 1335 1503 escam
1368 1445 1422 1518 (1
1454 1446 1571 1500 Cor.
1604 1460 1683 1511 tu,
1716 1441 1801 1512 2).
1843 1440 1950 1497 Ista

358 1547 503 1603 enim
550 1546 756 1601 minora
798 1555 1065 1614 praecepta
1098 1541 1282 1597 herbis
1326 1539 1518 1595 merito
1547 1542 1951 1606 comparantur.

358 1638 491 1695 Nam
530 1637 676 1708 quod
726 1637 877 1704 dicit,
924 1636 1153 1691 servituti
1201 1633 1487 1697 hominum,
1529 1629 1795 1703 signiﬁcat
1835 1625 1955 1684 usui

362 1729 598 1787 humano
629 1730 903 1801 deputata.
957 1728 1109 1785 Unde
1136 1727 1383 1783 absolute
1407 1723 1770 1795 cognoscitur,
1799 1735 1957 1793 supe-

2051 504 2285 561 ricordia
2326 505 2462 575 ejus,
2508 504 2730 560 minime
2759 503 3053 575 diliguntur
3090 523 3103 558 :
3146 506 3284 560 sicut
3312 504 3502 575 Judas,
3551 506 3646 579 qui

2049 607 2172 669 post
2214 599 2462 654 timorem
2504 598 2677 668 culpa:
2716 598 3026 668 recognitte,
3071 612 3178 652 non
3208 599 3643 669 supplicandum,

2049 692 2146 750 sed
2186 692 2580 763 desperandum
2623 692 2803 762 potius
2830 693 3135 748 aestimavit.
3173 691 3269 749 Ille
3299 692 3450 749 cnim
3484 695 3648 752 timor

2050 786 2165 843 Deo
2202 787 2459 857 probatur
2515 795 2800 855 acceptus,
2863 786 2954 857 qui
2992 800 3115 842 cum
3170 801 3361 843 amore
3407 789 3646 846 maximo

2051 884 2106 934 et
2132 876 2215 947 pia
2244 876 2663 948 prmsumptione
2692 877 3055 949 coniungitur.
3084 877 3295 934 Timeat
3318 894 3450 950 ergo
3481 895 3648 937 unus-

2052 971 2277 1042 quisque
2322 987 2391 1028 ne
2431 981 2634 1042 peccet,
2683 980 2829 1027 amet
2866 980 2927 1026 ut
2995 972 3276 1044 supplicet.
3320 972 3453 1030 Nam
3492 975 3538 1031 si
3563 988 3648 1032 ro-

2052 1072 2273 1137 gaturus
2299 1081 2407 1121 non
2437 1074 2539 1134 est,
2569 1064 2672 1121 hoc
2697 1064 2827 1120 facit
2856 1072 2913 1120 et
2940 1064 3034 1122 ille
3065 1066 3154 1137 qui
3185 1080 3293 1122 non
3326 1067 3497 1124 timet.

2601 1179 2874 1236 Conclusio
2900 1180 3112 1252 psalmi.

2126 1290 2197 1348 Et
2237 1292 2380 1348 hunc
2422 1306 2636 1364 quoque
2666 1293 2933 1363 psalmum
2962 1291 3033 1349 ad
3073 1292 3239 1350 ﬁnem
3269 1293 3452 1350 seculi
3482 1295 3654 1364 perti~

2058 1399 2190 1442 nere
2229 1400 2339 1441 non
2387 1385 2607 1441 dubium
2650 1395 2755 1452 est,
2809 1385 3028 1457 quando
3075 1385 3443 1457 dispersiones
3490 1388 3654 1445 Israel
3747 1430 3756 1440 .

2057 1479 2115 1535 in
2153 1492 2319 1534 unum
2349 1478 2609 1550 populum
2651 1486 3069 1549 congregantur,
3111 1489 3169 1533 ut
3210 1478 3299 1534 ﬁat
3344 1494 3485 1535 unus
3521 1494 3654 1550 grex

2058 1574 2116 1625 et
2161 1576 2343 1638 pastor
2384 1583 2524 1624 unus
2552 1566 2755 1640 {(Joan.
2786 1582 2863 1637 χι,
2897 1566 3010 1639 16).
3064 1567 3110 1624 Ο
3148 1567 3368 1625 beatum
3415 1578 3655 1641 tempus,

2059 1660 2276 1731 quando
2306 1660 2514 1732 lapides
2542 1662 2620 1717 illi
2646 1662 2748 1717 vivi
2790 1660 3140 1731 pretiosiores
3163 1663 3418 1720 omnibus
3447 1679 3659 1736 marga-

2061 1755 2182 1813 ritis
2219 1756 2272 1811 in
2301 1755 2578 1812 caelestem
2610 1755 2866 1811 fabricam
2901 1764 2956 1811 et
2984 1763 3241 1812 aeternam
3265 1755 3657 1813 beatitudinem

370 1825 515 1921 "9!“
544 1839 664 1921 quin
693 1823 831 1921 diu?
862 1830 1007 1921 ξυηβ
1041 1821 1109 1877 ad
1144 1819 1388 1921 liomines
1412 1831 1533 1921 €556
1553 1813 1855 1921 referengda’
1878 1846 1928 1921 ,ᾖ
1989 1822 2039 1883 Β
2065 1849 2421 1921 colliguntur!
2453 1848 2603 1905 Tunc
2630 1847 2918 1919 unicuique
2938 1857 3250 1903 sanctorum
3271 1848 3376 1903 erit
3411 1847 3658 1904 dulcissis

431 1917 583 1974 Vers.
614 1917 668 1973 9.
716 1917 819 1985 Qui
848 1918 936 1972 dat
953 1915 1200 1988 jumentis
1232 1929 1400 1969 escam
1423 1913 1673 1984 ipsorum,
1724 1916 1771 1963 et
1796 1908 1956 1978 pullis

358 2029 623 2070 corvorum
664 2011 1021 2068 invocantibus
1068 2026 1200 2064 eum.
1253 2007 1504 2064 Jumenta
1551 2003 1949 2062 ecclesiasticos

359 2105 662 2177 signiﬁcant
690 2119 901 2175 greges,
935 2102 1027 2173 qui
1052 2100 1378 2171 competenti
1401 2096 1697 2155 refectione
1726 2110 1956 2167 pascun-

360 2204 469 2265 tur,
517 2196 608 2251 alii
649 2195 809 2263 lacte,
864 2194 957 2248 alii
1001 2193 1121 2248 cibo
1151 2191 1349 2257 solido,
1397 2196 1562 2260 prout
1590 2184 1958 2259 dispensatori

363 2288 539 2344 visum
586 2286 767 2354 fuerit,
829 2285 918 2356 qui
967 2284 1117 2340 solus
1159 2284 1309 2338 novit
1354 2295 1475 2352 qum
1505 2286 1630 2336 sunt
1681 2279 1957 2350 profutura

364 2388 641 2455 praestare.
675 2376 824 2433 Corvi
853 2384 977 2431 sunt
1017 2372 1303 2445 irreligiosi
1333 2371 1456 2438 viri,
1499 2370 1591 2441 qui
1619 2378 1961 2441 peccatorum

361 2473 643 2546 nigredine
707 2470 1142 2544 inseparabiliter
1201 2466 1545 2533 vestiuntur,
1628 2477 1728 2520 nec
1783 2463 1962 2536 aliquo

363 2566 650 2639 splendore
671 2565 1042 2621 conversionis
1071 2562 1404 2619 eluceseunt.
1455 2557 1602 2612 Pulli
1629 2572 1759 2614 vero
1783 2573 1962 2612 corvo—

364 2676 482 2714 rum
524 2658 608 2730 (ut
638 2657 939 2729 physiologi
968 2653 1179 2726 volunt)
1223 2652 1435 2709 caelesti
1479 2664 1603 2707 rore
1649 2656 1957 2715 vescuntur,

364 2762 418 2808 et
460 2750 637 2807 adhuc
680 2760 929 2822 paternas
976 2762 1151 2817 escas,
1204 2747 1257 2800 id
1288 2753 1373 2801 est
1400 2743 1725 2801 cadaverum
1758 2741 1961 2797 fetores

363 2843 631 2901 beneﬁcio
676 2841 851 2897 aetatis
908 2840 1178 2912 ignorant.
1234 2837 1575 2908 Quapropter
1631 2848 1962 2908 paganorum

363 2932 490 2989 ﬁliis
528 2941 691 3002 atque
718 2944 1097 3003 perversorum
1125 2927 1219 2984 dat
1262 2942 1466 2997 escam,
1514 2925 1643 2998 quia
1683 2937 1963 2998 paternam

364 3024 531 3079 vitam
573 3023 896 3079 innocentiae
945 3035 1170 3078 munere
1214 3036 1323 3077 non
1361 3029 1679 3092 sequuntur.
1730 3020 1798 3075 Et
1839 3019 1963 3075 vide

368 3117 494 3189 quid
522 3116 749 3183 addidit,
802 3116 1155 3173 invocantibus
1199 3132 1316 3171 eum
1360 3132 1380 3170 :
1427 3113 1679 3186 quoniam
1711 3113 1811 3169 soli
1861 3110 1964 3182 ipsi

368 3226 491 3268 eum
517 3212 769 3267 invocant
797 3211 886 3281 qui
918 3210 1130 3281 regulas
1173 3209 1572 3280 Scripturarum
1614 3208 1761 3263 nulla
1791 3207 1964 3263 haere-
1990 3210 2041 3278 ο

370 3305 474 3361 tica
500 3306 765 3375 pravitate
793 3305 1130 3361 subvertunt.
1163 3304 1276 3359 Hoc
1304 3303 1404 3358 nisi
1430 3302 1498 3358 ad
1543 3302 1795 3357 homines
1824 3300 1967 3357 refe-

375 3414 485 3469 ras,
512 3401 751 3453 invocare
778 3397 1080 3464 Dominum,
1122 3395 1574 3469 quemadmodum
1606 3403 1783 3466 potest
1808 3394 1966 3465 pullis

370 3490 664 3555 convenire
692 3488 1020 3545 corvorum?

442 3581 601 3638 Vers.
630 3581 718 3637 10.
764 3581 885 3636 Νοη
912 3582 969 3636 in
1007 3581 1197 3635 viribus
1236 3580 1350 3651 equi
1394 3578 1701 3634 voluntatem
1744 3577 1965 3645 habebit,

373 3689 464 3729 nec
493 3674 549 3727 in
578 3672 916 3726 tabernaculis
942 3673 1036 3725 viri
1064 3671 1435 3742 beneplacilum
1462 3679 1535 3724 est
1560 3671 1628 3726 ei.
1675 3669 1966 3740 Postquam

372 3765 613 3821 narravit
640 3763 733 3819 illa
762 3778 882 3834 qua:
927 3762 1052 3818 fecit
1081 3762 1359 3830 Dominus,
1408 3776 1552 3816 nunc
1597 3760 1727 3816 dicit
1753 3777 1873 3832 quae
1918 3761 1969 3817 ei

372 3864 605 3928 possunt
631 3855 955 3912 omnimodis
979 3854 1288 3926 displicere.
1337 3854 1520 3923 Equus
1555 3853 1623 3908 ad
1656 3852 1966 3923 superbiam

372 3950 692 4022 plerumque
719 3949 935 4020 ponitur
960 3947 1300 4004 indicandam
1327 3963 1343 4013 ;
1394 3962 1520 4002 nam
1544 3957 1601 4004 et
1638 3948 1815 4018 ipsum
1846 3947 1966 4002 ani-

373 4044 485 4100 mal
510 4043 719 4098 cervice
751 4056 1103 4112 praesumens,
1153 4039 1320 4096 frenis
1351 4053 1568 4109 semper
1598 4039 1881 4104 incumbit,
1912 4047 1967 4095 et

374 4134 444 4191 ad
486 4149 679 4192 cursus
720 4134 937 4205 rapidos
986 4147 1241 4203 spumosa
1274 4130 1678 4187 concertatione
1722 4130 1962 4186 festinat.

377 4225 515 4282 Huic
539 4226 807 4297 superbus
832 4226 995 4282 homo
1028 4236 1187 4296 atque
1217 4224 1569 4294 praetumidus
1598 4233 1966 4295 comparatur,

376 4318 465 4373 cui
486 4317 749 4372 Divinitas
773 4332 882 4373 non
904 4324 1082 4387 potest
1105 4331 1228 4373 esse
1254 4316 1551 4387 placabilis,
1578 4316 1702 4388 quia
1723 4330 1969 4373 mansue-

378 4418 465 4465 tos
486 4411 635 4482 eligit
662 4419 717 4467 et
757 4410 1017 4479 devotos,
1069 4410 1209 4466 sicut
1236 4417 1292 4466 et
1334 4408 1471 4465 alius
1511 4409 1751 4481 psalmus
1793 4409 1964 4466 dicit:

376 4497 574 4555 Fallax
600 4517 758 4572 equus
787 4503 856 4556 ad
885 4501 1105 4556 salutem
1137 4501 1309 4572 (Psal.
1336 4517 1503 4572 χχιιι,
1536 4503 1650 4572 i7).
1704 4503 1771 4558 Et
1796 4502 1922 4558 alibi
1952 4521 1966 4557 :

2062 1955 2185 1998 mus
2212 1942 2365 2000 labor
2383 1956 2537 2009 suus,
2581 1941 2776 2012 quibus
2798 1940 2972 2009 pariet
2999 1939 3178 1996 luctus
3199 1937 3655 2007 consolationem,

2062 2035 2368 2110 persecutio
2415 2044 2673 2090 aeternam
2720 2032 2983 2101 requiem,
3029 2040 3319 2102 paupertas
3374 2029 3461 2100 pia
3504 2028 3661 2085 dabit

2062 2143 2230 2201 regna
2254 2125 2495 2185 cmlestia
2511 2165 2528 2195 ,
2553 2132 2608 2182 et
2632 2123 2899 2197 quidquid
2921 2124 3007 2179 hic
3033 2124 3267 2194 graviter
3292 2122 3653 2194 pertulerunt,

2063 2223 2140 2282 ibi
2182 2238 2243 2280 se
2278 2223 2402 2279 talia
2447 2220 2772 2277 sustinuisse
2814 2219 3145 2291 gaudebunt.
3199 2219 3370 2289 Dona,
3403 2218 3659 2287 Domine,

2066 2315 2159 2373 hic
2187 2314 2500 2386 patientiam
2527 2314 2816 2382 malorum,
2867 2320 2925 2368 ut
2964 2310 3075 2368 illic
3117 2310 3293 2368 facias
3319 2309 3480 2367 nobis
3516 2324 3656 2382 gau-

2067 2405 2217 2464 dium
2243 2418 2367 2463 esse
2394 2411 2737 2475 perpetuum.

2553 2557 2873 2618 PSALMUS
2911 2556 3165 2617 CXLVII:

2734 2671 2980 2729 Alleluia.

2141 2792 2223 2849 Ad
2274 2796 2591 2849 consuetum
2631 2789 2851 2861 quidem
2895 2791 3125 2847 Alleluia
3170 2792 3517 2864 revertimur,
3567 2795 3662 2853 sed

2068 2885 2174 2942 hoc
2219 2885 2525 2941 nullatenus
2573 2892 2825 2956 repetere
2876 2883 3182 2941 fastidimus
3246 2903 3260 2940 :
3321 2895 3514 2958 gustus
3572 2890 3663 2960 qui

2068 2990 2287 3047 semper
2310 2977 2603 3047 appetitur,
2647 2976 2864 3031 auditus
2907 2977 3000 3047 qui
3047 2990 3157 3033 non
3204 2975 3371 3034 habet
3419 2978 3661 3051 taedium,

2080 3069 2384 3125 intellectus
2412 3069 2503 3140 qui
2547 3068 2665 3125 sine
2709 3069 2894 3125 labore
2946 3069 3258 3140 percipitur.
3308 3068 3476 3141 Cujus
3513 3073 3661 3129 verbi

2069 3170 2254 3219 tantus
2281 3161 2458 3218 honor
2484 3169 2591 3231 est,
2642 3168 2701 3217 ut
2739 3174 2863 3218 cum
2890 3161 2962 3217 sit
3005 3160 3063 3217 in
3095 3161 3321 3219 Hebraea
3351 3162 3530 3235 lingua
3574 3179 3660 3222 re-

2070 3254 2368 3324 conditum,
2399 3253 2549 3309 nullo
2586 3260 2769 3310 tamen
2812 3261 3025 3310 constet
3062 3254 3170 3310 alio
3199 3270 3456 3313 sermone
3484 3266 3661 3315 trans-

2069 3347 2259 3403 latum.
2314 3332 2430 3401 Hoc
2466 3345 2705 3415 Graecus,
2758 3346 2860 3402 hoc
2922 3344 3167 3416 Latinus,
3220 3346 3326 3404 hoc
3354 3348 3665 3422 Chaldaeus,

2069 3439 2176 3497 hoc
2202 3440 2393 3513 Syrus,
2448 3439 2552 3495 hoc
2578 3439 2764 3506 Persa,
2821 3438 2924 3495 hoc
2954 3440 3151 3509 Arabs,
3200 3440 3303 3497 hoc
3335 3450 3481 3500 tenet
3519 3448 3665 3503 natio

2070 3542 2264 3592 cuncta
2292 3543 2592 3600 terrarum;
2636 3542 2692 3589 et
2718 3533 2977 3605 quidquid
3006 3544 3091 3591 est
3109 3534 3349 3592 deditum
3374 3537 3666 3610 Divinitati,

2071 3629 2391 3699 dignitatem
2437 3624 2598 3696 hujus
2644 3627 2878 3682 nominis
2907 3626 2995 3697 pia
3039 3627 3328 3685 devoﬁone
3353 3639 3664 3688 veneratur.

2072 3719 2219 3775 Nulli
2244 3719 2533 3785 absonum,
2582 3717 2712 3773 nulli
2741 3717 2954 3773 videtur
2975 3718 3308 3787 absurdum;
3351 3721 3446 3777 sed
3476 3735 3666 3779 omnes

2073 3812 2352 3869 celebrant
2395 3809 2591 3881 gaudia
2634 3824 2730 3865 sua
2778 3810 2937 3880 hujus
2966 3811 3202 3867 nominis
3242 3813 3509 3870 suavitate
3539 3828 3663 3883 pro-

2070 3904 2203 3959 lata.
2234 3902 2349 3957 Hoc
2392 3915 2521 3970 ergo
2546 3915 2679 3970 pura
2711 3909 2894 3957 mente
2922 3909 3223 3968 cantemus,
3252 3902 3489 3973 totisque
3512 3903 3570 3959 in
3597 3918 3664 3961 eo

2070 3994 2279 4052 viribus
2303 4009 2632 4065 occupamur
2658 4010 2673 4061 ;
2725 4004 2784 4051 ut
2816 3995 2959 4050 sicut
2983 3995 3261 4065 corporeis
3287 3996 3506 4053 auribus
3544 3995 3664 4053 dul-

2071 4087 2327 4143 cissimus
2351 4100 2519 4144 sonus
2543 4086 2808 4158 redditur,
2834 4087 2907 4143 ita
2928 4094 2984 4143 et
3003 4086 3184 4144 cordis
3204 4088 3516 4146 sinceritate
3540 4104 3664 4161 pro-

2069 4179 2300 4236 feratur.

2539 4293 2703 4368 595
2742 4293 2942 4350 Divisio
2981 4293 3187 4365 psalmi.

2141 4406 2323 4463 Primo
2367 4404 2547 4477 capite
2589 4407 2854 4477 prOpbeta
2880 4406 2948 4462 ad
2977 4405 3301 4476 Jerusalem,
3352 4406 3407 4464 id
3445 4410 3664 4465 estsu-

2070 4514 2294 4572 pcrnam
2325 4499 2560 4555 breviter
2583 4499 2819 4571 loquitur
2847 4499 3119 4557 civitatem
3147 4540 3165 4569 ,
3214 4508 3273 4556 ut
3314 4514 3504 4557 secura
3546 4501 3663 4573 jam

378 4592 455 4647 Hi
483 4594 536 4647 in
581 4593 837 4664 curribus,
888 4605 932 4648 et
959 4594 1014 4647 hi
1041 4596 1097 4649 in
1127 4596 1302 4665 equis;
1351 4610 1441 4649 nos
1467 4604 1640 4651 autem
1681 4596 1735 4651 in
1764 4598 1968 4653 nomine
1994 4613 2049 4675 D
2077 4594 2288 4651 reddita
2318 4594 2370 4648 in
2400 4594 2609 4650 civibus
2638 4593 2771 4662 suis,
2805 4593 3089 4649 Dominum
3112 4592 3306 4649 debeat
3341 4592 3454 4665 jugl
3480 4594 3664 4651 exsul—

376 4684 587 4743 Domini
609 4685 709 4747 Dei
735 4688 893 4744 nostri
924 4689 1364 4758 inagni/icabimur
1385 4687 1558 4759 (Psal.
1592 4706 1703 4755 nx,
1735 4691 1811 4762 8).
1863 4691 1967 4747 Ταρ-

380 4779 660 4836 bernacula
695 4781 922 4836 virorum
962 4781 1256 4838 inﬁdelium
1299 4791 1424 4838 sunt
1470 4784 1842 4841 conventicula
1872 4784 1967 4841 de-

381 4873 643 4939 mentium
686 4888 1034 4943 paganorum,
1085 4889 1203 4943 qua:
1242 4889 1301 4937 se
1342 4874 1395 4929 in
1427 4874 1664 4932 culturas
1706 4876 1965 4947 pessimas

381 4980 600 5035 semper
639 4966 959 5022 extendunt.
990 4966 1219 5037 Respice
1249 4968 1357 5022 vim
1383 4970 1694 5036 verborum,
1739 4971 1858 5040 quia
1889 4970 1965 5024 vi-

382 5076 559 5116 rorum
584 5060 715 5114 dixit
742 5060 1095 5127 tabernacula,
1134 5075 1241 5115 non
1271 5060 1473 5129 divina,
1519 5061 1573 5116 id
1603 5069 1685 5117 est
1709 5076 1967 5132 prasum-

381 5155 595 5225 ptiones
612 5153 993 5222 illicitas,quas
1016 5153 1116 5208 sibi
1136 5153 1366 5208 audaces
1382 5153 1627 5211 homines
1641 5155 1855 5225 propria
1877 5168 1970 5210 vo-

384 5246 589 5305 luntate
635 5247 987 5302 constituunt.
1035 5247 1128 5301 Vir
1174 5249 1316 5304 enim
1349 5256 1403 5303 et
1441 5248 1496 5303 in
1539 5248 1680 5305 malo
1727 5251 1962 5321 ponitur,

382 5338 521 5394 sicut
550 5347 633 5394 est
661 5337 792 5393 illud
825 5355 839 5392 :
884 5337 1059 5393 Virum
1088 5340 1397 5412 sanguinum
1426 5349 1473 5395 et
1512 5341 1745 5397 dolosam
1773 5344 1968 5399 abomi-

383 5430 588 5484 nabitur
611 5428 865 5486 'Dominus
894 5430 1063 5499 (Psal.
1094 5448 1148 5497 v,
1177 5432 1255 5502 7).

456 5522 611 5579 Vers.
648 5524 733 5578 11.
774 5523 1162 5595 Beneplacitum
1202 5531 1273 5580 est
1304 5524 1522 5581 Domine
1552 5544 1702 5596 super
1734 5530 1965 5586 timentes

386 5632 523 5683 eum,
577 5628 624 5671 et
668 5620 719 5672 in
763 5620 837 5673 eis
874 5621 962 5689 qui
1001 5631 1206 5687 sperant
1234 5636 1383 5692 super
1436 5621 1779 5676 misericordia
1829 5628 1965 5695 ejus.

385 5710 644 5779 Superius
684 5712 823 5768 dixit
866 5716 957 5782 qui
987 5714 1035 5769 ei
1066 5724 1309 5784 poterant
1344 5714 1651 5783 displicere,
1706 5731 1846 5771 nunc
1876 5718 1965 5773 di-

388 5803 461 5855 cit
487 5804 669 5872 qualcs
695 5805 801 5860 sint
828 5806 904 5860 illi
934 5808 1024 5877 qui
1056 5809 1280 5875 placent.
1333 5810 1489 5861 Amat
1520 5807 1700 5876 itaque
1732 5824 1825 5863 eos
1857 5808 1963 5864 Do-

392 5893 570 5977 minus
597 5894 689 5967 qui
718 5911 837 5953 eum
866 5899 1169 5971 formidant,
1218 5899 1313 5956 scd
1340 5915 1444 5956 non
1470 5900 1661 5955 timore
1688 5899 1961 5972 degeneri.

2080 4688 2284 4743 tatione
2308 4686 2550 4744 laudare.
2580 4686 2827 4743 Secundo
2855 4686 3097 4759 mysticis
3122 4686 3475 4743 allusionibus
3501 4686 3663 4745 latius

2077 4791 2374 4848 enumerat,
2417 4791 2612 4851 quanta
2655 4780 2853 4853 populo
2893 4794 2993 4857 suo
3018 4781 3139 4853 pius
3167 4780 3451 4837 miserator
3482 4780 3660 4839 indul-

2075 4874 2229 4932 serit.

2610 4964 2883 5035 Expositio
2912 4965 3122 5036 psalmi.

2146 5057 2302 5115 Vers.
2359 5058 2411 5113 i.
2477 5058 2687 5125 Lauda,
2732 5058 3055 5127 Jerusalem,
3114 5055 3441 5126 Dominum;
3502 5058 3662 5119 lauda

2073 5151 2243 5207 Deum
2265 5162 2428 5217 tuum,
2458 5153 2609 5210 Sion.
2644 5151 2887 5209 Psalmus
2917 5152 3004 5208 hic
3031 5166 3063 5208 a
3094 5153 3267 5222 primo
3297 5168 3452 5210 versu
3492 5170 3662 5228 usque

2073 5245 2141 5300 ad
2167 5246 2325 5301 ﬁnem
2353 5246 2645 5316 potentiam
2670 5246 2883 5301 Domini
2910 5245 3301 5316 praedicandam
3328 5261 3660 5306 commemo-

2072 5348 2199 5409 rat,
2229 5341 2371 5419 quod
2400 5342 2588 5412 psalmi
2616 5341 2786 5412 ipsius
2816 5342 3080 5400 relatione
3107 5344 3410 5413 cognoscis.
3441 5344 3658 5403 Jerusa-

2073 5436 2171 5491 lem
2203 5436 2363 5509 (sicut
2397 5436 2507 5506 jam
2550 5450 2694 5506 saepe
2725 5436 2927 5491 dictum
2967 5438 3075 5509 est)
3106 5438 3491 5508 interpretatur
3519 5440 3673 5498 visio.

2078 5527 2247 5598 pacis,
2288 5543 2405 5597 quae.
2447 5528 2660 5598 proprie
2702 5526 2767 5581 ad
2797 5528 2941 5582 illam
2972 5528 3244 5584 civitatem
3275 5531 3503 5600 pertinet
3530 5546 3652 5601 qum

2078 5621 2326 5675 vitiorum
2357 5628 2413 5675 et
2434 5618 2810 5674 scandalorum
2836 5622 3107 5676 consortia
3131 5637 3237 5677 non
3278 5623 3515 5678 habebit.
3546 5623 3653 5679 Sed

2077 5712 2175 5767 ista
2203 5712 2332 5766 visio
2362 5712 2503 5780 pacis
2536 5714 2636 5767 erit
2672 5713 2878 5767 Domini
2920 5715 3301 5786 contemplatio
3332 5716 3648 5786 Salvatoris,

2077 5822 2233 5877 quam
2275 5822 2433 5861 nemo
2476 5805 2608 5861 alter
2654 5808 2963 5874 merebitur,
3023 5810 3119 5864 nisi
3168 5813 3255 5879 qui
3306 5809 3371 5865 ab
3401 5809 3652 5866 universa

2034 5950 2041 5955 ,
2077 5900 2273 5957 mentis
2317 5900 2714 5973 perturbatione
2759 5900 3037 5960 liberatur.
3091 5900 3242 5960 Unde
3286 5904 3480 5973 merito
3535 5902 3654 5964 haec
