4114 6362
460 301 599 359 i039
620 294 631 307 ”

1693 297 1766 356 Μ..
1804 295 2087 358 AURELII
2121 293 2525 357 CASSIODORI

3601 281 3766 353 toto

457 416 569 473 duo
599 417 814 475 nomina
847 418 1039 476 futuras
1085 418 1163 476 illi
1207 396 1535 478 conveniunt
1580 418 1806 486 civitati,
1861 419 2044 490 adcpti
2071 420 2126 482 Α
2154 420 2418 494 propheta
2448 419 2597 475 venit
2623 417 2691 474 ad
2737 415 3030 474 secundum
3067 421 3246 486 caput,
3287 400 3342 470 in
3374 426 3480 484 quo
3520 429 3750 472 munera

456 511 670 580 praemii
698 526 916 578 munus,
951 521 1005 568 et
1033 512 1347 568 vocabulum
1378 513 1610 569 sublime
1639 515 1889 585 pastoris.

532 603 688 660 Vers.
713 605 1072 682 2.,Ωιιοηὶίιηι
1114 609 1420 678 confortavit
1447 625 1587 664 seras
1615 619 1877 679 portarunt
1926 622 2044 665 tua-

457 709 611 761 rum;
642 695 896 750 benedixit
919 698 1060 767 ﬁlios
1085 707 1200 756 tuas
1228 701 1282 754 in
1315 709 1381 756 te.
1435 699 1689 758 Patenter
1715 717 1872 759 causa
1907 704 2047 760 futu-

459 803 537 844 ra:
565 787 908 846 beatitudinis
938 791 1228 849 indicatur.
1278 794 1410 850 Nam
1453 810 1574 852 cum
1605 811 1694 852 res
1721 799 1824 854 ista
1853 798 2047 853 multo-

456 895 579 936 rum
612 882 994 952 pr0phetarum
1040 899 1136 940 ore
1161 888 1428 956 promissa
1456 889 1547 955 sit,
1605 889 1932 947 lucidissime
1961 899 2045 946 ta-

455 988 582 1030 men
608 975 859 1043 prtesenti
884 980 1194 1036 narratione
1214 980 1538 1038 declaratur.
1573 982 1704 1038 Cum
1727 985 1874 1038 enim
1896 998 2047 1041 seras

459 1066 806 1124 conﬁrmatas
837 1069 965 1126 dicit
990 1087 1110 1132 esse
1139 1083 1437 1143 portarum,
1465 1075 1678 1132 clausas
1702 1077 1891 1147 januas
1919 1078 2047 1133 bea-

459 1166 526 1210 tae
553 1159 787 1216 civitatis
813 1162 1070 1218 ostendit.
1101 1163 1234 1220 Sera
1260 1167 1401 1222 enim
1433 1182 1462 1221 a
1493 1181 1616 1222 sero
1643 1168 1782 1224 dicta
1813 1178 1914 1235 est,
1940 1184 2047 1240 quo

457 1259 704 1320 tempore
753 1252 806 1307 in
868 1256 1063 1310 ostium
1143 1257 1392 1324 mittitur,
1444 1268 1499 1313 ut
1549 1259 1781 1315 intrandi
1831 1259 2046 1317 licentia

459 1341 777 1413 denegetur.
812 1346 962 1414 Quod
993 1348 1088 1404 illo
1118 1357 1361 1420 tempore
1391 1351 1598 1406 accidet
1641 1352 1855 1422 quando
1884 1367 2048 1421 spon—

459 1447 552 1489 sus
574 1435 877 1501 intraverit,
910 1437 1050 1492 sicut
1071 1439 1123 1493 in
1147 1439 1438 1510 Evangelia
1466 1441 1532 1497 de
1560 1442 1852 1513 virginibus
1875 1441 2005 1497 dicit
2029 1459 2042 1496 :

461 1523 528 1579 Et
551 1541 664 1594 qua:
689 1538 888 1597 parata:
916 1536 1085 1594 erant,
1135 1530 1448 1584 intraverunt
1478 1548 1594 1586 cum
1634 1548 1693 1587 eo
1724 1535 1790 1585 ad
1819 1535 2044 1603 nuptias,

457 1627 506 1673 et
535 1619 712 1673 clausa
739 1629 814 1673 est
843 1623 1011 1692 janua
1043 1619 1258 1691 (Matth.
1293 1639 1415 1689 xxv,
1449 1624 1562 1696 10).
1618 1622 1810 1689 Clausa
1841 1625 2050 1680 scilicet

458 1723 566 1765 non
608 1710 676 1766 ad
705 1711 963 1765 custodite
991 1727 1226 1780 pinnam,
1277 1715 1370 1769 sed
1409 1715 1462 1770 in
1499 1716 1881 1772 beatitudinem
1908 1731 2049 1772 sem-

2149 515 2238 570 hic
2267 515 2423 570 nobis
2474 512 2798 570 conferenda
2843 510 3127 582 praedicit,
3175 519 3236 565 ut
3273 511 3470 564 veritas
3501 520 3626 566 tunc
3667 511 3754 565 fu-

2149 616 2283 664 tura:
2323 607 2404 664 rei
2443 622 2540 680 per
2567 605 2828 662 beneﬁcia
2860 605 3147 674 prtesentia
3173 604 3284 675 jam
3314 603 3483 675 possit
3503 606 3747 674 agnosci.

2147 699 2430 773 Eloquium
2463 699 2673 756 Domini
2706 697 2942 754 Verbum
2975 695 3154 752 Patris
3191 706 3299 766 est,
3339 696 3481 768 quod
3522 696 3588 751 ad
3633 707 3750 752 ter-

2147 809 2238 850 ras
2278 794 2578 862 descendit,
2631 792 2846 865 quando
2877 791 3236 846 humilitatem
3284 791 3386 860 pia:
3416 791 3752 846 incarnatio-

2147 889 2234 947 nis
2274 889 2588 960 assumpsit.
2631 887 2860 957 Emittit,
2916 887 3216 958 prophetiae
3263 888 3455 957 Spiritu
3502 903 3752 958 praesens

2151 987 2362 1052 tempus
2391 980 2651 1048 ostendit,
2680 979 2931 1051 quamvis
2959 979 3062 1035 hoc
3083 979 3152 1034 de
3179 979 3359 1034 futuro
3384 979 3569 1034 dicere
3599 979 3754 1034 vide-

2149 1081 2317 1130 retur.
2369 1072 2476 1129 Sed
2507 1087 2629 1129 cum
2659 1071 2813 1138 dicit,
2859 1073 3063 1136 emittit,
3111 1085 3216 1125 non
3250 1071 3516 1125 minorem
3551 1070 3751 1138 prodit,

2150 1164 2246 1221 sed
2275 1164 2619 1220 concordiam
2643 1173 2847 1219 sanctae
2869 1162 3088 1218 unitatis
3114 1161 3371 1218 ostendit.
3404 1160 3576 1230 Ilujus
3602 1162 3751 1217 enim

2151 1257 2532 1328 omnipotentis
2566 1257 2723 1313 Verbi
2765 1257 2846 1312 sic
2889 1255 3114 1310 cucurrit
3162 1270 3327 1309 sermo
3373 1253 3637 1320 velociter,
3693 1263 3754 1309 ut

2157 1361 2362 1410 sanctae
2388 1352 2666 1408 Trinitatis
2691 1349 2894 1421 agnitio
2920 1348 3202 1405 celerrima
3225 1346 3460 1402 mirabili
3494 1347 3748 1402 mundum

2150 1443 2440 1499 velocitate
2481 1440 2856 1512 compleverit,
2887 1439 3173 1506 idolorum
3220 1438 3462 1493 culturas
3508 1437 3754 1493 veritatis

2153 1535 2319 1606 ipsius
2342 1533 2780 1590 manifestatione
2805 1539 3152 1588 convertens.

2224 1625 2385 1680 Vers.
2419 1624 2474 1679 5.
2521 1625 2623 1691 Qui
2649 1623 2737 1678 dat
2768 1623 2933 1678 nivem
2964 1622 3094 1678 sicut
3124 1621 3318 1686 lanam,
3357 1619 3602 1675 nebulam
3627 1620 3755 1676 sicut

2152 1719 2366 1773 cinerem
2395 1719 2611 1789 spargit.

459 1801 726 1869 piternam
759 1819 773 1854 :
815 1803 937 1872 quia
967 1819 1067 1859 nec
1109 1805 1233 1861 inde
1264 1807 1545 1876 quisquam
1574 1809 1801 1865 ulterius
1831 1817 2046 1864 sanctus
2080 1826 2128 1887 Β
2233 1813 2391 1868 Vers.
2416 1815 2468 1867 6.
2499 1811 2661 1866 Mittit
2682 1811 2981 1882 crystallum
3017 1825 3170 1864 suum
3220 1809 3352 1865 sicut
3383 1811 3551 1880 frusta
3569 1809 3752 1880 panis:

462 1892 648 1958 exibit,
677 1909 777 1949 nec
798 1895 992 1966 aliquis
1018 1907 1202 1967 postea
1226 1912 1399 1954 novus
1427 1900 1670 1955 intrabit.
1697 1901 1742 1956 0
1773 1901 2050 1956 beatitudo

460 1997 652 2039 secura
703 1985 990 2056 justorum,
1054 2005 1172 2059 qua:
1214 1991 1310 2047 tali
1360 1993 1478 2062 lege
1528 1994 1782 2062 probatur
1826 1996 2046 2064 suscipi,

463 2083 525 2130 ut
553 2092 829 2146 nunquam
861 2080 1032 2148 possit
1052 2080 1225 2136 amitti
1256 2084 1270 2137 ι
1318 2083 1531 2151 Merito,
1576 2087 1827 2156 quoniam
1857 2086 2052 2142 civitas

462 2165 554 2222 illa
601 2169 953 2224 contuibilem
990 2171 1158 2227 Deum
1208 2173 1351 2228 intus
1394 2173 1583 2241 habet;
1632 2185 1688 2230 et
1725 2176 1850 2232 ideo
1894 2191 2054 2232 nemo

461 2257 590 2314 inde
616 2259 886 2316 desiderat
909 2262 1119 2332 egredi,
1170 2265 1295 2334 quia
1326 2274 1522 2335 praeter
1550 2268 1728 2336 ipsum
1774 2267 1951 2321 simile
1979 2266 2054 2323 nil

459 2354 720 2424 prmvalet
746 2356 966 2412 intueri.
998 2357 1277 2428 Sequitur,
1313 2359 1570 2414 benedixit
1595 2361 1732 2430 ﬁlios
1762 2369 1876 2414 tuos
1902 2361 1956 2414 in
1985 2369 2052 2414 te.

462 2447 651 2518 Magna
701 2447 1024 2519 estquidem
1075 2449 1380 2506 benedictio
1433 2452 1695 2519 ﬁliorum,
1745 2452 1839 2508 sed
1885 2452 2055 2508 multo

461 2542 688 2609 gratior,
739 2543 955 2611 quando
1005 2544 1148 2600 inter
1194 2546 1404 2600 viscera
1449 2554 1695 2602 materna
1748 2556 2053 2617 praestatur.

461 2634 633 2701 Quale
663 2643 750 2690 est
792 2635 938 2690 enim
987 2637 1144 2690 matri
1173 2653 1389 2707 semper
1415 2639 1600 2694 videre
1629 2638 1884 2694 ﬂorentes
1915 2639 2056 2694 ﬁlios

461 2725 632 2782 suos?
661 2726 830 2795 Quale
853 2726 977 2782 ﬁliis
999 2727 1276 2798 genitricis
1297 2730 1521 2798 gratiam
1547 2731 1750 2801 iugiter
1773 2731 2057 2798 contueri?

459 2818 588 2875 Ideo
615 2819 760 2875 enim
794 2819 996 2876 dictum
1025 2827 1128 2888 est,
1181 2822 1236 2876 in
1273 2831 1339 2889 te,
1391 2825 1514 2894 quia
1556 2837 1832 2894 nunquam
1863 2824 1932 2878 ab
1959 2823 2056 2879 illa

460 2910 761 2971 Jerusalem
791 2913 942 2970 exire
968 2922 1245 2985 poterunt,
1271 2917 1361 2986 qui
1385 2925 1588 2974 aeterno
1609 2931 1835 2974 munere
1856 2931 2054 2975 consc-

461 3014 702 3062 crantur.
995 3029 1003 3038 '

535 3099 690 3157 Vers.
727 3102 779 3157 5.
827 3102 929 3169 Qui
959 3103 1127 3172 posuit
1150 3105 1277 3174 fines
1305 3114 1420 3159 tuos
1447 3121 1645 3176 pacem,
1678 3114 1726 3161 et
1754 3107 1909 3176 adipe
1938 3107 2055 3178 fru-

2155 1911 2273 1959 anle
2302 1905 2487 1974 faciem
2535 1902 2745 1972 frigoris
2781 1903 2892 1972 ejus
2935 1901 3048 1972 quis
3076 1900 3305 1954 subsistit
3356 1899 3505 1973 [mss.
3540 1900 3632 1968 A.,
3667 1901 3750 1967 8.,

2155 1990 2478 2062 sustinebit]?
2512 1991 2799 2062 Postquam
2843 1991 3133 2046 adventum
3160 1989 3357 2044 Christi
3384 1991 3588 2045 Domini
3618 2006 3749 2060 pro-

2155 2084 2423 2156 phetavit,
2457 2099 2598 2138 nunc
2625 2084 2749 2155 quid
2774 2083 2890 2153 ejus
2923 2083 3184 2138 beneﬁcia
3213 2091 3462 2152 praestent
3486 2098 3578 2151 per
3605 2083 3745 2135 altu-

2155 2178 2338 2232 sioues
2390 2177 2624 2247 tropicas
2669 2184 3065 2246 consequenter
3114 2176 3358 2244 exponit.
3412 2174 3541 2241 Quae
3581 2175 3748 2242 ﬁgura

2157 2269 2355 2324 dicitur
2390 2269 2646 2340 parabole
2666 2311 2682 2336 ,
2713 2269 2965 2339 quoniam
3003 2283 3092 2324 res
3120 2269 3218 2324 sibi
3243 2283 3437 2338 genere
3466 2268 3756 2324 dissimiles

2158 2372 2564 2432 comparantur.
2613 2362 2740 2417 Haec
2780 2363 2941 2432 igitur
2967 2363 3165 2428 omnia,
3217 2362 3328 2426 nix,
3378 2360 3596 2428 nebula,
3637 2375 3760 2431 cry-

2161 2453 2402 2519 stallum,
2435 2453 2625 2524 frigus,
2654 2453 2794 2508 mala
2820 2463 2945 2508 sunt
2974 2452 3132 2522 hujus
3171 2453 3377 2518 saeculi,
3409 2468 3531 2524 quae
3561 2467 3757 2522 pecca-

2160 2554 2336 2602 torum
2379 2547 2504 2616 gelu
2546 2545 2794 2602 mortalia
2825 2545 2985 2600 corda
3012 2546 3406 2616 constringunt,
3459 2546 3598 2600 etin
3647 2554 3762 2599 stu-

2159 2653 2292 2710 pore
2321 2653 2486 2694 saxeo
2537 2639 2736 2695 faciunt
2782 2651 3120 2708 permanere,
3179 2638 3280 2692 nisi
3313 2637 3527 2716 Domini
3578 2637 3762 2692 calore

2160 2732 2462 2786 solvantur.
2501 2730 2606 2787 Sed
2629 2731 2906 2786 videamus
2937 2730 3386 2798 quemadmodum
3417 2729 3650 2799 singulis
3677 2745 3761 2784 rc-

2159 2823 2262 2881 bus
2291 2837 2606 2896 competens
2634 2826 2898 2882 medicina
2931 2833 3234 2895 praestetur.
3270 2825 3411 2879 Dicit
3441 2826 3585 2879 enim
3614 2840 3630 2877 :
3662 2825 3762 2891 Qui

2162 2921 2253 2976 dat
2283 2925 2450 2976 nivem
2479 2922 2612 2975 sicut
2643 2921 2838 2975 lanam.
2877 2920 2982 2975 Dat
3006 2920 3130 2974 facit
3158 2917 3445 2988 signiﬁcat,
3473 2919 3614 2975 sicut
3638 2919 3758 2971 vul-

2161 3029 2228 3086 go
2256 3013 2485 3068 dicimus
2541 3032 2553 3067 :
2609 3014 2760 3068 Dedit
2788 3012 2943 3068 nobis
2973 3011 3250 3078 indicium,
3302 3009 3517 3081 quando
3558 3007 3759 3080 aliquid

2163 3114 2519 3160 monstratum
2551 3114 2712 3176 atque
2755 3104 3006 3160 edoctum
3049 3117 3170 3159 esse
3197 3102 3560 3158 declaramus.
3614 3099 3759 3168 Qua-

463 3195 622 3249 menti
659 3195 855 3251 satians
885 3195 1039 3268 [ωδε.
1072 3197 1163 3265 Δ.,
1194 3198 1281 3264 B.,
1307 3199 1394 3265 F.,
1426 3198 1603 3270 satiat]
1632 3207 1697 3254 te.
1733 3199 1938 3255 Civitas
1968 3200 2057 3255 illa
2085 3213 2133 3278 ρ
2165 3192 2386 3267 propter
2415 3196 2538 3252 facit
2568 3197 2746 3252 nivem
2779 3197 2918 3251 sicut
2947 3195 3150 3259 lanam,
3181 3202 3239 3248 ut
3268 3193 3409 3263 quod
3441 3203 3569 3248 ante
3599 3191 3760 3262 frigo-

462 3301 657 3358 magna
679 3288 1094 3356 inaestimabilis,
1123 3289 1223 3344 sub
1247 3300 1442 3360 quanta
1471 3292 1646 3346 laudis
1680 3292 1946 3350 brevitate
1965 3293 2060 3348 de-

462 3377 667 3445 scripta
697 3386 780 3432 est
809 3380 822 3431 !
881 3378 1013 3434 Nam
1043 3378 1171 3448 quid
1202 3380 1291 3434 illa
1344 3382 1688 3448 praestantius
1711 3383 1816 3440 dici
1850 3393 2055 3453 potest,

471 3469 628 3540 cujus
656 3470 791 3524 lines
822 3472 969 3539 pacis
1002 3486 1224 3526 munere
1265 3474 1658 3529 terminantur?
1721 3475 1873 3532 Unde
1903 3477 2061 3532 abso-

467 3560 580 3616 lute
625 3561 803 3631 colligi
856 3568 1052 3631 potest,
1097 3563 1219 3634 quia
1251 3572 1453 3620 aeterna
1496 3567 1884 3638 tranquillitate
1935 3583 2062 3639 per-

465 3653 685 3722 fruitur,
742 3653 886 3723 quod
941 3655 1086 3710 intus
1140 3655 1386 3713 habitare
1441 3668 1791 3716 monstratur.
1861 3659 2061 3718 Contra

469 3744 727 3816 quidquid
760 3755 954 3816 prretcr
981 3748 1150 3818 ipsam
1175 3750 1465 3819 contigerit
1491 3765 1633 3819 esse,
1661 3753 1907 3824 gehenua
1937 3765 2060 3822 est;

467 3847 524 3896 et
549 3839 690 3896 sicut
719 3840 873 3896 beata
903 3841 1201 3900 Jerusalem
1228 3859 1415 3915 pacem
1459 3847 1718 3917 possidet,
1769 3850 1848 3906 sic
1874 3850 2061 3906 infelix

466 3931 768 4003 Babylonia
797 3932 1044 3990 dolorum
1075 3951 1305 4007 pugnam
1337 3940 1523 4008 procul
1551 3939 1716 3997 dubio
1756 3944 2059 3998 sustinebit.

473 4022 640 4078 Unius
671 4024 814 4079 enim
838 4027 1007 4096 partis
1037 4027 1370 4098 deﬁnitione,
1402 4031 1622 4088 alterius
1644 4048 1825 4089 causa:
1845 4034 2063 4090 eviden-

475 4124 558 4169 ter
589 4117 827 4185 prodidit
854 4119 1189 4187 qualitatem.
1227 4121 1341 4177 Hoc
1363 4122 1580 4178 schema
1610 4124 1808 4180 dicitur
1835 4125 2064 4196 empha-

452 4208 571 4272 .sis,
609 4223 730 4276 qum
778 4209 1042 4279 signiﬁcat
1089 4212 1250 4269 etiam
1301 4214 1354 4268 id
1400 4215 1542 4286 quod
1590 4231 1698 4272 non
1747 4217 1898 4274 dicit.
1954 4218 2061 4275 Sed

473 4304 928 4376 quemadmodum
954 4321 1059 4376 pax
1093 4308 1192 4364 ista
1222 4311 1521 4378 proveniat,
1553 4322 1949 4383 consequenter
1971 4329 2066 4368 ex-

476 4395 718 4463 ponitur,
753 4395 879 4450 dum
912 4397 1100 4452 ﬁdeles
1129 4397 1328 4455 Christi
1360 4401 1574 4456 Domini
1607 4404 2066 4475 contemplatione

473 4488 812 4558 saginantur.
885 4490 1110 4559 Adipem
1162 4492 1358 4562 quippe
1404 4493 1655 4548 frumenti
1711 4495 1841 4551 dicit
1893 4498 2064 4565 ipsam

2163 3291 2238 3345 ris
2268 3288 2562 3344 acerbitate
2589 3288 2824 3358 gelatum
2858 3295 2960 3352 est,
2992 3288 3044 3341 in
3071 3287 3279 3342 laneam
3311 3285 3602 3340 mollitiem
3639 3297 3763 3353 pera

2163 3379 2411 3433 ducatur.
2454 3377 2607 3445 Quod
2629 3376 2688 3430 ﬁt
2708 3376 2914 3448 utique,
2947 3377 3162 3446 quando
3193 3373 3539 3445 frigidissima
3568 3385 3763 3442 pecea-

2167 3469 2235 3523 tis
2262 3467 2426 3523 corda
2473 3467 2780 3522 mortalium
2808 3466 2874 3520 ad
2904 3465 3155 3521 ardorem
3181 3463 3568 3518 satisfactionis
3593 3461 3764 3516 addu-

2168 3561 2328 3615 xerit.
2383 3557 2494 3612 Nix
2521 3559 2664 3612 enim
2695 3568 2776 3612 est
2819 3557 2980 3612 homo
3018 3570 3142 3610 cum
3189 3554 3396 3610 recedit
3440 3569 3471 3607 a
3505 3553 3760 3618 Domino;

2165 3653 2287 3708 lana
2309 3667 2431 3708 cum
2455 3651 2519 3706 ad
2551 3651 2669 3723 ejus
2692 3651 2953 3706 meruerit
2976 3651 3162 3705 venire
3186 3647 3528 3703 medicinam.
3554 3645 3766 3700 Nebula

2164 3747 2306 3802 idem
2341 3746 2608 3817 signiﬁcat
2637 3761 2796 3800 omne
2827 3753 3125 3816 peccatum,
3157 3741 3300 3812 quod
3333 3755 3544 3809 semper
3572 3739 3764 3808 caligi-

2171 3855 2308 3894 nosa
2341 3840 2672 3894 obscuritate
2700 3839 3010 3910 peragitur;
3045 3837 3138 3892 sed
3167 3837 3310 3892 velut
3339 3833 3488 3900 cinis,
3522 3831 3756 3885 Domino

2169 3939 2489 4000 praestante,
2506 3930 2855 4002 dispergitur,
2873 3931 2998 3986 dum
3020 3929 3138 3998 eius
3152 3925 3385 3984 cumulus
3398 3921 3758 3978 confessionis

2171 4023 2339 4092 gratia
2369 4021 2682 4090 dissipatur.
2709 4019 3026 4092 Crystaltum
3047 4034 3179 4076 vero
3207 4026 3292 4074 est
3318 4019 3371 4072 in
3395 4013 3610 4070 modum
3636 4011 3763 4068 vitri

2169 4126 2270 4182 per
2297 4126 2616 4168 numerosas
2647 4113 2853 4168 hiemes
2880 4111 3080 4182 glacies
3105 4110 3418 4175 condurata,
3449 4116 3504 4161 et
3525 4106 3580 4160 in
3607 4099 3767 4160 duri-

2173 4202 2303 4257 tiam
2335 4204 2448 4257 saxi
2479 4204 2689 4273 liquens
2719 4202 3006 4257 admodum
3043 4202 3295 4273 perducta
3325 4199 3646 4256 substantia.
3672 4195 3768 4252 Cui

2134 4285 2138 4290 ’
2170 4297 2424 4352 obstinati
2459 4307 2774 4366 peccatores
2805 4298 2999 4352 merito
3039 4301 3438 4364 comparantur,
3470 4293 3560 4362 qui
3588 4291 3770 4360 algore

2165 4389 2408 4459 perﬁdia:
2441 4389 2740 4452 constricti,
2789 4404 2888 4458 per
2936 4388 3051 4443 dies
3095 4387 3332 4456 singulos
3361 4384 3764 4454 congelascunt.

2171 4479 2279 4535 llos
2301 4494 2513 4550 quoque
2538 4479 2796 4534 Dominus
2818 4479 2953 4533 velut
2985 4483 3150 4549 frusta
3187 4477 3335 4547 panis
3375 4476 3578 4541 emittit,
3611 4488 3771 4544 quano

477 4581 822 4635 contuibilem
855 4581 1140 4648 Deitatem,
1171 4583 1313 4637 unde
1341 4583 1419 4639 sic
1463 4585 1728 4654 justorum
1761 4600 1952 4643 sensus
1981 4603 2057 4642 rc-

2171 4571 2240 4626 do
2270 4572 2435 4643 496
2476 4584 2767 4626 conversos
2820 4584 2915 4624 sua
2960 4569 3091 4624 facit
3142 4567 3437 4637 praedicare
3477 4562 3765 4634 magnalia,

478 4671 676 4740 ﬁcitur,
708 4681 766 4728 ut
795 4688 1007 4729 omnem
1031 4675 1332 4732 satietatem
1361 4692 1617 4746 superare
1639 4687 1907 4733 noscatur.
1945 4677 2070 4750 Ipse

477 4773 550 4816 est
580 4781 727 4820 verus
757 4767 927 4836 panis,
968 4767 1055 4834 qui
1084 4766 1148 4821 de
1186 4768 1312 4822 caelo
1336 4769 1595 4823 descendit
1633 4769 1816 4839 (Joan.
1846 4787 1919 4837 Vt,
1950 4770 2066 4842 41).

477 4854 611 4910 Nam
656 4859 699 4914 si
737 4873 835 4915 nos
881 4859 970 4914 hic
996 4860 1238 4929 corporis
1286 4861 1369 4916 sui
1413 4863 1824 4932 participatione
1869 4865 2064 4932 reﬁcit,

479 4949 930 5016 quemadmodum
963 4951 1038 5006 ibi
1079 4951 1316 5018 satiabit,
1365 4967 1502 5022 quos
1541 4960 1657 5009 toto
1707 4955 1909 5011 lumine
1955 4970 2066 5013 suae

480 5037 1083 5110 deitatislimpleverit?
1130 5042 1340 5099 Revera
1367 5058 1553 5100 secura
1585 5059 1687 5114 pax
1718 5057 1774 5101 et
1811 5048 2067 5102 inviolata

484 5129 865 5198 tranquillitas,
911 5134 1126 5203 quando
1164 5134 1462 5207 indigentia
1495 5137 1781 5193 nobiscum
1821 5139 1929 5192 ulla
1960 5152 2067 5194 non

480 5219 678 5291 litigat,
730 5237 830 5289 nec
859 5225 1099 5295 aliquem
1129 5227 1394 5284 lassitudo
1423 5226 1695 5299 defatigat,
1751 5243 1857 5285 non
1901 5229 2070 5300 frigus

481 5313 789 5378 contristat,
845 5331 948 5372 non
976 5320 1182 5376 esuries
1222 5329 1428 5391 gravat,
1485 5330 1542 5377 et
1581 5331 1777 5377 caetera
1821 5336 1942 5391 qum
1985 5323 2072 5378 hic

481 5411 687 5458 nostra:
737 5405 1087 5464 imbecillitati
1142 5412 1339 5467 bellum
1393 5427 1607 5483 semper
1653 5414 1921 5484 inﬂigunt.
1992 5413 2068 5468 lbi

481 5500 663 5548 autem
687 5497 928 5565 corporis
959 5501 1254 5572 animmque
1278 5503 1400 5558 talis
1423 5513 1508 5558 est
1535 5505 1786 5569 societas,
1832 5511 1890 5558 ut
1919 5503 2066 5560 nulla

485 5581 628 5638 inter
653 5599 714 5640 se
743 5585 1071 5642 adversitate
1093 5589 1422 5660 discordent,
1455 5591 1548 5648 sed
1573 5593 1674 5648 sibi
1699 5601 1926 5661 utraque
1947 5592 2066 5662 glo-

487 5676 631 5732 riosa
660 5680 936 5736 voluntate
964 5683 1322 5738 consentiant.

561 5771 716 5829 Vers.
749 5773 804 5830 4.
849 5775 950 5842 Qui
973 5776 1153 5829 emittit
1181 5777 1434 5844 eloquium
1457 5794 1605 5834 suum
1635 5787 1803 5847 teme,
1834 5779 2074 5836 velociter

486 5867 648 5920 currit
696 5881 860 5922 sermo
905 5866 1036 5937 eius.
1081 5865 1355 5938 Descripta
1397 5869 1609 5926 civitate
1651 5871 1813 5926 futuri
1863 5873 2068 5942 saeculi,

2173 4664 2314 4720 unde
2344 4664 2572 4733 populus
2603 4663 2849 4718 esuriens
2875 4661 3080 4717 ctelesti
3112 4673 3251 4729 pane
3269 4664 3540 4714 vescatur.
3574 4654 3768 4710 Frusta

2175 4756 2316 4811 enim
2362 4765 2542 4826 partes
2599 4755 2830 4810 dicimus
2873 4753 3118 4824 corporis
3162 4750 3410 4818 alicujus.
3452 4745 3771 4818 Significant

2173 4850 2372 4920 quippe
2401 4849 2662 4905 doctrinae
2691 4849 2906 4904 diversa
2941 4847 3106 4910 dona,
3132 4860 3252 4916 qua:
3281 4860 3348 4898 ex
3396 4839 3770 4912 peccatoribus

2174 4944 2230 4998 in
2276 4943 2478 4998 sanctis
2503 4943 2615 4998 suis
2647 4941 2909 4997 Dominus
2950 4940 3149 5010 szepius
3173 4947 3478 4994 monstrare
3521 4935 3771 5004 dignatus

2174 5043 2276 5090 est.
2305 5034 2579 5104 Sequitur,
2613 5043 2733 5088 ante
2761 5034 2946 5104 faciem
2974 5033 3180 5106 frigoris
3211 5035 3324 5102 ejus
3355 5027 3471 5100 quis
3496 5026 3725 5082 subsistit
3751 5025 3776 5077 .’

2178 5129 2316 5183 Ante
2345 5129 2688 5197 praesentiam
2736 5125 2953 5196 frigoris
2989 5126 3106 5195 ejus
3133 5125 3349 5189 dicitur,
3395 5135 3502 5175 non
3532 5117 3677 5190 quod
3705 5115 3772 5170 ab

2179 5220 2298 5290 ipso
2329 5221 2528 5286 veniat,
2558 5220 2652 5275 sed
2678 5220 2822 5290 quod
2850 5219 2988 5274 forte
3017 5220 3135 5275 ﬁeri
3167 5217 3461 5288 permittat.
3494 5213 3668 5282 Quale
3691 5219 3776 5267 est

2177 5307 2308 5366 illud
2342 5327 2355 5366 :
2407 5309 2684 5366 Indurauit
2722 5311 2858 5366 Deus
2898 5328 2986 5366 cor
3015 5309 3311 5365 Pharaonis
3344 5307 3541 5379 (Exod.
3574 5323 3627 5370 κ,
3654 5301 3772 5371 20).

2182 5402 2249 5458 Et
2268 5403 2395 5458 alibi
2427 5419 2442 5457 :
2476 5402 2588 5475 Ego
2617 5403 2867 5458 Dominus
2910 5402 3102 5475 faciens
3132 5403 3340 5466 bonum,
3374 5408 3421 5454 et
3453 5413 3636 5452 creans
3666 5410 3777 5447 ma-

2179 5497 2286 5551 lum
2332 5495 2488 5566 (Isai.
2537 5511 2660 5560 xcv,
2708 5495 2786 5564 7).
2835 5494 3176 5567 Quapropter
3229 5501 3355 5547 ante
3399 5488 3530 5544 illud
3581 5486 3774 5554 frigus,

2174 5591 2318 5661 quod
2349 5590 2464 5661 ipse
2487 5604 2592 5644 non
2625 5597 2894 5657 removet,
2927 5603 3086 5644 nemo
3116 5587 3260 5643 valet
3288 5586 3606 5647 subsistere,
3632 5594 3778 5652 quo-

2177 5683 2321 5738 niam
2353 5691 2534 5753 potest
2556 5681 2808 5737 homines
2831 5681 2982 5753 pigra
3009 5679 3256 5736 fatuitate
3281 5679 3556 5733 damnare.
3598 5673 3772 5744 Επειδ-

2177 5786 2397 5849 geratur
2423 5777 2564 5831 enim
2590 5776 2911 5848 periculum,
2945 5784 3003 5832 ut
3040 5772 3342 5832 liherationi
3367 5766 3772 5844 gloriosissima:

2179 5873 2351 5943 major
2380 5870 2543 5946 gratia
2575 5870 2853 5928 debeatur.
