4114 6362
340 381 470 436 {Ml

1221 379 1582 440 EXPOSITIO
1618 378 1683 436 IN
1722 373 2174 438 PSALTERIUM.
2219 381 2412 439 PSAL.
2444 381 2721 439 CXLVIII.

3457 389 3595 447 1042

407 496 561 552 Vcrs.
593 497 643 550 7.
688 494 846 550 Mittit
876 496 1078 550 verbum
1126 512 1273 551 suum
1315 508 1361 551 et
1407 496 1688 566 liquefarict
1718 511 1822 560 ea;
1864 504 1911 551 et
1939 498 1990 558 Α
2017 495 2253 551 collectae
2304 496 2599 552 Jerusalem
2648 496 2904 568 praecepit
2954 495 3141 559 laudes
3190 499 3400 556 Domini
3453 484 3597 559 celes

333 588 474 657 ﬂavit
502 588 709 658 spiritus
744 588 873 658 ejus,
922 598 970 643 et
1015 589 1175 657 ﬂuent
1209 604 1374 657 aquaz.
1433 587 1694 643 Veniente
1735 586 1915 642 Verbo

334 684 479 738 nulla
525 685 855 749 obscuritas,
912 685 1115 740 nullum
1156 684 1344 756 frigus,
1393 699 1491 740 nec
1540 684 1654 754 ipsa
1701 697 1914 755 quoque

335 775 493 830 debet
539 775 827 845 desperare
875 776 1068 831 duritia
1122 794 1135 830 :
1184 777 1437 846 quoniam
1488 778 1722 833 resoluta
1762 778 1916 832 malis

334 873 445 929 suis
494 888 613 941 quae
653 882 837 928 vocata
867 873 1089 942 fuerint,
1140 874 1508 943 perducuntur
1540 874 1592 928 in
1624 872 1915 931 saluberri-

335 982 480 1022 mum
530 966 812 1037 liquorem.
894 969 984 1024 Sic
1035 984 1153 1039 qua:
1203 969 1521 1025 exstiterant
1572 978 1917 1039 peccatorum

335 1058 459 1129 gelu
508 1061 819 1126 constricta,
864 1060 1060 1128 pietate
1087 1059 1303 1115 Domini
1342 1060 1581 1115 deﬂuunt
1624 1062 1678 1115 in
1731 1060 1916 1116 mede-

334 1147 439 1204 lam
465 1188 480 1212 ,
528 1151 666 1206 sicut
693 1160 748 1207 et
792 1147 917 1207 alibi
957 1154 1158 1208 dictum
1189 1162 1271 1209 est
1300 1170 1314 1207 :
1353 1151 1465 1207 Nec
1494 1162 1566 1207 est
1595 1156 1699 1225 qui,
1720 1172 1773 1209 se
1800 1154 1919 1208 alis-

334 1242 520 1297 condat
567 1259 599 1297 a
643 1245 812 1298 calore
858 1245 969 1309 eius
1022 1243 1193 1314 (Psal.
1224 1261 1375 1311 xvm,
1408 1243 1485 1314 7).
1554 1246 1685 1300 Nam
1725 1246 1919 1317 spiritu

336 1335 455 1406 ejus
497 1338 647 1406 quasi
696 1338 937 1392 austrina
967 1337 1095 1391 ﬂatu
1141 1337 1336 1392 duritia
1375 1338 1661 1406 periculosi
1703 1336 1916 1407 frigoris

337 1431 628 1497 evanescit,
669 1430 795 1485 dum
839 1431 1017 1486 aeervi
1049 1432 1315 1486 scelerum
1346 1430 1610 1495 dissoluti,
1646 1429 1701 1484 in
1733 1429 1912 1484 humi-

340 1522 501 1578 litatis
528 1525 751 1593 gratiam
782 1523 956 1578 tabida
990 1523 1125 1577 colla
1154 1522 1449 1591 deponunt,
1494 1529 1548 1577 et
1596 1522 1648 1575 in
1670 1520 1906 1590 liquores

339 1614 724 1670 saluberrimos
775 1614 1014 1680 adducti,
1082 1614 1379 1683 spiritualis
1425 1613 1672 1669 benciicii
1718 1614 1915 1669 ﬂuenta

339 1708 683 1778 profundunt.
738 1709 829 1764 Sic
876 1708 1071 1764 factum
1118 1716 1201 1764 est
1240 1708 1308 1763 de
1345 1717 1686 1778 persecutore
1730 1708 1913 1774 Saulo,

338 1799 414 1853 sic
442 1799 500 1854 ﬁt
527 1800 796 1867 hodieque
832 1799 899 1854 de
946 1800 1213 1868 plurimis,
1259 1807 1317 1854 ut
1354 1801 1443 1869 qui
1474 1800 1632 1855 modo
1669 1810 1793 1854 sunt
1821 1800 1917 1853 ob~

2019 585 2197 655 brare,
2251 601 2371 655 qua:
2414 588 2482 643 de
2528 587 2712 643 mundi
2767 588 2920 644 istius
2974 590 3200 647 diversis
3243 595 3492 662 periculis
3526 596 3593 650 li-

2017 678 2226 745 berata,
2276 679 2331 733 in
2370 688 2570 735 acterna
2613 680 2802 750 requie
2831 681 3069 736 noscitur
3114 685 3423 739 constituta.
3455 686 3598 753 Qua-

2020 779 2236 841 propter
2264 771 2433 827 cboro
2460 772 2537 827 illi
2568 772 2928 842 sanctissimo,
2968 784 3021 829 et
3048 774 3116 830 de
3144 776 3326 830 mundi
3354 780 3595 861 partibus

2017 871 2336 935 aggregato,
2401 866 2538 920 trina
2604 865 2874 921 subnectit
2932 868 3291 924 exsultatione
3358 871 3597 939 gauden-

2018 952 2166 1020 dum,
2195 955 2338 1010 utin
2365 969 2528 1025 opere
2553 957 2892 1013 sanctissimo
2913 956 3190 1014 Trinitatis
3209 959 3378 1029 gratia
3402 960 3599 1031 ubique

2018 1045 2263 1118 fulgeret.

2498 1181 2811 1241 PSALMUS
2849 1183 3126 1240 CXLVIII.

2684 1298 2928 1355 Alleluia.

2022 1435 2032 1439 -
2091 1411 2221 1467 Pars
2249 1414 2351 1467 ista
2371 1413 2632 1469 orationis
2654 1416 2842 1483 paucis
2860 1415 3076 1485 quidem
3098 1417 3321 1487 syllabis
3343 1427 3601 1486 arctatur,

2018 1503 2114 1559 sed
2142 1505 2370 1574 cogitata
2397 1520 2613 1576 semper
2641 1506 2965 1561 extenditur.
2996 1507 3272 1564 Novitatcs
3299 1510 3445 1564 enim
3477 1523 3607 1565 sua-

2018 1596 2266 1653 vissimas
2291 1598 2358 1652 de
2384 1612 2443 1653 se
2474 1598 2640 1667 ejicit,
2667 1612 2789 1652 cum
2814 1612 2934 1653 eam
2958 1600 3102 1656 acies
3131 1602 3326 1655 mentis
3349 1604 3603 1672 inspexe-

2017 1689 2106 1745 rit.
2158 1688 2289 1743 Nam
2318 1690 2442 1744 dum
2488 1706 2518 1744 a
2564 1690 2765 1746 lectore
2795 1691 3011 1759 dicitur,
3060 1693 3375 1762 prredicatio
3423 1695 3600 1750 laudis

2019 1789 2129 1846 est;
2180 1797 2301 1836 cuin
2347 1797 2378 1836 a
2421 1782 2616 1852 populo
2646 1784 3025 1853 respondetur,
3087 1786 3318 1857 hymnus
3368 1796 3470 1843 est.
3513 1788 3605 1845 Sic
3666 1824 3670 1828 ο

339 1892 533 1947 stinata
560 1891 834 1947 voluntate
861 1891 1009 1961 sicci,
1043 1890 1175 1946 fiant
1200 1900 1385 1962 postea
1414 1891 1559 1947 ﬂuxu
1584 1891 1921 1962 praedicatio-

2026 1888 2127 1929 una
2174 1888 2306 1947 voce
2335 1874 2602 1944 peragitur
2635 1884 2741 1929 tam
2771 1876 3043 1932 diversum
3088 1879 3429 1949 mysterium,
3475 1893 3605 1935 cum

343 1999 426 2039 nis
453 2000 660 2054 irrigui.

408 2076 562 2132 Vers.
598 2077 650 2132 8.
692 2074 1043 2132 Pronuiitians
1070 2077 1274 2132 verbum
1302 2094 1450 2133 suum
1471 2077 1659 2144 Iacob,
1691 2077 1924 2149 justitias

336 2175 383 2219 et
404 2166 609 2237 judicia
637 2183 732 2219 sua
761 2165 951 2220 Israel.
987 2167 1089 2222 Per
1118 2166 1284 2221 .lacob
1323 2177 1378 2222 et
1402 2167 1565 2223 Israel
1595 2166 1925 2238 signiﬁcatur

338 2256 603 2310 Ecclesia.
635 2256 758 2311 llaec
786 2258 929 2311 enim
950 2256 1057 2310 duo
1079 2257 1295 2311 nomina
1324 2257 1481 2311 unius
1512 2257 1770 2311 exstitere
1803 2271 1927 2325 per-

336 2361 507 2415 sonae,
538 2349 675 2403 sicut
705 2364 768 2403 ex
812 2348 1021 2404 duobus
1048 2349 1258 2419 pepulis
1296 2349 1467 2404 factus
1501 2358 1585 2404 est
1625 2363 1783 2414 unus,
1836 2349 1927 2419 qui

336 2449 390 2495 et
420 2440 582 2495 Israel
612 2440 750 2495 bene
773 2439 987 2507 dicitur,
1032 2449 1088 2495 et
1118 2440 1285 2495 Jacob
1314 2439 1530 2510 proprie
1559 2449 1917 2509 nuncupatur.

336 2529 466 2585 Nam
503 2542 558 2588 et
604 2532 765 2587 modo
794 2532 1033 2587 Israelita
1063 2541 1144 2587 est
1171 2534 1474 2602 quicunque
1517 2531 1690 2587 ﬁdelis
1727 2541 1830 2595 est,
1862 2540 1921 2588 et

337 2632 467 2678 ante
495 2623 661 2677 Jacob
712 2623 807 2677 fuit
836 2625 926 2693 qui
963 2624 1190 2677 Domino
1216 2638 1348 2693 pura
1376 2622 1664 2678 devotione
1692 2624 1929 2692 compla-

338 2719 470 2774 cuit.
503 2719 609 2786 lpsi
640 2718 783 2773 enim
814 2718 1034 2773 verbum
1065 2730 1243 2787 suum,
1275 2715 1377 2788 ipsi
1422 2716 1661 2773 noscitur
1688 2731 1929 2786 pronun-

340 2808 502 2865 tiasse
527 2808 792 2879 justitias.

405 2906 561 2961 Vers.
596 2907 651 2961 9.
693 2904 817 2960 Non
858 2904 975 2976 fecit
1008 2904 1176 2961 taliter
1203 2905 1343 2960 omni
1373 2906 1592 2974 nationi,
1642 2914 1690 2961 et
1712 2906 1919 2977 judicia

335 3014 430 3051 sua
458 3014 559 3051 non
598 2998 947 3066 manifeslauit
976 2998 1066 3051 eis.
1114 2998 1214 3053 Hic
1259 3013 1446 3054 versus
1485 3000 1563 3054 sic
1593 2998 1807 3054 videtur
1846 3000 1930 3054 in-

339 3090 526 3161 telligi,
579 3090 704 3160 quia
749 3089 872 3145 licet
914 3106 1103 3145 omnes
1158 3100 1343 3163 gentes
1394 3092 1584 3163 religio
1617 3092 1922 3149 Christiana

337 3183 614 3254 complexa
646 3183 737 3250 sit,
791 3184 921 3238 nulli
949 3195 1126 3240 tamen
1155 3184 1292 3241 facie
1332 3184 1401 3241 ad
1427 3186 1614 3241 faciem
1654 3196 1737 3242 est
1770 3186 1923 3242 locu-

339 3284 439 3342 tus,
480 3286 574 3332 aut
622 3291 771 3332 mare
802 3276 1004 3344 divisit,
1044 3286 1138 3333 aut
1180 3294 1376 3334 manna
1407 3277 1565 3349 pluit,
1612 3287 1703 3333 aut
1735 3277 1919 3335 taber-
1957 3269 2002 3333 C

340 3367 531 3422 uacula
558 3369 697 3424 nube
726 3367 1034 3437 complevit,
1088 3377 1179 3422 aut
1208 3368 1518 3423 holocausta
1552 3367 1790 3437 ipsorum
1817 3382 1928 3424 coe-

343 3460 464 3516 lesti
499 3460 620 3530 igne
646 3458 1000 3527 consumpsit,
1048 3468 1102 3513 et
1130 3469 1322 3514 cratera
1366 3474 1487 3528 qua:
1520 3458 1594 3513 illi
1625 3458 1821 3529 populo
1846 3459 1929 3513 vi-

343 3550 570 3606 sibiliter
598 3564 835 3620 superno
867 3563 1090 3603 munere
1123 3550 1536 3617 praestabantur.
1578 3547 1743 3604 Nobis
1783 3549 1928 3605 enim

337 3641 690 3710 spiritualiter
722 3641 880 3709 ﬁunt,
936 3655 1057 3710 quae
1104 3639 1319 3696 illorum
1363 3640 1537 3696 oculis
1579 3639 1929 3710 corporaliter

342 3732 698 3803 apparebant.

1015 3844 1261 3900 Alleluia.

416 3957 740 4013 Permovere
784 3957 923 4013 solet
951 3958 1093 4026 quod
1125 3958 1179 4012 in
1226 3958 1333 4013 fine
1375 3958 1733 4029 quorumdam
1777 3959 1925 4029 psal-

350 4062 560 4103 morum
585 4046 807 4102 Alleluia
834 4047 1067 4117 positum
1092 4048 1413 4117 reperimus.
1466 4048 1746 4118 Signiﬁcat
1770 4048 1931 4106 forsi-

348 4152 436 4196 tan
486 4156 580 4197 eos
630 4151 768 4198 totos
816 4141 884 4195 ad
933 4141 1205 4209 praeconia
1236 4142 1446 4196 Domini
1483 4141 1774 4210 pertinere,
1826 4156 1929 4199 nec

345 4232 568 4303 alicujus
598 4233 817 4289 alterius
843 4247 1022 4296 causa:
1048 4234 1311 4290 relatione
1336 4233 1664 4303 permixtos;
1695 4232 1793 4288 sed
1824 4233 1929 4288 sie-

346 4336 405 4382 ut
449 4343 479 4381 a
523 4329 696 4399 capite
743 4327 1040 4398 incipiunt,
1074 4328 1149 4383 ita
1193 4342 1363 4397 usque
1400 4328 1467 4382 ad
1498 4326 1660 4383 ﬁnem
1688 4330 1742 4381 in
1772 4326 1929 4385 laude

344 4420 610 4478 dominica
641 4421 1016 4478 terminantur.
1060 4422 1166 4477 Sed
1198 4424 1299 4477 lioc
1329 4437 1640 4478 asseverare
1664 4438 1771 4479 non
1801 4438 1927 4493 pos-

349 4526 555 4579 sumus,
588 4513 713 4583 quia
744 4514 800 4568 in
828 4516 989 4570 rebus
1009 4514 1207 4583 talibus
1233 4515 1432 4585 aliquid
1463 4514 1683 4572 deﬁnire
1713 4517 1930 4586 pericu-

343 4606 450 4659 lum
480 4616 583 4662 est.
613 4606 797 4662 Melius
826 4617 911 4663 est
935 4609 1079 4663 enim
1106 4606 1296 4663 altiora
1320 4606 1421 4663 sibi
1448 4608 1718 4665 hominem
1750 4608 1924 4665 conﬁ-

342 4700 463 4767 teri,
498 4714 658 4770 quam
688 4702 865 4769 aliqua
896 4701 1313 4771 praesumptione
1342 4701 1576 4772 culpari;
1610 4712 1770 4771 atque
1801 4703 1926 4759 ideo

340 4789 483 4859 quod
526 4790 593 4844 de
620 4789 721 4846 hac
750 4806 810 4847 re
862 4792 946 4847 vel
1001 4792 1069 4847 de
1101 4793 1222 4847 aliis
1257 4794 1579 4849 novitatibus
1618 4795 1930 4865 (praestante

344 4880 591 4951 Domino)
619 4882 923 4950 putavimus
952 4882 1307 4951 oﬂerendum,
1338 4884 1395 4939 in
1419 4884 1639 4942 arbitrio
1660 4885 1732 4945 sit
1750 4886 1929 4958 legen-

342 4971 411 5028 tis
437 4972 588 5043 sequi
615 4972 758 5043 quod
787 4973 956 5044 eligit.

878 5087 1152 5145 Conclusio
1176 5092 1381 5162 psalmi.

412 5206 681 5263 Ilactenus
724 5207 791 5263 de
824 5205 942 5261 istis
970 5216 1196 5276 quatuor
1228 5206 1469 5276 psalmis,
1514 5206 1601 5276 qui
1642 5206 1709 5262 dc
1736 5206 1918 5263 laudi-

340 5299 441 5355 bus
470 5300 678 5356 Domini
720 5308 1133 5370 praecesserunt,
1192 5301 1245 5354 in
1272 5300 1705 5356 conclusionibus
1735 5315 1921 5356 eorum

346 5393 548 5447 dictum
580 5402 663 5447 est
714 5408 815 5462 qua
864 5391 1160 5448 intentione
1204 5391 1418 5447 formati
1456 5391 1589 5459 sint,
1635 5401 1694 5448 tit
1723 5395 1818 5450 toti
1862 5395 1929 5450 ad

296 5550 299 5555 _
342 5485 785 5554 prmparationem
840 5483 1175 5554 sequentium
1227 5469 1386 5552 positi
1436 5497 1555 5538 esse
1615 5482 1919 5539 videantur.

341 5575 486 5631 Ordo
535 5577 678 5631 cnim
724 5578 839 5646 ipse
898 5576 1225 5646 psalmorum
1280 5575 1691 5644 dispositionem
1743 5590 1923 5631 rerum

341 5669 581 5722 noscitur
626 5669 863 5724 indicare
907 5669 1230 5723 mirabilem.
1294 5669 1552 5723 Decorum
1609 5667 1753 5722 enini
1804 5667 1923 5738 fuit,

343 5770 401 5814 ut
432 5760 575 5829 prius
601 5762 666 5815 de
690 5761 969 5830 prtcceptis
995 5761 1163 5815 divini
1196 5761 1476 5831 praeconii;
1509 5769 1647 5829 post,
1679 5759 1743 5814 de
1770 5774 1927 5813 mun-

342 5854 394 5907 di
431 5853 777 5921 perversitate
827 5852 1104 5921 fugienda;
1160 5852 1336 5917 tertio,
1389 5853 1454 5905 de
1509 5850 1921 5921 congregatione

348 5946 605 6003 Ecclesiae
653 5946 953 6015 diceretur;
1014 5955 1223 6019 quarto,
1277 5946 1368 6018 qui
1422 5963 1565 6004 nunc
1614 5950 1797 6010 ﬁnitus
1846 5960 1928 6009 cst

2028 1968 2083 2021 in
2111 1967 2226 2036 ipsa
2259 1965 2393 2021 nihil
2421 1974 2683 2036 appareat
2712 1968 3074 2024 immutatum.
3118 1971 3398 2027 Subtiliter
3424 1980 3609 2028 autem

2027 2056 2264 2125 psalmus
2307 2057 2406 2111 iste
2438 2058 2743 2113 tractandus
2770 2068 2874 2125 est,
2926 2060 3178 2129 quoniam
3209 2063 3472 2133 propheta
3512 2076 3612 2132 per

2028 2164 2313 2218 paucarum
2341 2152 2908 2208 commemorationem
2944 2168 3131 2210 omnes
3159 2165 3433 2227 creatpras
3475 2156 3616 2211 hor-

2029 2248 2172 2295 tatur
2214 2240 2399 2295 laudes
2445 2242 2656 2297 Domini
2686 2243 2884 2299 debere
2926 2256 3165 2314 cantare,
3222 2248 3512 2303 rationales
3557 2258 3615 2303 et

2030 2332 2419 2387 intellectuales
2466 2348 2561 2402 per
2588 2349 2678 2400 se;
2730 2349 2822 2391 eas
2850 2350 2979 2391 vero
3009 2352 3127 2406 qua:
3171 2348 3295 2393 sunt
3336 2338 3611 2394 intellectu

2030 2424 2113 2477 vel
2143 2438 2301 2479 sensu
2327 2435 2593 2491 carentes,
2635 2439 2733 2494 per
2762 2427 2882 2481 illas
2910 2427 3119 2483 scilicet
3156 2444 3275 2498 quae
3306 2443 3471 2498 Opera
3507 2428 3613 2484 Do-

2031 2515 2161 2572 mini
2186 2516 2585 2588 sapientissima
2606 2517 3033 2575 consideratione
3057 2519 3383 2576 collaudant.

2576 2619 2583 2629 ’
2601 2630 2797 2687 Divisio
2834 2633 3039 2704 psalmi.

2102 2743 2461 2801 Considerans
2493 2745 2754 2817 propheta
2778 2746 2829 2802 in
2851 2748 3158 2805 caelestibus
3179 2757 3235 2807 et
3263 2753 3613 2810 terrestribus

2032 2836 2197 2894 rebus
2240 2853 2428 2895 omnes
2456 2854 2646 2910 operas
2676 2840 2885 2895 Domini
2926 2843 3212 2909 contineri,
3263 2845 3431 2912 prima
3462 2855 3617 2916 parte

2033 2932 2275 2989 coelesﬁa
2298 2933 2540 2989 hortatur
2566 2933 2633 2989 ad
2655 2933 2875 3002 laudes;
2908 2936 3142 2992 secunda
3165 2952 3293 2993 vero
3313 2939 3615 3010 allegoricis

2035 3027 2388 3083 allusionibus
2420 3037 2635 3085 terrena
2663 3040 2989 3098 commonet,
3022 3041 3080 3086 ut
3107 3031 3392 3086 Dominnni
3420 3033 3618 3091 devota

2034 3128 2214 3177 mente
2235 3120 2613 3176 concelebrent
2639 3139 2651 3174 :
2677 3136 2837 3177 unam
2865 3136 3079 3178 causam
3101 3122 3426 3193 probabilem
3457 3123 3621 3180 utris-

2035 3226 2140 3281 que
2178 3211 2525 3282 subjuiigens,
2574 3212 2697 3283 quia
2743 3211 2962 3283 dignum
2987 3223 3068 3271 est
3097 3223 3154 3271 ut
3183 3224 3429 3271 creatura
3460 3228 3618 3270 suum

2034 3302 2228 3359 debeat
2256 3302 2477 3360 laudare
2505 3312 2825 3360 creatorem.

2569 3419 2839 3492 Expositio
2869 3423 3073 3493 psalmi.

2105 3537 2259 3593 \‘ers.
2294 3538 2347 3592 l.
2387 3537 2626 3593 Laudate
2652 3538 2944 3594 Dominum
2972 3541 3036 3595 ile
3060 3542 3219 3608 caelis,
3260 3539 3470 3597 laudate
3495 3557 3614 3598 eum

2033 3632 2088 3685 in
2115 3633 2349 3687 excelsis.
2390 3630 2523 3689 Cum
2551 3633 2730 3689 omnia
2772 3634 3011 3690 ctelestia
3042 3632 3269 3705 hymnos
3299 3635 3505 3691 Domini
3532 3636 3621 3707 ju-

2031 3722 2169 3791 giter
2196 3722 2542 3793 profundant,
2575 3726 3029 3795 perscrutandum
3052 3736 3135 3782 est
3162 3743 3325 3797 quare
3351 3729 3615 3800 propheta

2034 3812 2166 3869 illud
2191 3815 2419 3884 primum
2451 3816 2703 3871 admonet
2734 3817 2872 3885 ﬁeri,
2907 3819 3052 3888 quod
3080 3819 3332 3874 continue
3361 3820 3617 3889 probatur

2027 3903 2290 3974 impleri?
2336 3904 2478 3959 Usus
2501 3906 2602 3960 iste
2625 3905 2892 3961 humanus
2920 3917 3023 3975 est,
3057 3917 3114 3962 ut
3139 3923 3259 3963 cum
3288 3908 3531 3963 videmus
3559 3910 3615 3965 in

2029 4008 2160 4064 agro
2189 3994 2497 4051 laborantes
2526 3984 2769 4051 dicanitls
2798 4012 2813 4051 :
2858 3997 3161 4063 Laborate;
3194 4014 3315 4053 cuni
3350 3999 3615 4069 legentes,

2030 4087 2219 4156 legite;
2252 4100 2373 4143 cum
2403 4087 2751 4157 fabricantes,
2782 4088 3074 4156 fabricate;
3108 4098 3165 4145 ut
3187 4090 3490 4146 exhortatio
3513 4092 3615 4149 ista

2029 4180 2095 4233 ad
2124 4180 2424 4248 augendum
2456 4180 2626 4250 magis
2658 4180 2895 4236 studium
2951 4196 3114 4251 quam
3154 4181 3222 4237 ad
3254 4181 3616 4240 inchoandum

2029 4271 2230 4342 aliquid
2277 4271 2380 4327 dici
2409 4286 2565 4342 posse
2594 4273 2862 4329 videatur.
2912 4272 3017 4329 Sed
3062 4288 3181 4343 qua:
3227 4285 3353 4330 sunt
3396 4276 3493 4331 ista
3542 4276 3614 4333 de

2028 4363 2202 4431 caelis,
2241 4379 2369 4433 qua:
2400 4365 2619 4420 laudare
2657 4367 3066 4435 provocamur?
3124 4364 3344 4423 Scilicet
3377 4366 3464 4421 illa
3494 4381 3614 4438 quas

2028 4454 2096 4509 ad
2146 4454 2621 4524 contemplandum
2665 4456 2949 4511 Dominum
3003 4457 3291 4526 purissimo
3337 4458 3615 4515 intellectu

2026 4544 2196 4614 ipsius
2226 4546 2474 4616 largitate
2495 4547 2735 4603 valentia
2766 4556 2910 4615 sunt,
2939 4547 3100 4619 497
3125 4557 3179 4604 et
3206 4557 3460 4619 perpetua
3481 4548 3614 4604 ctia-

1954 4652 2008 4712 1)
2033 4641 2189 4693 ritate
2219 4653 2501 4706 succensa,
2549 4648 2822 4695 auctorem
2865 4654 3021 4695 suum
3050 4641 3202 4695 suavi
3245 4640 3613 4696 exsultatione

2033 4735 2433 4792 concelebrant.
2483 4735 2615 4790 Nam
2661 4736 2799 4791 sicut
2840 4743 2965 4789 sunt
2994 4734 3341 4801 immortalia,
3404 4735 3477 4792 ita
3511 4749 3613 4791 nec

2032 4842 2216 4883 eorum
2250 4826 2434 4882 laudes
2467 4827 2646 4895 aliquo
2671 4826 2780 4881 fine
2807 4825 3149 4881 clauduntur.
3184 4823 3251 4880 In
3283 4825 3497 4879 excelsis
3531 4825 3609 4879 si-

2031 4918 2249 4989 gniﬁcat
2288 4917 2618 4973 substantias
2645 4917 2942 4985 digniores,
2986 4932 3119 4986 quas
3163 4917 3356 4972 merito
3380 4915 3480 4971 sibi
3512 4930 3611 4971 ex-

2031 5012 2204 5066 celsas
2253 5007 2595 5063 imbecillitas
2642 5006 2872 5061 humana
2918 5006 3221 5076 proﬁtetur,
3271 5005 3393 5076 quia
3431 5004 3610 5059 carnis

2032 5099 2319 5171 fragilitate
2347 5096 2684 5167 deprimitur.
2731 5097 2959 5166 Dignum
2990 5105 3073 5151 est
3098 5096 3240 5151 enim
3273 5106 3331 5151 ut
3358 5112 3612 5167 unaquai-

2035 5209 2140 5263 que
2183 5208 2270 5248 res
2313 5192 2605 5249 secundum
2650 5190 2884 5260 percepti
2928 5190 3165 5246 muneris
3205 5191 3421 5246 modum
3452 5206 3612 5247 suum

2036 5285 2214 5341 laudet
2243 5285 2529 5341 artiﬁcem.

2111 5376 2261 5431 Vers.
2290 5376 2345 5429 2.
2390 5374 2624 5430 Laudate
2649 5392 2788 5442 eum,
2820 5390 2993 5431 omnes
3020 5376 3190 5449 angeli
3229 5380 3378 5449 ejus;
3406 5378 3612 5433 laudate

2035 5489 2173 5541 eum,
2204 5487 2377 5526 omnes
2403 5472 2614 5526 uirtutes
2643 5472 2771 5537 eius.
2794 5471 2946 5539 Quod
2970 5472 3191 5541 angelus
3220 5471 3407 5528 Graeca
3432 5473 3613 5542 lingua

2033 5565 2248 5631 dicitur,
2276 5564 2466 5619 Latine
2517 5565 2738 5619 nuntius
2782 5564 3189 5633 interpretatur.
3219 5565 3324 5621 Sed
3376 5580 3496 5620 cum
3541 5563 3615 5619 ad

2033 5656 2229 5728 aliquid
2286 5654 2668 5726 perﬁciendum
2721 5656 2953 5711 mittitur
3005 5658 3176 5712 virtus
3222 5657 3503 5718 caelorum,
3544 5653 3614 5710 ab

2034 5753 2209 5809 ofﬁcio
2236 5770 2335 5810 suo
2367 5755 2467 5810 lioe
2497 5770 2691 5810 nomen
2721 5757 2965 5811 assumit.
3006 5755 3240 5825 Angelus
3264 5755 3405 5808 enim
3437 5751 3504 5803 ab
3533 5748 3612 5802 of-

2036 5850 2139 5905 ﬁcii
2192 5851 2385 5906 dicitur
2422 5852 2656 5915 nomine,
2702 5867 2805 5905 non
2839 5859 3065 5905 naturae.
3101 5850 3368 5917 Sequitur,
3405 5844 3615 5917 latalata

2033 5959 2167 6007 cuni,
2202 5959 2372 6000 omnes
2404 5944 2607 6001 virtutes
2636 5945 2768 6015 ejus.
2822 5943 2932 5998 lloc
2962 5939 3214 6011 generale
3269 5952 3461 5992 nomen
3492 5943 3576 5990 est
3595 5952 3615 6007 λ
