  <div class='ocr_page' id='page_1' title='image "/cluster/home/n/w/nwhite01/storage/ocr_20150623/70/hvd.32044015469356/527.png"; bbox 0 0 4078 6342; ppageno 0'>
   <div class='ocr_carea' id='block_1_1' title="bbox 515 305 657 363">
    <p class='ocr_par' dir='ltr' id='par_1_1' title="bbox 515 305 657 363">
     <span class='ocr_line' id='line_1_1' title="bbox 515 305 657 363; baseline -0.014 0"><span class='ocrx_word' id='word_1_1' title='bbox 515 305 657 363; x_wconf 67' lang='grc'><strong>1045</strong></span> 
     </span>
    </p>
   </div>
   <div class='ocr_carea' id='block_1_2' title="bbox 1705 297 2542 359">
    <p class='ocr_par' dir='ltr' id='par_1_2' title="bbox 1705 297 2542 359">
     <span class='ocr_line' id='line_1_2' title="bbox 1705 297 2542 359; baseline 0.004 -5"><span class='ocrx_word' id='word_1_2' title='bbox 1705 298 2102 357; x_wconf 53' lang='grc' dir='ltr'><strong>ΜῘΑΗΠΕΜΙ</strong></span> <span class='ocrx_word' id='word_1_3' title='bbox 2137 297 2542 359; x_wconf 79' lang='lat' dir='ltr'><strong>CASSIODORI</strong></span> 
     </span>
    </p>
   </div>
   <div class='ocr_carea' id='block_1_3' title="bbox 3648 314 3797 371">
    <p class='ocr_par' dir='ltr' id='par_1_3' title="bbox 3648 314 3797 371">
     <span class='ocr_line' id='line_1_3' title="bbox 3648 314 3797 371; baseline 0.02 -3"><span class='ocrx_word' id='word_1_4' title='bbox 3648 314 3797 371; x_wconf 68' lang='grc'><strong>1044</strong></span> 
     </span>
    </p>
   </div>
   <div class='ocr_carea' id='block_1_4' title="bbox 509 420 3801 495">
    <p class='ocr_par' dir='ltr' id='par_1_4' title="bbox 509 420 3801 495">
     <span class='ocr_line' id='line_1_4' title="bbox 509 420 3801 495; baseline 0.001 -14"><span class='ocrx_word' id='word_1_5' title='bbox 509 426 580 484; x_wconf 91' lang='lat' dir='ltr'><strong>ibi</strong></span> <span class='ocrx_word' id='word_1_6' title='bbox 607 425 749 483; x_wconf 89' lang='lat' dir='ltr'><strong>enim</strong></span> <span class='ocrx_word' id='word_1_7' title='bbox 791 424 1183 482; x_wconf 90' lang='lat' dir='ltr'><strong>concluduntur</strong></span> <span class='ocrx_word' id='word_1_8' title='bbox 1227 423 1412 478; x_wconf 84' lang='lat' dir='ltr'><strong>omnia</strong></span> <span class='ocrx_word' id='word_1_9' title='bbox 1455 436 1576 492; x_wconf 78' lang='lat' dir='ltr'><strong>qua:</strong></span> <span class='ocrx_word' id='word_1_10' title='bbox 1605 420 1848 478; x_wconf 62' lang='lat' dir='ltr'><strong>caelestis</strong></span> <span class='ocrx_word' id='word_1_11' title='bbox 1893 422 2097 479; x_wconf 77' lang='lat' dir='ltr'><strong>militiae</strong></span> <span class='ocrx_word' id='word_1_12' title='bbox 2122 426 2171 484; x_wconf 77' lang='grc' dir='ltr'>Α</span> <span class='ocrx_word' id='word_1_13' title='bbox 2202 420 2458 476; x_wconf 89' lang='lat' dir='ltr'><strong>dandum.</strong></span> <span class='ocrx_word' id='word_1_14' title='bbox 2496 420 2633 490; x_wconf 87' lang='lat' dir='ltr'><strong>Quid</strong></span> <span class='ocrx_word' id='word_1_15' title='bbox 2661 420 2804 477; x_wconf 88' lang='lat' dir='ltr'><strong>enim</strong></span> <span class='ocrx_word' id='word_1_16' title='bbox 2832 420 3048 495; x_wconf 84' lang='lat' dir='ltr'><strong>dignius</strong></span> <span class='ocrx_word' id='word_1_17' title='bbox 3075 437 3234 494; x_wconf 90' lang='lat' dir='ltr'><strong>quam</strong></span> <span class='ocrx_word' id='word_1_18' title='bbox 3266 432 3327 480; x_wconf 91' lang='lat' dir='ltr'><strong>ut</strong></span> <span class='ocrx_word' id='word_1_19' title='bbox 3350 433 3601 484; x_wconf 72' lang='lat' dir='ltr'><strong>creatura</strong></span> <span class='ocrx_word' id='word_1_20' title='bbox 3639 445 3801 488; x_wconf 71' lang='lat' dir='ltr'><strong>crea-</strong></span> 
     </span>
    </p>
   </div>
   <div class='ocr_carea' id='block_1_5' title="bbox 508 513 2094 592">
    <p class='ocr_par' dir='ltr' id='par_1_5' title="bbox 508 513 2094 592">
     <span class='ocr_line' id='line_1_5' title="bbox 508 513 2094 592; baseline -0.003 -18"><span class='ocrx_word' id='word_1_21' title='bbox 508 519 767 592; x_wconf 86' lang='lat' dir='ltr'><strong>dignitate</strong></span> <span class='ocrx_word' id='word_1_22' title='bbox 805 517 1189 590; x_wconf 87' lang='lat' dir='ltr'><strong>grandescunt.</strong></span> <span class='ocrx_word' id='word_1_23' title='bbox 1245 515 1349 572; x_wconf 87' lang='lat' dir='ltr'><strong>Sed</strong></span> <span class='ocrx_word' id='word_1_24' title='bbox 1403 514 1525 570; x_wconf 87' lang='lat' dir='ltr'><strong>ideo</strong></span> <span class='ocrx_word' id='word_1_25' title='bbox 1567 513 1791 570; x_wconf 79' lang='lat' dir='ltr'><strong>forsitan</strong></span> <span class='ocrx_word' id='word_1_26' title='bbox 1823 515 1924 570; x_wconf 92' lang='lat' dir='ltr'><strong>hoc</strong></span> <span class='ocrx_word' id='word_1_27' title='bbox 1975 515 2094 570; x_wconf 91' lang='lat' dir='ltr'><strong>loco</strong></span> 
     </span>
    </p>
   </div>
   <div class='ocr_carea' id='block_1_6' title="bbox 505 608 2093 683">
    <p class='ocr_par' dir='ltr' id='par_1_6' title="bbox 505 608 2093 683">
     <span class='ocr_line' id='line_1_6' title="bbox 505 608 2093 683; baseline -0.001 -17"><span class='ocrx_word' id='word_1_28' title='bbox 505 611 680 683; x_wconf 85' lang='lat' dir='ltr'><strong>angeli</strong></span> <span class='ocrx_word' id='word_1_29' title='bbox 728 609 1012 667; x_wconf 75' lang='lat' dir='ltr'><strong>virtutibus</strong></span> <span class='ocrx_word' id='word_1_30' title='bbox 1063 618 1191 664; x_wconf 91' lang='lat' dir='ltr'><strong>sunt</strong></span> <span class='ocrx_word' id='word_1_31' title='bbox 1238 608 1448 678; x_wconf 58' lang='lat' dir='ltr'><strong>praelati</strong></span> <span class='ocrx_word' id='word_1_32' title='bbox 1477 653 1492 676; x_wconf 92' lang='lat'><strong>,</strong></span> <span class='ocrx_word' id='word_1_33' title='bbox 1541 608 1667 680; x_wconf 86' lang='lat' dir='ltr'><strong>quia</strong></span> <span class='ocrx_word' id='word_1_34' title='bbox 1719 608 2093 665; x_wconf 85' lang='lat' dir='ltr'><strong>honorabilior</strong></span> 
     </span>
    </p>
   </div>
   <div class='ocr_carea' id='block_1_7' title="bbox 503 701 2086 774">
    <p class='ocr_par' dir='ltr' id='par_1_7' title="bbox 503 701 2086 774">
     <span class='ocr_line' id='line_1_7' title="bbox 503 701 2086 774; baseline -0.003 -14"><span class='ocrx_word' id='word_1_35' title='bbox 503 703 850 760; x_wconf 65' lang='lat' dir='ltr'><strong>aestimandus</strong></span> <span class='ocrx_word' id='word_1_36' title='bbox 878 712 963 760; x_wconf 88' lang='lat' dir='ltr'><strong>est</strong></span> <span class='ocrx_word' id='word_1_37' title='bbox 993 718 1086 772; x_wconf 86' lang='lat' dir='ltr'><strong>per</strong></span> <span class='ocrx_word' id='word_1_38' title='bbox 1112 718 1272 774; x_wconf 88' lang='lat' dir='ltr'><strong>quem</strong></span> <span class='ocrx_word' id='word_1_39' title='bbox 1306 701 1514 757; x_wconf 90' lang='lat' dir='ltr'><strong>Domini</strong></span> <span class='ocrx_word' id='word_1_40' title='bbox 1537 701 1687 770; x_wconf 87' lang='lat' dir='ltr'><strong>jussa</strong></span> <span class='ocrx_word' id='word_1_41' title='bbox 1725 701 2086 771; x_wconf 85' lang='lat' dir='ltr'><strong>complentur.</strong></span> 
     </span>
    </p>
   </div>
   <div class='ocr_carea' id='block_1_8' title="bbox 502 793 2091 866">
    <p class='ocr_par' dir='ltr' id='par_1_8' title="bbox 502 793 2091 866">
     <span class='ocr_line' id='line_1_8' title="bbox 502 793 2091 866; baseline 0.001 -16"><span class='ocrx_word' id='word_1_42' title='bbox 502 794 872 852; x_wconf 91' lang='lat' dir='ltr'><strong>Pulcherrime</strong></span> <span class='ocrx_word' id='word_1_43' title='bbox 921 805 1106 853; x_wconf 88' lang='lat' dir='ltr'><strong>autem</strong></span> <span class='ocrx_word' id='word_1_44' title='bbox 1155 795 1210 851; x_wconf 89' lang='lat' dir='ltr'><strong>in</strong></span> <span class='ocrx_word' id='word_1_45' title='bbox 1250 793 1497 850; x_wconf 82' lang='lat' dir='ltr'><strong>laudibus</strong></span> <span class='ocrx_word' id='word_1_46' title='bbox 1544 794 1759 850; x_wconf 87' lang='lat' dir='ltr'><strong>Domini</strong></span> <span class='ocrx_word' id='word_1_47' title='bbox 1812 795 1878 851; x_wconf 87' lang='lat' dir='ltr'><strong>ab</strong></span> <span class='ocrx_word' id='word_1_48' title='bbox 1928 810 2091 866; x_wconf 84' lang='lat' dir='ltr'><strong>ange-</strong></span> 
     </span>
    </p>
   </div>
   <div class='ocr_carea' id='block_1_9' title="bbox 500 887 2092 961">
    <p class='ocr_par' dir='ltr' id='par_1_9' title="bbox 500 887 2092 961">
     <span class='ocr_line' id='line_1_9' title="bbox 500 887 2092 961; baseline 0.004 -20"><span class='ocrx_word' id='word_1_49' title='bbox 500 887 566 944; x_wconf 88' lang='lat' dir='ltr'><strong>lis</strong></span> <span class='ocrx_word' id='word_1_50' title='bbox 619 888 748 945; x_wconf 88' lang='lat' dir='ltr'><strong>fecit</strong></span> <span class='ocrx_word' id='word_1_51' title='bbox 801 889 1049 958; x_wconf 91' lang='lat' dir='ltr'><strong>initium,</strong></span> <span class='ocrx_word' id='word_1_52' title='bbox 1100 891 1189 961; x_wconf 91' lang='lat' dir='ltr'><strong>qui</strong></span> <span class='ocrx_word' id='word_1_53' title='bbox 1240 890 1380 947; x_wconf 90' lang='lat' dir='ltr'><strong>inter</strong></span> <span class='ocrx_word' id='word_1_54' title='bbox 1431 898 1709 946; x_wconf 86' lang='lat' dir='ltr'><strong>creaturas</strong></span> <span class='ocrx_word' id='word_1_55' title='bbox 1755 893 2092 947; x_wconf 73' lang='lat' dir='ltr'><strong>testimantur</strong></span> 
     </span>
    </p>
   </div>
   <div class='ocr_carea' id='block_1_10' title="bbox 498 973 1772 1036">
    <p class='ocr_par' dir='ltr' id='par_1_10' title="bbox 498 973 1772 1036">
     <span class='ocr_line' id='line_1_10' title="bbox 498 973 1772 1036; baseline 0.002 -1"><span class='ocrx_word' id='word_1_56' title='bbox 498 973 708 1036; x_wconf 81' lang='lat' dir='ltr'><strong>eximii.</strong></span> <span class='ocrx_word' id='word_1_57' title='bbox 1767 1000 1772 1005; x_wconf 81' lang='lat'><em>&#39;</em></span> 
     </span>
    </p>
   </div>
   <div class='ocr_carea' id='block_1_11' title="bbox 573 1073 2084 1145">
    <p class='ocr_par' dir='ltr' id='par_1_11' title="bbox 573 1073 2084 1145">
     <span class='ocr_line' id='line_1_11' title="bbox 573 1073 2084 1145; baseline 0.003 -17"><span class='ocrx_word' id='word_1_58' title='bbox 573 1073 732 1128; x_wconf 80' lang='lat' dir='ltr'><strong>Vers.</strong></span> <span class='ocrx_word' id='word_1_59' title='bbox 779 1076 833 1132; x_wconf 80' lang='grc'><strong>5.</strong></span> <span class='ocrx_word' id='word_1_60' title='bbox 865 1075 1105 1131; x_wconf 87' lang='lat' dir='ltr'><strong>Laudate</strong></span> <span class='ocrx_word' id='word_1_61' title='bbox 1145 1091 1296 1145; x_wconf 91' lang='lat' dir='ltr'><strong>eum,</strong></span> <span class='ocrx_word' id='word_1_62' title='bbox 1329 1077 1409 1131; x_wconf 84' lang='lat' dir='ltr'><strong>sol</strong></span> <span class='ocrx_word' id='word_1_63' title='bbox 1437 1086 1482 1131; x_wconf 88' lang='lat' dir='ltr'><strong>et</strong></span> <span class='ocrx_word' id='word_1_64' title='bbox 1513 1076 1671 1143; x_wconf 83' lang='lat' dir='ltr'><strong>tuna;</strong></span> <span class='ocrx_word' id='word_1_65' title='bbox 1699 1075 1906 1132; x_wconf 84' lang='lat' dir='ltr'><strong>laudate</strong></span> <span class='ocrx_word' id='word_1_66' title='bbox 1947 1093 2084 1144; x_wconf 86' lang='lat' dir='ltr'><strong>eum,</strong></span> 
     </span>
    </p>
   </div>
   <div class='ocr_carea' id='block_1_12' title="bbox 499 1166 2092 1239">
    <p class='ocr_par' dir='ltr' id='par_1_12' title="bbox 499 1166 2092 1239">
     <span class='ocr_line' id='line_1_12' title="bbox 499 1166 2092 1239; baseline 0.003 -19"><span class='ocrx_word' id='word_1_67' title='bbox 499 1182 675 1221; x_wconf 88' lang='lat' dir='ltr'><strong>omnes</strong></span> <span class='ocrx_word' id='word_1_68' title='bbox 713 1168 878 1223; x_wconf 62' lang='lat' dir='ltr'><strong>stellas</strong></span> <span class='ocrx_word' id='word_1_69' title='bbox 927 1178 976 1222; x_wconf 89' lang='lat' dir='ltr'><strong>et</strong></span> <span class='ocrx_word' id='word_1_70' title='bbox 1017 1166 1210 1222; x_wconf 85' lang='lat' dir='ltr'><strong>lumen.</strong></span> <span class='ocrx_word' id='word_1_71' title='bbox 1247 1167 1372 1235; x_wconf 93' lang='lat' dir='ltr'><strong>Sol,</strong></span> <span class='ocrx_word' id='word_1_72' title='bbox 1423 1168 1571 1236; x_wconf 89' lang='lat' dir='ltr'><strong>luna,</strong></span> <span class='ocrx_word' id='word_1_73' title='bbox 1630 1169 1798 1224; x_wconf 71' lang='lat' dir='ltr'><strong>stellae</strong></span> <span class='ocrx_word' id='word_1_74' title='bbox 1839 1170 1921 1239; x_wconf 90' lang='lat' dir='ltr'><strong>(ut</strong></span> <span class='ocrx_word' id='word_1_75' title='bbox 1973 1169 2092 1237; x_wconf 91' lang='lat' dir='ltr'><strong>qui-</strong></span> 
     </span>
    </p>
   </div>
   <div class='ocr_carea' id='block_1_13' title="bbox 495 1259 2084 1332">
    <p class='ocr_par' dir='ltr' id='par_1_13' title="bbox 495 1259 2084 1332">
     <span class='ocr_line' id='line_1_13' title="bbox 495 1259 2084 1332; baseline -0.001 -16"><span class='ocrx_word' id='word_1_76' title='bbox 495 1259 621 1316; x_wconf 88' lang='lat' dir='ltr'><strong>dam</strong></span> <span class='ocrx_word' id='word_1_77' title='bbox 666 1261 895 1332; x_wconf 91' lang='lat' dir='ltr'><strong>dicunt),</strong></span> <span class='ocrx_word' id='word_1_78' title='bbox 951 1264 1052 1318; x_wconf 82' lang='lat' dir='ltr'><strong>etsi</strong></span> <span class='ocrx_word' id='word_1_79' title='bbox 1100 1262 1282 1331; x_wconf 88' lang='lat' dir='ltr'><strong>aliquo</strong></span> <span class='ocrx_word' id='word_1_80' title='bbox 1326 1262 1518 1331; x_wconf 82' lang='lat' dir='ltr'><strong>spiritu</strong></span> <span class='ocrx_word' id='word_1_81' title='bbox 1547 1263 1766 1331; x_wconf 83' lang='lat' dir='ltr'><strong>proprio</strong></span> <span class='ocrx_word' id='word_1_82' title='bbox 1806 1269 2084 1331; x_wconf 83' lang='lat' dir='ltr'><strong>regantur,</strong></span> 
     </span>
    </p>
   </div>
   <div class='ocr_carea' id='block_1_14' title="bbox 495 1355 2086 1426">
    <p class='ocr_par' dir='ltr' id='par_1_14' title="bbox 495 1355 2086 1426">
     <span class='ocr_line' id='line_1_14' title="bbox 495 1355 2086 1426; baseline 0.001 -16"><span class='ocrx_word' id='word_1_83' title='bbox 495 1361 676 1410; x_wconf 85' lang='lat' dir='ltr'><strong>tame</strong></span> <span class='ocrx_word' id='word_1_84' title='bbox 715 1355 839 1426; x_wconf 89' lang='lat' dir='ltr'><strong>quia</strong></span> <span class='ocrx_word' id='word_1_85' title='bbox 883 1356 1188 1413; x_wconf 82' lang='lat' dir='ltr'><strong>carnalibus</strong></span> <span class='ocrx_word' id='word_1_86' title='bbox 1233 1357 1402 1412; x_wconf 91' lang='lat' dir='ltr'><strong>oculis</strong></span> <span class='ocrx_word' id='word_1_87' title='bbox 1453 1365 1756 1426; x_wconf 88' lang='lat' dir='ltr'><strong>patescunt,</strong></span> <span class='ocrx_word' id='word_1_88' title='bbox 1800 1356 2086 1412; x_wconf 86' lang='lat' dir='ltr'><strong>inferiores</strong></span> 
     </span>
    </p>
   </div>
   <div class='ocr_carea' id='block_1_15' title="bbox 494 1446 2089 1518">
    <p class='ocr_par' dir='ltr' id='par_1_15' title="bbox 494 1446 2089 1518">
     <span class='ocr_line' id='line_1_15' title="bbox 494 1446 2089 1518; baseline 0.001 -16"><span class='ocrx_word' id='word_1_89' title='bbox 494 1460 616 1504; x_wconf 87' lang='lat' dir='ltr'><strong>esse</strong></span> <span class='ocrx_word' id='word_1_90' title='bbox 641 1446 930 1506; x_wconf 84' lang='lat' dir='ltr'><strong>virtutibus</strong></span> <span class='ocrx_word' id='word_1_91' title='bbox 959 1463 1078 1518; x_wconf 75' lang='lat' dir='ltr'><strong>quae</strong></span> <span class='ocrx_word' id='word_1_92' title='bbox 1105 1464 1211 1504; x_wconf 91' lang='lat' dir='ltr'><strong>non</strong></span> <span class='ocrx_word' id='word_1_93' title='bbox 1246 1449 1516 1515; x_wconf 87' lang='lat' dir='ltr'><strong>videntur,</strong></span> <span class='ocrx_word' id='word_1_94' title='bbox 1550 1466 1654 1505; x_wconf 89' lang='lat' dir='ltr'><strong>non</strong></span> <span class='ocrx_word' id='word_1_95' title='bbox 1683 1450 1918 1506; x_wconf 90' lang='lat' dir='ltr'><strong>absurda</strong></span> <span class='ocrx_word' id='word_1_96' title='bbox 1942 1450 2089 1506; x_wconf 70' lang='lat' dir='ltr'><strong>aesti-</strong></span> 
     </span>
    </p>
   </div>
   <div class='ocr_carea' id='block_1_16' title="bbox 492 1539 2088 1614">
    <p class='ocr_par' dir='ltr' id='par_1_16' title="bbox 492 1539 2088 1614">
     <span class='ocr_line' id='line_1_16' title="bbox 492 1539 2088 1614; baseline 0.002 -19"><span class='ocrx_word' id='word_1_97' title='bbox 492 1539 733 1596; x_wconf 88' lang='lat' dir='ltr'><strong>matione</strong></span> <span class='ocrx_word' id='word_1_98' title='bbox 755 1541 1043 1612; x_wconf 76' lang='lat' dir='ltr'><strong>colligitur,</strong></span> <span class='ocrx_word' id='word_1_99' title='bbox 1073 1542 1319 1612; x_wconf 84' lang='lat' dir='ltr'><strong>quamvis</strong></span> <span class='ocrx_word' id='word_1_100' title='bbox 1347 1543 1472 1598; x_wconf 73' lang='lat' dir='ltr'><strong>cmli</strong></span> <span class='ocrx_word' id='word_1_101' title='bbox 1509 1544 1740 1614; x_wconf 84' lang='lat' dir='ltr'><strong>speciem</strong></span> <span class='ocrx_word' id='word_1_102' title='bbox 1777 1543 1977 1600; x_wconf 89' lang='lat' dir='ltr'><strong>decoro</strong></span> <span class='ocrx_word' id='word_1_103' title='bbox 2003 1545 2088 1599; x_wconf 91' lang='lat' dir='ltr'><strong>lu-</strong></span> 
     </span>
    </p>
   </div>
   <div class='ocr_carea' id='block_1_17' title="bbox 491 1633 2088 1707">
    <p class='ocr_par' dir='ltr' id='par_1_17' title="bbox 491 1633 2088 1707">
     <span class='ocr_line' id='line_1_17' title="bbox 491 1633 2088 1707; baseline 0.004 -19"><span class='ocrx_word' id='word_1_104' title='bbox 491 1633 642 1690; x_wconf 93' lang='lat' dir='ltr'><strong>mine</strong></span> <span class='ocrx_word' id='word_1_105' title='bbox 692 1647 890 1690; x_wconf 90' lang='lat' dir='ltr'><strong>ornare</strong></span> <span class='ocrx_word' id='word_1_106' title='bbox 940 1635 1244 1692; x_wconf 90' lang='lat' dir='ltr'><strong>videantur.</strong></span> <span class='ocrx_word' id='word_1_107' title='bbox 1275 1635 1408 1692; x_wconf 86' lang='lat' dir='ltr'><strong>Nam</strong></span> <span class='ocrx_word' id='word_1_108' title='bbox 1457 1637 1546 1692; x_wconf 89' lang='lat' dir='ltr'><strong>illa</strong></span> <span class='ocrx_word' id='word_1_109' title='bbox 1575 1638 1639 1692; x_wconf 89' lang='lat' dir='ltr'><strong>ad</strong></span> <span class='ocrx_word' id='word_1_110' title='bbox 1671 1653 1792 1707; x_wconf 66' lang='lat' dir='ltr'><strong>qua:</strong></span> <span class='ocrx_word' id='word_1_111' title='bbox 1843 1639 2088 1706; x_wconf 80' lang='lat' dir='ltr'><strong>pervenit</strong></span> 
     </span>
    </p>
   </div>
   <div class='ocr_carea' id='block_1_18' title="bbox 489 1729 2086 1802">
    <p class='ocr_par' dir='ltr' id='par_1_18' title="bbox 489 1729 2086 1802">
     <span class='ocr_line' id='line_1_18' title="bbox 489 1729 2086 1802; baseline 0.001 -16"><span class='ocrx_word' id='word_1_112' title='bbox 489 1735 678 1786; x_wconf 81' lang='lat' dir='ltr'><strong>noster</strong></span> <span class='ocrx_word' id='word_1_113' title='bbox 707 1736 979 1798; x_wconf 88' lang='lat' dir='ltr'><strong>aspectus,</strong></span> <span class='ocrx_word' id='word_1_114' title='bbox 1031 1729 1158 1785; x_wconf 90' lang='lat' dir='ltr'><strong>licet</strong></span> <span class='ocrx_word' id='word_1_115' title='bbox 1187 1730 1296 1785; x_wconf 87' lang='lat' dir='ltr'><strong>sint</strong></span> <span class='ocrx_word' id='word_1_116' title='bbox 1321 1729 1496 1786; x_wconf 87' lang='lat' dir='ltr'><strong>lucida</strong></span> <span class='ocrx_word' id='word_1_117' title='bbox 1523 1730 1682 1802; x_wconf 88' lang='lat' dir='ltr'><strong>atque</strong></span> <span class='ocrx_word' id='word_1_118' title='bbox 1713 1731 1953 1802; x_wconf 86' lang='lat' dir='ltr'><strong>subtilia,</strong></span> <span class='ocrx_word' id='word_1_119' title='bbox 2005 1741 2086 1788; x_wconf 85' lang='lat' dir='ltr'><strong>ta-</strong></span> 
     </span>
    </p>
   </div>
   <div class='ocr_carea' id='block_1_19' title="bbox 2200 509 3806 584">
    <p class='ocr_par' dir='ltr' id='par_1_19' title="bbox 2200 509 3806 584">
     <span class='ocr_line' id='line_1_19' title="bbox 2200 509 3806 584; baseline 0.008 -20"><span class='ocrx_word' id='word_1_120' title='bbox 2200 519 2368 566; x_wconf 88' lang='lat' dir='ltr'><strong>torem</strong></span> <span class='ocrx_word' id='word_1_121' title='bbox 2402 526 2583 577; x_wconf 91' lang='lat' dir='ltr'><strong>suum,</strong></span> <span class='ocrx_word' id='word_1_122' title='bbox 2635 509 2689 568; x_wconf 93' lang='lat' dir='ltr'><strong>id</strong></span> <span class='ocrx_word' id='word_1_123' title='bbox 2719 520 2804 567; x_wconf 91' lang='lat' dir='ltr'><strong>est</strong></span> <span class='ocrx_word' id='word_1_124' title='bbox 2831 512 3068 569; x_wconf 90' lang='lat' dir='ltr'><strong>conditio</strong></span> <span class='ocrx_word' id='word_1_125' title='bbox 3099 529 3277 569; x_wconf 88' lang='lat' dir='ltr'><strong>rerum</strong></span> <span class='ocrx_word' id='word_1_126' title='bbox 3306 515 3580 584; x_wconf 89' lang='lat' dir='ltr'><strong>proprium</strong></span> <span class='ocrx_word' id='word_1_127' title='bbox 3610 511 3806 577; x_wconf 81' lang='lat' dir='ltr'><strong>laudet</strong></span> 
     </span>
    </p>
   </div>
   <div class='ocr_carea' id='block_1_20' title="bbox 2197 597 3803 674">
    <p class='ocr_par' dir='ltr' id='par_1_20' title="bbox 2197 597 3803 674">
     <span class='ocr_line' id='line_1_20' title="bbox 2197 597 3803 674; baseline 0.007 -18"><span class='ocrx_word' id='word_1_128' title='bbox 2197 604 2516 658; x_wconf 89' lang='lat' dir='ltr'><strong>auctorem?</strong></span> <span class='ocrx_word' id='word_1_129' title='bbox 2548 597 2613 658; x_wconf 83' lang='lat' dir='ltr'><strong>Et</strong></span> <span class='ocrx_word' id='word_1_130' title='bbox 2643 613 2700 658; x_wconf 92' lang='lat' dir='ltr'><strong>ut</strong></span> <span class='ocrx_word' id='word_1_131' title='bbox 2727 603 3026 661; x_wconf 86' lang='lat' dir='ltr'><strong>sententias</strong></span> <span class='ocrx_word' id='word_1_132' title='bbox 3068 604 3515 674; x_wconf 81' lang='lat' dir='ltr'><strong>phiIOSOphorum</strong></span> <span class='ocrx_word' id='word_1_133' title='bbox 3548 608 3803 668; x_wconf 80' lang='lat' dir='ltr'><strong>veritatis</strong></span> 
     </span>
    </p>
   </div>
   <div class='ocr_carea' id='block_1_21' title="bbox 2195 692 3801 772">
    <p class='ocr_par' dir='ltr' id='par_1_21' title="bbox 2195 692 3801 772">
     <span class='ocr_line' id='line_1_21' title="bbox 2195 692 3801 772; baseline 0.006 -24"><span class='ocrx_word' id='word_1_134' title='bbox 2195 692 2366 764; x_wconf 90' lang='lat' dir='ltr'><strong>ipsius</strong></span> <span class='ocrx_word' id='word_1_135' title='bbox 2397 708 2529 749; x_wconf 91' lang='lat' dir='ltr'><strong>voce</strong></span> <span class='ocrx_word' id='word_1_136' title='bbox 2577 695 2942 763; x_wconf 89' lang='lat' dir='ltr'><strong>convinceret,</strong></span> <span class='ocrx_word' id='word_1_137' title='bbox 2977 694 3050 750; x_wconf 88' lang='lat' dir='ltr'><strong>ait</strong></span> <span class='ocrx_word' id='word_1_138' title='bbox 3085 713 3097 748; x_wconf 94' lang='lat'><strong>:</strong></span> <span class='ocrx_word' id='word_1_139' title='bbox 3137 695 3260 766; x_wconf 84' lang='lat' dir='ltr'><strong>quia</strong></span> <span class='ocrx_word' id='word_1_140' title='bbox 3289 698 3398 767; x_wconf 86' lang='lat' dir='ltr'><strong>ipse</strong></span> <span class='ocrx_word' id='word_1_141' title='bbox 3442 697 3599 768; x_wconf 73' lang='lat' dir='ltr'><strong>dixit,</strong></span> <span class='ocrx_word' id='word_1_142' title='bbox 3626 708 3679 755; x_wconf 85' lang='lat' dir='ltr'><strong>&#39;et</strong></span> <span class='ocrx_word' id='word_1_143' title='bbox 3708 701 3801 772; x_wconf 80' lang='lat' dir='ltr'><strong>fa-</strong></span> 
     </span>
    </p>
   </div>
   <div class='ocr_carea' id='block_1_22' title="bbox 2194 787 3801 861">
    <p class='ocr_par' dir='ltr' id='par_1_22' title="bbox 2194 787 3801 861">
     <span class='ocr_line' id='line_1_22' title="bbox 2194 787 3801 861; baseline 0.006 -18"><span class='ocrx_word' id='word_1_144' title='bbox 2194 798 2276 843; x_wconf 85' lang='lat' dir='ltr'><strong>cta</strong></span> <span class='ocrx_word' id='word_1_145' title='bbox 2302 799 2440 843; x_wconf 85' lang='lat' dir='ltr'><strong>sunt.</strong></span> <span class='ocrx_word' id='word_1_146' title='bbox 2469 787 2728 856; x_wconf 90' lang='lat' dir='ltr'><strong>Dicendo,</strong></span> <span class='ocrx_word' id='word_1_147' title='bbox 2759 790 2885 861; x_wconf 89' lang='lat' dir='ltr'><strong>ipse,</strong></span> <span class='ocrx_word' id='word_1_148' title='bbox 2921 788 3207 845; x_wconf 85' lang='lat' dir='ltr'><strong>Dominum</strong></span> <span class='ocrx_word' id='word_1_149' title='bbox 3245 787 3512 861; x_wconf 84' lang='lat' dir='ltr'><strong>signiﬁcat</strong></span> <span class='ocrx_word' id='word_1_150' title='bbox 3543 791 3801 852; x_wconf 87' lang='lat' dir='ltr'><strong>Salvato-</strong></span> 
     </span>
    </p>
   </div>
   <div class='ocr_carea' id='block_1_23' title="bbox 2195 883 3802 959">
    <p class='ocr_par' dir='ltr' id='par_1_23' title="bbox 2195 883 3802 959">
     <span class='ocr_line' id='line_1_23' title="bbox 2195 883 3802 959; baseline 0.003 -19"><span class='ocrx_word' id='word_1_151' title='bbox 2195 898 2333 940; x_wconf 91' lang='lat' dir='ltr'><strong>rem.</strong></span> <span class='ocrx_word' id='word_1_152' title='bbox 2370 883 2489 953; x_wconf 84' lang='lat' dir='ltr'><strong>ipse</strong></span> <span class='ocrx_word' id='word_1_153' title='bbox 2531 891 2618 940; x_wconf 90' lang='lat' dir='ltr'><strong>est</strong></span> <span class='ocrx_word' id='word_1_154' title='bbox 2640 884 2781 940; x_wconf 84' lang='lat' dir='ltr'><strong>enim</strong></span> <span class='ocrx_word' id='word_1_155' title='bbox 2824 883 3062 939; x_wconf 78' lang='lat' dir='ltr'><strong>Verbum</strong></span> <span class='ocrx_word' id='word_1_156' title='bbox 3094 898 3220 940; x_wconf 86' lang='lat' dir='ltr'><strong>caro</strong></span> <span class='ocrx_word' id='word_1_157' title='bbox 3247 883 3471 952; x_wconf 88' lang='lat' dir='ltr'><strong>factum,</strong></span> <span class='ocrx_word' id='word_1_158' title='bbox 3499 885 3657 956; x_wconf 85' lang='lat' dir='ltr'><strong>cujus</strong></span> <span class='ocrx_word' id='word_1_159' title='bbox 3680 887 3802 959; x_wconf 86' lang='lat' dir='ltr'><strong>jus-</strong></span> 
     </span>
    </p>
   </div>
   <div class='ocr_carea' id='block_1_24' title="bbox 2192 980 3799 1054">
    <p class='ocr_par' dir='ltr' id='par_1_24' title="bbox 2192 980 3799 1054">
     <span class='ocr_line' id='line_1_24' title="bbox 2192 980 3799 1054; baseline 0.001 -18"><span class='ocrx_word' id='word_1_160' title='bbox 2192 981 2346 1036; x_wconf 88' lang='lat' dir='ltr'><strong>sione</strong></span> <span class='ocrx_word' id='word_1_161' title='bbox 2371 990 2562 1037; x_wconf 88' lang='lat' dir='ltr'><strong>cuncta</strong></span> <span class='ocrx_word' id='word_1_162' title='bbox 2593 990 2779 1038; x_wconf 89' lang='lat' dir='ltr'><strong>creata</strong></span> <span class='ocrx_word' id='word_1_163' title='bbox 2806 989 2952 1044; x_wconf 90' lang='lat' dir='ltr'><strong>sunt,</strong></span> <span class='ocrx_word' id='word_1_164' title='bbox 2998 981 3140 1036; x_wconf 91' lang='lat' dir='ltr'><strong>sicut</strong></span> <span class='ocrx_word' id='word_1_165' title='bbox 3169 980 3366 1036; x_wconf 89' lang='lat' dir='ltr'><strong>veritas</strong></span> <span class='ocrx_word' id='word_1_166' title='bbox 3398 981 3678 1054; x_wconf 84' lang='lat' dir='ltr'><strong>Evangelii</strong></span> <span class='ocrx_word' id='word_1_167' title='bbox 3708 983 3799 1039; x_wconf 87' lang='lat' dir='ltr'><strong>di-</strong></span> 
     </span>
    </p>
   </div>
   <div class='ocr_carea' id='block_1_25' title="bbox 2194 1069 3798 1145">
    <p class='ocr_par' dir='ltr' id='par_1_25' title="bbox 2194 1069 3798 1145">
     <span class='ocr_line' id='line_1_25' title="bbox 2194 1069 3798 1145; baseline 0.002 -19"><span class='ocrx_word' id='word_1_168' title='bbox 2194 1070 2268 1126; x_wconf 87' lang='lat' dir='ltr'><strong>cit</strong></span> <span class='ocrx_word' id='word_1_169' title='bbox 2297 1089 2309 1124; x_wconf 87' lang='lat'>:</span> <span class='ocrx_word' id='word_1_170' title='bbox 2344 1070 2530 1126; x_wconf 85' lang='lat' dir='ltr'><strong>Omnia</strong></span> <span class='ocrx_word' id='word_1_171' title='bbox 2578 1087 2667 1141; x_wconf 80' lang='lat' dir='ltr'><strong>per</strong></span> <span class='ocrx_word' id='word_1_172' title='bbox 2694 1073 2865 1142; x_wconf 88' lang='lat' dir='ltr'><strong>ipsum</strong></span> <span class='ocrx_word' id='word_1_173' title='bbox 2893 1069 3033 1140; x_wconf 81' lang='lat' dir='ltr'><strong>facta</strong></span> <span class='ocrx_word' id='word_1_174' title='bbox 3060 1081 3202 1139; x_wconf 90' lang='lat' dir='ltr'><strong>sunt,</strong></span> <span class='ocrx_word' id='word_1_175' title='bbox 3238 1079 3285 1125; x_wconf 84' lang='lat' dir='ltr'><strong>et</strong></span> <span class='ocrx_word' id='word_1_176' title='bbox 3307 1071 3416 1126; x_wconf 87' lang='lat' dir='ltr'><strong>sine</strong></span> <span class='ocrx_word' id='word_1_177' title='bbox 3458 1072 3571 1144; x_wconf 85' lang='lat' dir='ltr'><strong>ipso</strong></span> <span class='ocrx_word' id='word_1_178' title='bbox 3599 1074 3798 1145; x_wconf 78' lang='lat' dir='ltr'><strong>factum</strong></span> 
     </span>
    </p>
   </div>
   <div class='ocr_carea' id='block_1_26' title="bbox 2191 1163 3795 1239">
    <p class='ocr_par' dir='ltr' id='par_1_26' title="bbox 2191 1163 3795 1239">
     <span class='ocr_line' id='line_1_26' title="bbox 2191 1163 3795 1239; baseline 0.002 -19"><span class='ocrx_word' id='word_1_179' title='bbox 2191 1174 2266 1220; x_wconf 88' lang='lat' dir='ltr'><strong>est</strong></span> <span class='ocrx_word' id='word_1_180' title='bbox 2296 1165 2424 1218; x_wconf 79' lang='lat' dir='ltr'><strong>nihil</strong></span> <span class='ocrx_word' id='word_1_181' title='bbox 2449 1163 2626 1234; x_wconf 85' lang='lat' dir='ltr'><strong>(Joan.</strong></span> <span class='ocrx_word' id='word_1_182' title='bbox 2661 1182 2700 1234; x_wconf 85' lang='grc' dir='ltr'><strong>ι,</strong></span> <span class='ocrx_word' id='word_1_183' title='bbox 2731 1166 2811 1236; x_wconf 78' lang='grc'><strong>5).</strong></span> <span class='ocrx_word' id='word_1_184' title='bbox 2838 1165 2905 1221; x_wconf 86' lang='grc' dir='ltr'><strong>ΕΙ.</strong></span> <span class='ocrx_word' id='word_1_185' title='bbox 2931 1165 3220 1236; x_wconf 82' lang='lat' dir='ltr'><strong>Apostolus</strong></span> <span class='ocrx_word' id='word_1_186' title='bbox 3243 1165 3320 1221; x_wconf 88' lang='lat' dir='ltr'><strong>ait</strong></span> <span class='ocrx_word' id='word_1_187' title='bbox 3349 1183 3363 1220; x_wconf 87' lang='lat'><strong>:</strong></span> <span class='ocrx_word' id='word_1_188' title='bbox 3393 1165 3497 1233; x_wconf 81' lang='lat' dir='ltr'><strong>Qui</strong></span> <span class='ocrx_word' id='word_1_189' title='bbox 3515 1178 3589 1223; x_wconf 88' lang='lat' dir='ltr'><strong>est</strong></span> <span class='ocrx_word' id='word_1_190' title='bbox 3619 1169 3795 1239; x_wconf 81' lang='lat' dir='ltr'><strong>imago</strong></span> 
     </span>
    </p>
   </div>
   <div class='ocr_carea' id='block_1_27' title="bbox 2191 1253 3798 1333">
    <p class='ocr_par' dir='ltr' id='par_1_27' title="bbox 2191 1253 3798 1333">
     <span class='ocr_line' id='line_1_27' title="bbox 2191 1253 3798 1333; baseline 0.006 -25"><span class='ocrx_word' id='word_1_191' title='bbox 2191 1253 2291 1310; x_wconf 79' lang='lat' dir='ltr'><strong>Dei</strong></span> <span class='ocrx_word' id='word_1_192' title='bbox 2320 1257 2607 1324; x_wconf 79' lang='lat' dir='ltr'><strong>invisibilis,</strong></span> <span class='ocrx_word' id='word_1_193' title='bbox 2651 1259 3028 1329; x_wconf 80' lang='lat' dir='ltr'><strong>primogenitus&#39;</strong></span> <span class='ocrx_word' id='word_1_194' title='bbox 3046 1260 3214 1314; x_wconf 87' lang='lat' dir='ltr'><strong>omnis</strong></span> <span class='ocrx_word' id='word_1_195' title='bbox 3241 1269 3494 1314; x_wconf 77' lang='lat' dir='ltr'><strong>creatura:</strong></span> <span class='ocrx_word' id='word_1_196' title='bbox 3523 1278 3544 1317; x_wconf 81' lang='lat'><strong>.&#39;</strong></span> <span class='ocrx_word' id='word_1_197' title='bbox 3572 1262 3699 1333; x_wconf 82' lang='lat' dir='ltr'><strong>quia</strong></span> <span class='ocrx_word' id='word_1_198' title='bbox 3738 1263 3798 1318; x_wconf 78' lang='lat' dir='ltr'><strong>in</strong></span> 
     </span>
    </p>
   </div>
   <div class='ocr_carea' id='block_1_28' title="bbox 2188 1350 3797 1422">
    <p class='ocr_par' dir='ltr' id='par_1_28' title="bbox 2188 1350 3797 1422">
     <span class='ocr_line' id='line_1_28' title="bbox 2188 1350 3797 1422; baseline 0.006 -19"><span class='ocrx_word' id='word_1_199' title='bbox 2188 1351 2301 1420; x_wconf 85' lang='lat' dir='ltr'><strong>ipso</strong></span> <span class='ocrx_word' id='word_1_200' title='bbox 2337 1350 2546 1404; x_wconf 87' lang='lat' dir='ltr'><strong>condita</strong></span> <span class='ocrx_word' id='word_1_201' title='bbox 2577 1361 2695 1405; x_wconf 87' lang='lat' dir='ltr'><strong>sunt</strong></span> <span class='ocrx_word' id='word_1_202' title='bbox 2728 1352 2897 1406; x_wconf 88' lang='lat' dir='ltr'><strong>omnia</strong></span> <span class='ocrx_word' id='word_1_203' title='bbox 2941 1353 2998 1406; x_wconf 89' lang='lat' dir='ltr'><strong>in</strong></span> <span class='ocrx_word' id='word_1_204' title='bbox 3046 1352 3186 1408; x_wconf 75' lang='lat' dir='ltr'><strong>stetis</strong></span> <span class='ocrx_word' id='word_1_205' title='bbox 3215 1364 3264 1408; x_wconf 87' lang='lat' dir='ltr'><strong>et</strong></span> <span class='ocrx_word' id='word_1_206' title='bbox 3294 1353 3350 1406; x_wconf 85' lang='lat' dir='ltr'><strong>in</strong></span> <span class='ocrx_word' id='word_1_207' title='bbox 3377 1363 3531 1422; x_wconf 78' lang='lat' dir='ltr'><strong>terra,</strong></span> <span class='ocrx_word' id='word_1_208' title='bbox 3562 1355 3797 1414; x_wconf 78' lang='lat' dir='ltr'><strong>visibilia</strong></span> 
     </span>
    </p>
   </div>
   <div class='ocr_carea' id='block_1_29' title="bbox 2189 1442 3785 1515">
    <p class='ocr_par' dir='ltr' id='par_1_29' title="bbox 2189 1442 3785 1515">
     <span class='ocr_line' id='line_1_29' title="bbox 2189 1442 3785 1515; baseline 0.003 -18"><span class='ocrx_word' id='word_1_209' title='bbox 2189 1452 2236 1497; x_wconf 86' lang='lat' dir='ltr'><strong>et</strong></span> <span class='ocrx_word' id='word_1_210' title='bbox 2259 1442 2534 1497; x_wconf 85' lang='lat' dir='ltr'><strong>invisibilia</strong></span> <span class='ocrx_word' id='word_1_211' title='bbox 2559 1484 2574 1510; x_wconf 91' lang='lat'><strong>,</strong></span> <span class='ocrx_word' id='word_1_212' title='bbox 2609 1446 2709 1499; x_wconf 75' lang='lat' dir='ltr'><strong>sive</strong></span> <span class='ocrx_word' id='word_1_213' title='bbox 2739 1443 2905 1511; x_wconf 80' lang='lat' dir='ltr'><strong>sedes,</strong></span> <span class='ocrx_word' id='word_1_214' title='bbox 2937 1445 3041 1498; x_wconf 84' lang='lat' dir='ltr'><strong>sive</strong></span> <span class='ocrx_word' id='word_1_215' title='bbox 3071 1445 3473 1513; x_wconf 80' lang='lat' dir='ltr'><strong>dominationes,</strong></span> <span class='ocrx_word' id='word_1_216' title='bbox 3502 1447 3606 1502; x_wconf 82' lang='lat' dir='ltr'><strong>sive</strong></span> <span class='ocrx_word' id='word_1_217' title='bbox 3633 1451 3785 1515; x_wconf 84' lang='lat' dir='ltr'><strong>prin-</strong></span> 
     </span>
    </p>
   </div>
   <div class='ocr_carea' id='block_1_30' title="bbox 2188 1533 3790 1608">
    <p class='ocr_par' dir='ltr' id='par_1_30' title="bbox 2188 1533 3790 1608">
     <span class='ocr_line' id='line_1_30' title="bbox 2188 1533 3790 1608; baseline 0.005 -22"><span class='ocrx_word' id='word_1_218' title='bbox 2188 1533 2408 1605; x_wconf 86' lang='lat' dir='ltr'><strong>cipatus,</strong></span> <span class='ocrx_word' id='word_1_219' title='bbox 2447 1535 2551 1590; x_wconf 86' lang='lat' dir='ltr'><strong>sive</strong></span> <span class='ocrx_word' id='word_1_220' title='bbox 2578 1545 2869 1608; x_wconf 81' lang='lat' dir='ltr'><strong>potestates,</strong></span> <span class='ocrx_word' id='word_1_221' title='bbox 2902 1536 3075 1591; x_wconf 87' lang='lat' dir='ltr'><strong>omnia</strong></span> <span class='ocrx_word' id='word_1_222' title='bbox 3127 1553 3219 1607; x_wconf 87' lang='lat' dir='ltr'><strong>per</strong></span> <span class='ocrx_word' id='word_1_223' title='bbox 3259 1537 3428 1607; x_wconf 84' lang='lat' dir='ltr'><strong>ipsum</strong></span> <span class='ocrx_word' id='word_1_224' title='bbox 3470 1547 3520 1593; x_wconf 89' lang='lat' dir='ltr'><strong>et</strong></span> <span class='ocrx_word' id='word_1_225' title='bbox 3563 1541 3620 1593; x_wconf 88' lang='lat' dir='ltr'><strong>in</strong></span> <span class='ocrx_word' id='word_1_226' title='bbox 3671 1541 3790 1608; x_wconf 86' lang='lat' dir='ltr'><strong>ipso</strong></span> 
     </span>
    </p>
   </div>
   <div class='ocr_carea' id='block_1_31' title="bbox 2189 1629 3791 1705">
    <p class='ocr_par' dir='ltr' id='par_1_31' title="bbox 2189 1629 3791 1705">
     <span class='ocr_line' id='line_1_31' title="bbox 2189 1629 3791 1705; baseline 0.004 -22"><span class='ocrx_word' id='word_1_227' title='bbox 2189 1631 2399 1686; x_wconf 86' lang='lat' dir='ltr'><strong>condita</strong></span> <span class='ocrx_word' id='word_1_228' title='bbox 2428 1641 2548 1686; x_wconf 86' lang='lat' dir='ltr'><strong>sunt</strong></span> <span class='ocrx_word' id='word_1_229' title='bbox 2582 1630 2805 1703; x_wconf 86' lang='lat' dir='ltr'><strong>(Coloss.</strong></span> <span class='ocrx_word' id='word_1_230' title='bbox 2838 1647 2875 1697; x_wconf 79' lang='grc' dir='ltr'><strong>ι,</strong></span> <span class='ocrx_word' id='word_1_231' title='bbox 2908 1633 2995 1698; x_wconf 72' lang='grc'><strong>15,</strong></span> <span class='ocrx_word' id='word_1_232' title='bbox 3027 1629 3139 1704; x_wconf 74' lang='grc'><strong>16).</strong></span> <span class='ocrx_word' id='word_1_233' title='bbox 3168 1631 3508 1704; x_wconf 86' lang='lat' dir='ltr'><strong>Quapropter</strong></span> <span class='ocrx_word' id='word_1_234' title='bbox 3545 1633 3791 1705; x_wconf 88' lang='lat' dir='ltr'><strong>philoso-</strong></span> 
     </span>
    </p>
   </div>
   <div class='ocr_carea' id='block_1_32' title="bbox 2191 1720 3788 1794">
    <p class='ocr_par' dir='ltr' id='par_1_32' title="bbox 2191 1720 3788 1794">
     <span class='ocr_line' id='line_1_32' title="bbox 2191 1720 3788 1794; baseline 0.003 -19"><span class='ocrx_word' id='word_1_235' title='bbox 2191 1721 2420 1790; x_wconf 86' lang='lat' dir='ltr'><strong>phorum</strong></span> <span class='ocrx_word' id='word_1_236' title='bbox 2454 1720 2740 1776; x_wconf 90' lang='lat' dir='ltr'><strong>falsissima</strong></span> <span class='ocrx_word' id='word_1_237' title='bbox 2787 1724 3055 1778; x_wconf 85' lang='lat' dir='ltr'><strong>sententia</strong></span> <span class='ocrx_word' id='word_1_238' title='bbox 3089 1723 3460 1793; x_wconf 86' lang='lat' dir='ltr'><strong>conquiescat,</strong></span> <span class='ocrx_word' id='word_1_239' title='bbox 3507 1723 3602 1794; x_wconf 91' lang='lat' dir='ltr'><strong>qui</strong></span> <span class='ocrx_word' id='word_1_240' title='bbox 3629 1741 3788 1781; x_wconf 88' lang='lat' dir='ltr'><strong>mun-</strong></span> 
     </span>
    </p>
   </div>
   <div class='ocr_carea' id='block_1_33' title="bbox 487 1802 3789 1890">
    <p class='ocr_par' dir='ltr' id='par_1_33' title="bbox 487 1802 3789 1890">
     <span class='ocr_line' id='line_1_33' title="bbox 487 1802 3789 1890; baseline 0.005 -16"><span class='ocrx_word' id='word_1_241' title='bbox 487 1831 616 1874; x_wconf 90' lang='lat' dir='ltr'><strong>men</strong></span> <span class='ocrx_word' id='word_1_242' title='bbox 643 1832 870 1885; x_wconf 85' lang='lat' dir='ltr'><strong>corpora</strong></span> <span class='ocrx_word' id='word_1_243' title='bbox 898 1833 1020 1877; x_wconf 87' lang='lat' dir='ltr'><strong>esse</strong></span> <span class='ocrx_word' id='word_1_244' title='bbox 1043 1818 1383 1876; x_wconf 80' lang='lat' dir='ltr'><strong>manifestum</strong></span> <span class='ocrx_word' id='word_1_245' title='bbox 1410 1831 1495 1878; x_wconf 89' lang='lat' dir='ltr'><strong>est</strong></span> <span class='ocrx_word' id='word_1_246' title='bbox 1528 1839 1545 1884; x_wconf 84' lang='lat'><strong>;</strong></span> <span class='ocrx_word' id='word_1_247' title='bbox 1572 1831 1628 1878; x_wconf 90' lang='lat' dir='ltr'><strong>et</strong></span> <span class='ocrx_word' id='word_1_248' title='bbox 1651 1837 1874 1879; x_wconf 88' lang='lat' dir='ltr'><strong>necesse</strong></span> <span class='ocrx_word' id='word_1_249' title='bbox 1897 1832 1983 1882; x_wconf 90' lang='lat' dir='ltr'><strong>est</strong></span> <span class='ocrx_word' id='word_1_250' title='bbox 2026 1830 2084 1878; x_wconf 88' lang='lat' dir='ltr'><strong>ut</strong></span> <span class='ocrx_word' id='word_1_251' title='bbox 2112 1802 2162 1866; x_wconf 77' lang='grc' dir='ltr'><strong>Β</strong></span> <span class='ocrx_word' id='word_1_252' title='bbox 2187 1815 2313 1870; x_wconf 81' lang='lat' dir='ltr'><strong>dum</strong></span> <span class='ocrx_word' id='word_1_253' title='bbox 2349 1824 2536 1886; x_wconf 66' lang='lat' dir='ltr'><strong>putant</strong></span> <span class='ocrx_word' id='word_1_254' title='bbox 2566 1827 2894 1872; x_wconf 65' lang='grc' dir='ltr'><strong>οοωῑθτηυω</strong></span> <span class='ocrx_word' id='word_1_255' title='bbox 2920 1815 3192 1872; x_wconf 64' lang='grc' dir='ltr'><strong>θὶνίηίιεῑῖ</strong></span> <span class='ocrx_word' id='word_1_256' title='bbox 3219 1831 3315 1888; x_wconf 74' lang='grc' dir='ltr'><strong>Ρθι·</strong></span> <span class='ocrx_word' id='word_1_257' title='bbox 3341 1832 3402 1874; x_wconf 75' lang='grc' dir='ltr'>εθ</span> <span class='ocrx_word' id='word_1_258' title='bbox 3431 1819 3668 1874; x_wconf 57' lang='lat' dir='ltr'><strong>“istem</strong></span> <span class='ocrx_word' id='word_1_259' title='bbox 3695 1833 3789 1890; x_wconf 82' lang='grc' dir='ltr'><strong>Ρο-</strong></span> 
     </span>
    </p>
   </div>
   <div class='ocr_carea' id='block_1_34' title="bbox 490 1893 2081 1984">
    <p class='ocr_par' dir='ltr' id='par_1_34' title="bbox 490 1893 2081 1984">
     <span class='ocr_line' id='line_1_34' title="bbox 490 1893 2081 1984; baseline 0.006 -20"><span class='ocrx_word' id='word_1_260' title='bbox 490 1907 598 1966; x_wconf 85' lang='lat' dir='ltr'><strong>illis</strong></span> <span class='ocrx_word' id='word_1_261' title='bbox 623 1909 840 1978; x_wconf 84' lang='lat' dir='ltr'><strong>cedant,</strong></span> <span class='ocrx_word' id='word_1_262' title='bbox 874 1925 996 1982; x_wconf 85' lang='lat' dir='ltr'><strong>quae</strong></span> <span class='ocrx_word' id='word_1_263' title='bbox 1048 1912 1304 1969; x_wconf 86' lang='lat' dir='ltr'><strong>invisibili</strong></span> <span class='ocrx_word' id='word_1_264' title='bbox 1357 1913 1556 1972; x_wconf 88' lang='lat' dir='ltr'><strong>virtute</strong></span> <span class='ocrx_word' id='word_1_265' title='bbox 1591 1893 2081 1984; x_wconf 41' lang='lat' dir='ltr'><strong>subsistunﬁQua-</strong></span> 
     </span>
    </p>
   </div>
   <div class='ocr_carea' id='block_1_35' title="bbox 485 2002 2081 2078">
    <p class='ocr_par' dir='ltr' id='par_1_35' title="bbox 485 2002 2081 2078">
     <span class='ocr_line' id='line_1_35' title="bbox 485 2002 2081 2078; baseline 0.006 -21"><span class='ocrx_word' id='word_1_266' title='bbox 485 2011 710 2072; x_wconf 85' lang='lat' dir='ltr'><strong>propter</strong></span> <span class='ocrx_word' id='word_1_267' title='bbox 747 2002 938 2072; x_wconf 89' lang='lat' dir='ltr'><strong>solem,</strong></span> <span class='ocrx_word' id='word_1_268' title='bbox 986 2005 1168 2061; x_wconf 89' lang='lat' dir='ltr'><strong>lunam</strong></span> <span class='ocrx_word' id='word_1_269' title='bbox 1199 2013 1258 2062; x_wconf 91' lang='lat' dir='ltr'><strong>et</strong></span> <span class='ocrx_word' id='word_1_270' title='bbox 1284 2006 1490 2074; x_wconf 87' lang='lat' dir='ltr'><strong>stellas,</strong></span> <span class='ocrx_word' id='word_1_271' title='bbox 1525 2007 1638 2062; x_wconf 87' lang='lat' dir='ltr'><strong>sive</strong></span> <span class='ocrx_word' id='word_1_272' title='bbox 1684 2023 1780 2076; x_wconf 89' lang='lat' dir='ltr'><strong>per</strong></span> <span class='ocrx_word' id='word_1_273' title='bbox 1809 2009 2081 2078; x_wconf 82' lang='lat' dir='ltr'><strong>propriam</strong></span> 
     </span>
    </p>
   </div>
   <div class='ocr_carea' id='block_1_36' title="bbox 486 2093 2082 2181">
    <p class='ocr_par' dir='ltr' id='par_1_36' title="bbox 486 2093 2082 2181">
     <span class='ocr_line' id='line_1_36' title="bbox 486 2093 2082 2181; baseline 0.006 -34"><span class='ocrx_word' id='word_1_274' title='bbox 486 2093 922 2181; x_wconf 65' lang='lat' dir='ltr'><strong>rationem,_sive</strong></span> <span class='ocrx_word' id='word_1_275' title='bbox 948 2111 1044 2165; x_wconf 89' lang='lat' dir='ltr'><strong>per</strong></span> <span class='ocrx_word' id='word_1_276' title='bbox 1072 2097 1205 2153; x_wconf 86' lang='lat' dir='ltr'><strong>alias</strong></span> <span class='ocrx_word' id='word_1_277' title='bbox 1229 2098 1516 2156; x_wconf 90' lang='lat' dir='ltr'><strong>sensibiles</strong></span> <span class='ocrx_word' id='word_1_278' title='bbox 1535 2108 1590 2155; x_wconf 89' lang='lat' dir='ltr'><strong>et</strong></span> <span class='ocrx_word' id='word_1_279' title='bbox 1616 2099 1933 2156; x_wconf 87' lang='lat' dir='ltr'><strong>indicabiles</strong></span> <span class='ocrx_word' id='word_1_280' title='bbox 1955 2101 2082 2156; x_wconf 90' lang='lat' dir='ltr'><strong>sub-</strong></span> 
     </span>
    </p>
   </div>
   <div class='ocr_carea' id='block_1_37' title="bbox 483 2187 2078 2264">
    <p class='ocr_par' dir='ltr' id='par_1_37' title="bbox 483 2187 2078 2264">
     <span class='ocr_line' id='line_1_37' title="bbox 483 2187 2078 2264; baseline 0.007 -26"><span class='ocrx_word' id='word_1_281' title='bbox 483 2187 712 2243; x_wconf 84' lang='lat' dir='ltr'><strong>stantias</strong></span> <span class='ocrx_word' id='word_1_282' title='bbox 759 2188 1023 2258; x_wconf 85' lang='lat' dir='ltr'><strong>propheta</strong></span> <span class='ocrx_word' id='word_1_283' title='bbox 1070 2189 1290 2247; x_wconf 88' lang='lat' dir='ltr'><strong>laudare</strong></span> <span class='ocrx_word' id='word_1_284' title='bbox 1317 2193 1576 2262; x_wconf 69' lang='lat' dir='ltr'><strong>praecepit</strong></span> <span class='ocrx_word' id='word_1_285' title='bbox 1603 2192 1910 2259; x_wconf 90' lang='lat' dir='ltr'><strong>Dominum,</strong></span> <span class='ocrx_word' id='word_1_286' title='bbox 1954 2194 2078 2264; x_wconf 84' lang='lat' dir='ltr'><strong>quia</strong></span> 
     </span>
    </p>
   </div>
   <div class='ocr_carea' id='block_1_38' title="bbox 483 2270 2080 2341">
    <p class='ocr_par' dir='ltr' id='par_1_38' title="bbox 483 2270 2080 2341">
     <span class='ocr_line' id='line_1_38' title="bbox 483 2270 2080 2341; baseline 0.007 -11"><span class='ocrx_word' id='word_1_287' title='bbox 483 2270 760 2334; x_wconf 81' lang='lat' dir='ltr'><strong>Creatoris</strong></span> <span class='ocrx_word' id='word_1_288' title='bbox 804 2279 1066 2336; x_wconf 78' lang='lat' dir='ltr'><strong>beneficio</strong></span> <span class='ocrx_word' id='word_1_289' title='bbox 1091 2281 1326 2338; x_wconf 81' lang='lat' dir='ltr'><strong>existere</strong></span> <span class='ocrx_word' id='word_1_290' title='bbox 1363 2291 1695 2340; x_wconf 90' lang='lat' dir='ltr'><strong>meruerunt.</strong></span> <span class='ocrx_word' id='word_1_291' title='bbox 1727 2284 2080 2341; x_wconf 88' lang='lat' dir='ltr'><strong>Considerata</strong></span> 
     </span>
    </p>
   </div>
   <div class='ocr_carea' id='block_1_39' title="bbox 482 2367 2080 2448">
    <p class='ocr_par' dir='ltr' id='par_1_39' title="bbox 482 2367 2080 2448">
     <span class='ocr_line' id='line_1_39' title="bbox 482 2367 2080 2448; baseline 0.008 -26"><span class='ocrx_word' id='word_1_292' title='bbox 482 2367 628 2424; x_wconf 90' lang='lat' dir='ltr'><strong>enim</strong></span> <span class='ocrx_word' id='word_1_293' title='bbox 652 2377 730 2426; x_wconf 91' lang='lat' dir='ltr'><strong>tot</strong></span> <span class='ocrx_word' id='word_1_294' title='bbox 747 2371 948 2428; x_wconf 90' lang='lat' dir='ltr'><strong>lumina</strong></span> <span class='ocrx_word' id='word_1_295' title='bbox 975 2372 1222 2444; x_wconf 77' lang='lat' dir='ltr'><strong>ingentes</strong></span> <span class='ocrx_word' id='word_1_296' title='bbox 1249 2374 1634 2432; x_wconf 88' lang='lat' dir='ltr'><strong>admirationes</strong></span> <span class='ocrx_word' id='word_1_297' title='bbox 1660 2385 1914 2448; x_wconf 89' lang='lat' dir='ltr'><strong>poterunt</strong></span> <span class='ocrx_word' id='word_1_298' title='bbox 1937 2393 2080 2434; x_wconf 86' lang='lat' dir='ltr'><strong>com-</strong></span> 
     </span>
    </p>
   </div>
   <div class='ocr_carea' id='block_1_40' title="bbox 480 2463 2080 2538">
    <p class='ocr_par' dir='ltr' id='par_1_40' title="bbox 480 2463 2080 2538">
     <span class='ocr_line' id='line_1_40' title="bbox 480 2463 2080 2538; baseline 0.011 -27"><span class='ocrx_word' id='word_1_299' title='bbox 480 2472 724 2527; x_wconf 88' lang='lat' dir='ltr'><strong>movere,</strong></span> <span class='ocrx_word' id='word_1_300' title='bbox 755 2463 971 2532; x_wconf 86' lang='lat' dir='ltr'><strong>quando</strong></span> <span class='ocrx_word' id='word_1_301' title='bbox 991 2474 1045 2520; x_wconf 92' lang='lat' dir='ltr'><strong>et</strong></span> <span class='ocrx_word' id='word_1_302' title='bbox 1075 2466 1329 2524; x_wconf 79' lang='lat' dir='ltr'><strong>mortales</strong></span> <span class='ocrx_word' id='word_1_303' title='bbox 1350 2468 1534 2523; x_wconf 88' lang='lat' dir='ltr'><strong>oculos</strong></span> <span class='ocrx_word' id='word_1_304' title='bbox 1560 2469 1748 2526; x_wconf 90' lang='lat' dir='ltr'><strong>videre</strong></span> <span class='ocrx_word' id='word_1_305' title='bbox 1776 2470 1998 2538; x_wconf 85' lang='lat' dir='ltr'><strong>faciunt,</strong></span> <span class='ocrx_word' id='word_1_306' title='bbox 2021 2478 2080 2528; x_wconf 90' lang='lat' dir='ltr'><strong>et</strong></span> 
     </span>
    </p>
   </div>
   <div class='ocr_carea' id='block_1_41' title="bbox 479 2546 2075 2624">
    <p class='ocr_par' dir='ltr' id='par_1_41' title="bbox 479 2546 2075 2624">
     <span class='ocr_line' id='line_1_41' title="bbox 479 2546 2075 2624; baseline 0.011 -23"><span class='ocrx_word' id='word_1_307' title='bbox 479 2546 598 2616; x_wconf 88' lang='lat' dir='ltr'><strong>ipsa</strong></span> <span class='ocrx_word' id='word_1_308' title='bbox 626 2549 680 2604; x_wconf 93' lang='lat' dir='ltr'><strong>in</strong></span> <span class='ocrx_word' id='word_1_309' title='bbox 711 2558 818 2607; x_wconf 91' lang='lat' dir='ltr'><strong>tam</strong></span> <span class='ocrx_word' id='word_1_310' title='bbox 851 2554 1136 2624; x_wconf 90' lang='lat' dir='ltr'><strong>splendida</strong></span> <span class='ocrx_word' id='word_1_311' title='bbox 1159 2556 1403 2624; x_wconf 83' lang='lat' dir='ltr'><strong>claritate</strong></span> <span class='ocrx_word' id='word_1_312' title='bbox 1425 2559 1744 2616; x_wconf 90' lang='lat' dir='ltr'><strong>consistunt.</strong></span> <span class='ocrx_word' id='word_1_313' title='bbox 1779 2560 1873 2616; x_wconf 86' lang='lat' dir='ltr'><strong>His</strong></span> <span class='ocrx_word' id='word_1_314' title='bbox 1912 2563 2075 2618; x_wconf 85' lang='lat' dir='ltr'><strong>rebus</strong></span> 
     </span>
    </p>
   </div>
   <div class='ocr_carea' id='block_1_42' title="bbox 481 2637 2071 2717">
    <p class='ocr_par' dir='ltr' id='par_1_42' title="bbox 481 2637 2071 2717">
     <span class='ocr_line' id='line_1_42' title="bbox 481 2637 2071 2717; baseline 0.011 -25"><span class='ocrx_word' id='word_1_315' title='bbox 481 2637 651 2695; x_wconf 85' lang='lat' dir='ltr'><strong>lumen</strong></span> <span class='ocrx_word' id='word_1_316' title='bbox 674 2644 997 2712; x_wconf 77' lang='lat' dir='ltr'><strong>generaliter</strong></span> <span class='ocrx_word' id='word_1_317' title='bbox 1025 2647 1336 2717; x_wconf 86' lang='lat' dir='ltr'><strong>adjunctum</strong></span> <span class='ocrx_word' id='word_1_318' title='bbox 1359 2658 1462 2716; x_wconf 89' lang='lat' dir='ltr'><strong>est,</strong></span> <span class='ocrx_word' id='word_1_319' title='bbox 1488 2661 1546 2706; x_wconf 92' lang='lat' dir='ltr'><strong>ut</strong></span> <span class='ocrx_word' id='word_1_320' title='bbox 1570 2660 1769 2709; x_wconf 74' lang='lat' dir='ltr'><strong>caetera</strong></span> <span class='ocrx_word' id='word_1_321' title='bbox 1799 2655 1851 2708; x_wconf 91' lang='lat' dir='ltr'><strong>in</strong></span> <span class='ocrx_word' id='word_1_322' title='bbox 1883 2668 1944 2712; x_wconf 84' lang='lat' dir='ltr'><strong>se</strong></span> <span class='ocrx_word' id='word_1_323' title='bbox 1987 2655 2071 2710; x_wconf 91' lang='lat' dir='ltr'><strong>lu-</strong></span> 
     </span>
    </p>
   </div>
   <div class='ocr_carea' id='block_1_43' title="bbox 477 2731 2074 2812">
    <p class='ocr_par' dir='ltr' id='par_1_43' title="bbox 477 2731 2074 2812">
     <span class='ocr_line' id='line_1_43' title="bbox 477 2731 2074 2812; baseline 0.012 -28"><span class='ocrx_word' id='word_1_324' title='bbox 477 2743 604 2786; x_wconf 88' lang='lat' dir='ltr'><strong>men</strong></span> <span class='ocrx_word' id='word_1_325' title='bbox 630 2731 904 2803; x_wconf 87' lang='lat' dir='ltr'><strong>habentia,</strong></span> <span class='ocrx_word' id='word_1_326' title='bbox 949 2753 1070 2809; x_wconf 82' lang='lat' dir='ltr'><strong>quae</strong></span> <span class='ocrx_word' id='word_1_327' title='bbox 1097 2738 1433 2796; x_wconf 88' lang='lat' dir='ltr'><strong>dinumerata</strong></span> <span class='ocrx_word' id='word_1_328' title='bbox 1468 2758 1577 2799; x_wconf 91' lang='lat' dir='ltr'><strong>non</strong></span> <span class='ocrx_word' id='word_1_329' title='bbox 1627 2754 1775 2812; x_wconf 90' lang='lat' dir='ltr'><strong>sunt,</strong></span> <span class='ocrx_word' id='word_1_330' title='bbox 1805 2744 1898 2800; x_wconf 91' lang='lat' dir='ltr'><strong>tali</strong></span> <span class='ocrx_word' id='word_1_331' title='bbox 1925 2759 2074 2803; x_wconf 90' lang='lat' dir='ltr'><strong>com-</strong></span> 
     </span>
    </p>
   </div>
   <div class='ocr_carea' id='block_1_44' title="bbox 475 2821 1686 2893">
    <p class='ocr_par' dir='ltr' id='par_1_44' title="bbox 475 2821 1686 2893">
     <span class='ocr_line' id='line_1_44' title="bbox 475 2821 1686 2893; baseline 0.013 -18"><span class='ocrx_word' id='word_1_332' title='bbox 475 2821 736 2890; x_wconf 87' lang='lat' dir='ltr'><strong>plexione</strong></span> <span class='ocrx_word' id='word_1_333' title='bbox 764 2825 831 2881; x_wconf 89' lang='lat' dir='ltr'><strong>ad</strong></span> <span class='ocrx_word' id='word_1_334' title='bbox 863 2826 1051 2886; x_wconf 85' lang='lat' dir='ltr'><strong>laudes</strong></span> <span class='ocrx_word' id='word_1_335' title='bbox 1079 2829 1378 2888; x_wconf 88' lang='lat' dir='ltr'><strong>dominicas</strong></span> <span class='ocrx_word' id='word_1_336' title='bbox 1415 2833 1686 2893; x_wconf 89' lang='lat' dir='ltr'><strong>incitaret.</strong></span> 
     </span>
    </p>
   </div>
   <div class='ocr_carea' id='block_1_45' title="bbox 554 2912 2073 3002">
    <p class='ocr_par' dir='ltr' id='par_1_45' title="bbox 554 2912 2073 3002">
     <span class='ocr_line' id='line_1_45' title="bbox 554 2912 2073 3002; baseline 0.011 -32"><span class='ocrx_word' id='word_1_337' title='bbox 554 2912 707 2972; x_wconf 77' lang='lat' dir='ltr'><strong>Vers.</strong></span> <span class='ocrx_word' id='word_1_338' title='bbox 737 2915 793 2971; x_wconf 75' lang='grc'><strong>4.</strong></span> <span class='ocrx_word' id='word_1_339' title='bbox 824 2915 1056 2976; x_wconf 85' lang='lat' dir='ltr'><strong>Laudate</strong></span> <span class='ocrx_word' id='word_1_340' title='bbox 1083 2938 1217 2990; x_wconf 89' lang='lat' dir='ltr'><strong>eum,</strong></span> <span class='ocrx_word' id='word_1_341' title='bbox 1267 2925 1382 2980; x_wconf 73' lang='lat' dir='ltr'><strong>creti</strong></span> <span class='ocrx_word' id='word_1_342' title='bbox 1431 2925 1674 2982; x_wconf 77' lang='lat' dir='ltr'><strong>caelorum</strong></span> <span class='ocrx_word' id='word_1_343' title='bbox 1711 2937 1761 2986; x_wconf 85' lang='lat' dir='ltr'><strong>et</strong></span> <span class='ocrx_word' id='word_1_344' title='bbox 1787 2945 1936 3000; x_wconf 70' lang='lat' dir='ltr'><strong>aqua:</strong></span> <span class='ocrx_word' id='word_1_345' title='bbox 1957 2946 2073 3002; x_wconf 71' lang='lat' dir='ltr'><strong>qua:</strong></span> 
     </span>
    </p>
   </div>
   <div class='ocr_carea' id='block_1_46' title="bbox 477 3009 2069 3080">
    <p class='ocr_par' dir='ltr' id='par_1_46' title="bbox 477 3009 2069 3080">
     <span class='ocr_line' id='line_1_46' title="bbox 477 3009 2069 3080; baseline 0.013 -21"><span class='ocrx_word' id='word_1_346' title='bbox 477 3019 632 3076; x_wconf 78' lang='lat' dir='ltr'><strong>super</strong></span> <span class='ocrx_word' id='word_1_347' title='bbox 670 3009 821 3064; x_wconf 70' lang='lat' dir='ltr'><strong>catos</strong></span> <span class='ocrx_word' id='word_1_348' title='bbox 849 3021 988 3066; x_wconf 86' lang='lat' dir='ltr'><strong>sunt.</strong></span> <span class='ocrx_word' id='word_1_349' title='bbox 1018 3013 1273 3080; x_wconf 87' lang='lat' dir='ltr'><strong>Quamvis</strong></span> <span class='ocrx_word' id='word_1_350' title='bbox 1318 3016 1376 3073; x_wconf 91' lang='lat' dir='ltr'><strong>in</strong></span> <span class='ocrx_word' id='word_1_351' title='bbox 1415 3018 1612 3077; x_wconf 89' lang='lat' dir='ltr'><strong>Genesi</strong></span> <span class='ocrx_word' id='word_1_352' title='bbox 1655 3037 1821 3078; x_wconf 91' lang='lat' dir='ltr'><strong>unum</strong></span> <span class='ocrx_word' id='word_1_353' title='bbox 1871 3024 2069 3080; x_wconf 66' lang='lat' dir='ltr'><strong>caelum</strong></span> 
     </span>
    </p>
   </div>
   <div class='ocr_carea' id='block_1_47' title="bbox 475 3095 2067 3185">
    <p class='ocr_par' dir='ltr' id='par_1_47' title="bbox 475 3095 2067 3185">
     <span class='ocr_line' id='line_1_47' title="bbox 475 3095 2067 3185; baseline 0.014 -36"><span class='ocrx_word' id='word_1_354' title='bbox 475 3095 794 3155; x_wconf 86' lang='lat' dir='ltr'><strong>fabricatum</strong></span> <span class='ocrx_word' id='word_1_355' title='bbox 845 3117 966 3159; x_wconf 88' lang='lat' dir='ltr'><strong>esse</strong></span> <span class='ocrx_word' id='word_1_356' title='bbox 1021 3105 1336 3176; x_wconf 82' lang='lat' dir='ltr'><strong>legerimus,</strong></span> <span class='ocrx_word' id='word_1_357' title='bbox 1396 3119 1577 3167; x_wconf 89' lang='lat' dir='ltr'><strong>tamen</strong></span> <span class='ocrx_word' id='word_1_358' title='bbox 1604 3127 1698 3170; x_wconf 88' lang='lat' dir='ltr'><strong>eos</strong></span> <span class='ocrx_word' id='word_1_359' title='bbox 1738 3115 1936 3185; x_wconf 87' lang='lat' dir='ltr'><strong>plurali</strong></span> <span class='ocrx_word' id='word_1_360' title='bbox 1965 3132 2067 3172; x_wconf 88' lang='lat' dir='ltr'><strong>nu-</strong></span> 
     </span>
    </p>
   </div>
   <div class='ocr_carea' id='block_1_48' title="bbox 2188 1906 3788 1982">
    <p class='ocr_par' dir='ltr' id='par_1_48' title="bbox 2188 1906 3788 1982">
     <span class='ocr_line' id='line_1_48' title="bbox 2188 1906 3788 1982; baseline 0.003 -20"><span class='ocrx_word' id='word_1_361' title='bbox 2188 1907 2373 1963; x_wconf 91' lang='lat' dir='ltr'><strong>tuisse.</strong></span> <span class='ocrx_word' id='word_1_362' title='bbox 2405 1907 2554 1962; x_wconf 64' lang='lat' dir='ltr'><strong>Dixit</strong></span> <span class='ocrx_word' id='word_1_363' title='bbox 2583 1923 2712 1980; x_wconf 84' lang='lat' dir='ltr'><strong>ergo</strong></span> <span class='ocrx_word' id='word_1_364' title='bbox 2741 1908 2957 1979; x_wconf 89' lang='lat' dir='ltr'><strong>quando</strong></span> <span class='ocrx_word' id='word_1_365' title='bbox 2998 1908 3072 1964; x_wconf 90' lang='lat' dir='ltr'><strong>ait</strong></span> <span class='ocrx_word' id='word_1_366' title='bbox 3101 1926 3116 1964; x_wconf 90' lang='lat'><strong>:</strong></span> <span class='ocrx_word' id='word_1_367' title='bbox 3145 1906 3272 1963; x_wconf 84' lang='lat' dir='ltr'><strong>Fiat</strong></span> <span class='ocrx_word' id='word_1_368' title='bbox 3301 1909 3417 1979; x_wconf 72' lang='lat' dir='ltr'><strong>tus,</strong></span> <span class='ocrx_word' id='word_1_369' title='bbox 3457 1919 3507 1965; x_wconf 88' lang='lat' dir='ltr'><strong>et</strong></span> <span class='ocrx_word' id='word_1_370' title='bbox 3534 1915 3673 1982; x_wconf 78' lang='lat' dir='ltr'><strong>facta</strong></span> <span class='ocrx_word' id='word_1_371' title='bbox 3715 1919 3788 1968; x_wconf 85' lang='lat' dir='ltr'><strong>est</strong></span> 
     </span>
    </p>
   </div>
   <div class='ocr_carea' id='block_1_49' title="bbox 2187 1998 3780 2073">
    <p class='ocr_par' dir='ltr' id='par_1_49' title="bbox 2187 1998 3780 2073">
     <span class='ocr_line' id='line_1_49' title="bbox 2187 1998 3780 2073; baseline 0.002 -18"><span class='ocrx_word' id='word_1_372' title='bbox 2187 1998 2341 2073; x_wconf 83' lang='lat' dir='ltr'><strong>(Gen.</strong></span> <span class='ocrx_word' id='word_1_373' title='bbox 2377 2017 2414 2068; x_wconf 90' lang='grc' dir='ltr'><strong>ι,</strong></span> <span class='ocrx_word' id='word_1_374' title='bbox 2444 2001 2523 2072; x_wconf 76' lang='grc'><strong>5).</strong></span> <span class='ocrx_word' id='word_1_375' title='bbox 2552 2000 2820 2057; x_wconf 80' lang='grc' dir='ltr'><strong>Μαηάαυὶι</strong></span> <span class='ocrx_word' id='word_1_376' title='bbox 2847 2012 3031 2058; x_wconf 88' lang='lat' dir='ltr'><strong>autem</strong></span> <span class='ocrx_word' id='word_1_377' title='bbox 3061 2001 3334 2072; x_wconf 82' lang='lat' dir='ltr'><strong>signiﬁcat</strong></span> <span class='ocrx_word' id='word_1_378' title='bbox 3377 2001 3655 2058; x_wconf 81' lang='lat' dir='ltr'><strong>constituit</strong></span> <span class='ocrx_word' id='word_1_379' title='bbox 3695 2013 3780 2060; x_wconf 83' lang='lat' dir='ltr'><strong>at-</strong></span> 
     </span>
    </p>
   </div>
   <div class='ocr_carea' id='block_1_50' title="bbox 2186 2095 3777 2166">
    <p class='ocr_par' dir='ltr' id='par_1_50' title="bbox 2186 2095 3777 2166">
     <span class='ocr_line' id='line_1_50' title="bbox 2186 2095 3777 2166; baseline 0.003 -18"><span class='ocrx_word' id='word_1_380' title='bbox 2186 2109 2291 2165; x_wconf 91' lang='lat' dir='ltr'><strong>que</strong></span> <span class='ocrx_word' id='word_1_381' title='bbox 2323 2095 2577 2164; x_wconf 86' lang='lat' dir='ltr'><strong>ﬁrmavit,</strong></span> <span class='ocrx_word' id='word_1_382' title='bbox 2610 2096 2751 2153; x_wconf 87' lang='lat' dir='ltr'><strong>sicut</strong></span> <span class='ocrx_word' id='word_1_383' title='bbox 2780 2106 2834 2152; x_wconf 91' lang='lat' dir='ltr'><strong>et</strong></span> <span class='ocrx_word' id='word_1_384' title='bbox 2862 2096 2998 2152; x_wconf 89' lang='lat' dir='ltr'><strong>alius</strong></span> <span class='ocrx_word' id='word_1_385' title='bbox 3023 2095 3226 2152; x_wconf 82' lang='lat' dir='ltr'><strong>indicat</strong></span> <span class='ocrx_word' id='word_1_386' title='bbox 3247 2096 3522 2166; x_wconf 82' lang='lat' dir='ltr'><strong>psalmus:</strong></span> <span class='ocrx_word' id='word_1_387' title='bbox 3553 2095 3777 2152; x_wconf 70' lang='lat' dir='ltr'><strong>Hmida-</strong></span> 
     </span>
    </p>
   </div>
   <div class='ocr_carea' id='block_1_51' title="bbox 2184 2187 3773 2260">
    <p class='ocr_par' dir='ltr' id='par_1_51' title="bbox 2184 2187 3773 2260">
     <span class='ocr_line' id='line_1_51' title="bbox 2184 2187 3773 2260; baseline 0.004 -21"><span class='ocrx_word' id='word_1_388' title='bbox 2184 2188 2253 2240; x_wconf 81' lang='lat' dir='ltr'><strong>vit</strong></span> <span class='ocrx_word' id='word_1_389' title='bbox 2296 2188 2350 2241; x_wconf 91' lang='lat' dir='ltr'><strong>in</strong></span> <span class='ocrx_word' id='word_1_390' title='bbox 2381 2196 2621 2243; x_wconf 82' lang='lat' dir='ltr'><strong>teternum</strong></span> <span class='ocrx_word' id='word_1_391' title='bbox 2652 2197 3009 2245; x_wconf 86' lang='lat' dir='ltr'><strong>testamentum</strong></span> <span class='ocrx_word' id='word_1_392' title='bbox 3053 2205 3204 2244; x_wconf 87' lang='lat' dir='ltr'><strong>suum</strong></span> <span class='ocrx_word' id='word_1_393' title='bbox 3231 2187 3406 2259; x_wconf 88' lang='lat' dir='ltr'><strong>(Psal.</strong></span> <span class='ocrx_word' id='word_1_394' title='bbox 3444 2205 3532 2257; x_wconf 84' lang='lat' dir='ltr'><strong>cx,</strong></span> <span class='ocrx_word' id='word_1_395' title='bbox 3563 2189 3644 2260; x_wconf 84' lang='lat'><strong>9).</strong></span> <span class='ocrx_word' id='word_1_396' title='bbox 3674 2189 3773 2246; x_wconf 80' lang='lat' dir='ltr'><strong>Fa-</strong></span> 
     </span>
    </p>
   </div>
   <div class='ocr_carea' id='block_1_52' title="bbox 2183 2277 3777 2350">
    <p class='ocr_par' dir='ltr' id='par_1_52' title="bbox 2183 2277 3777 2350">
     <span class='ocr_line' id='line_1_52' title="bbox 2183 2277 3777 2350; baseline 0.002 -17"><span class='ocrx_word' id='word_1_397' title='bbox 2183 2288 2267 2333; x_wconf 90' lang='lat' dir='ltr'><strong>cta</strong></span> <span class='ocrx_word' id='word_1_398' title='bbox 2297 2292 2429 2333; x_wconf 85' lang='lat' dir='ltr'><strong>vero</strong></span> <span class='ocrx_word' id='word_1_399' title='bbox 2459 2287 2512 2334; x_wconf 92' lang='lat' dir='ltr'><strong>et</strong></span> <span class='ocrx_word' id='word_1_400' title='bbox 2537 2288 2715 2336; x_wconf 89' lang='lat' dir='ltr'><strong>creata</strong></span> <span class='ocrx_word' id='word_1_401' title='bbox 2749 2279 2950 2336; x_wconf 90' lang='lat' dir='ltr'><strong>habent</strong></span> <span class='ocrx_word' id='word_1_402' title='bbox 2978 2279 3212 2350; x_wconf 87' lang='lat' dir='ltr'><strong>aliquam</strong></span> <span class='ocrx_word' id='word_1_403' title='bbox 3237 2277 3548 2335; x_wconf 89' lang='lat' dir='ltr'><strong>distantiam</strong></span> <span class='ocrx_word' id='word_1_404' title='bbox 3580 2279 3628 2336; x_wconf 91' lang='lat' dir='ltr'><strong>si</strong></span> <span class='ocrx_word' id='word_1_405' title='bbox 3653 2281 3777 2336; x_wconf 85' lang='lat' dir='ltr'><strong>sub-</strong></span> 
     </span>
    </p>
   </div>
   <div class='ocr_carea' id='block_1_53' title="bbox 2185 2359 3772 2440">
    <p class='ocr_par' dir='ltr' id='par_1_53' title="bbox 2185 2359 3772 2440">
     <span class='ocr_line' id='line_1_53' title="bbox 2185 2359 3772 2440; baseline 0.003 -18"><span class='ocrx_word' id='word_1_406' title='bbox 2185 2367 2328 2423; x_wconf 90' lang='lat' dir='ltr'><strong>tilius</strong></span> <span class='ocrx_word' id='word_1_407' title='bbox 2355 2367 2708 2438; x_wconf 88' lang='lat' dir='ltr'><strong>inquiramns.</strong></span> <span class='ocrx_word' id='word_1_408' title='bbox 2743 2359 2946 2426; x_wconf 84' lang='lat' dir='ltr'><strong>Facere</strong></span> <span class='ocrx_word' id='word_1_409' title='bbox 2973 2370 3116 2424; x_wconf 89' lang='lat' dir='ltr'><strong>enim</strong></span> <span class='ocrx_word' id='word_1_410' title='bbox 3149 2383 3436 2440; x_wconf 89' lang='lat' dir='ltr'><strong>possumus</strong></span> <span class='ocrx_word' id='word_1_411' title='bbox 3463 2369 3630 2426; x_wconf 89' lang='lat' dir='ltr'><strong>etiam</strong></span> <span class='ocrx_word' id='word_1_412' title='bbox 3653 2385 3772 2438; x_wconf 88' lang='lat' dir='ltr'><strong>nos,</strong></span> 
     </span>
    </p>
   </div>
   <div class='ocr_carea' id='block_1_54' title="bbox 2181 2460 3775 2534">
    <p class='ocr_par' dir='ltr' id='par_1_54' title="bbox 2181 2460 3775 2534">
     <span class='ocr_line' id='line_1_54' title="bbox 2181 2460 3775 2534; baseline 0.003 -19"><span class='ocrx_word' id='word_1_413' title='bbox 2181 2460 2270 2530; x_wconf 89' lang='lat' dir='ltr'><strong>qui</strong></span> <span class='ocrx_word' id='word_1_414' title='bbox 2295 2474 2481 2516; x_wconf 90' lang='lat' dir='ltr'><strong>creare</strong></span> <span class='ocrx_word' id='word_1_415' title='bbox 2508 2475 2614 2517; x_wconf 90' lang='lat' dir='ltr'><strong>non</strong></span> <span class='ocrx_word' id='word_1_416' title='bbox 2648 2475 2950 2530; x_wconf 91' lang='lat' dir='ltr'><strong>possumus.</strong></span> <span class='ocrx_word' id='word_1_417' title='bbox 2979 2460 3085 2519; x_wconf 91' lang='lat' dir='ltr'><strong>Sed</strong></span> <span class='ocrx_word' id='word_1_418' title='bbox 3102 2461 3352 2532; x_wconf 90' lang='lat' dir='ltr'><strong>quoniam</strong></span> <span class='ocrx_word' id='word_1_419' title='bbox 3368 2461 3585 2518; x_wconf 82' lang='lat' dir='ltr'><strong>dixerat</strong></span> <span class='ocrx_word' id='word_1_420' title='bbox 3608 2478 3775 2534; x_wconf 85' lang='lat' dir='ltr'><strong>gene-</strong></span> 
     </span>
    </p>
   </div>
   <div class='ocr_carea' id='block_1_55' title="bbox 2181 2551 3770 2624">
    <p class='ocr_par' dir='ltr' id='par_1_55' title="bbox 2181 2551 3770 2624">
     <span class='ocr_line' id='line_1_55' title="bbox 2181 2551 3770 2624; baseline 0.003 -19"><span class='ocrx_word' id='word_1_421' title='bbox 2181 2551 2296 2608; x_wconf 89' lang='lat' dir='ltr'><strong>rale</strong></span> <span class='ocrx_word' id='word_1_422' title='bbox 2323 2551 2565 2618; x_wconf 86' lang='lat' dir='ltr'><strong>verbum,</strong></span> <span class='ocrx_word' id='word_1_423' title='bbox 2591 2551 2794 2608; x_wconf 90' lang='lat' dir='ltr'><strong>addidit</strong></span> <span class='ocrx_word' id='word_1_424' title='bbox 2819 2553 2963 2623; x_wconf 90' lang='lat' dir='ltr'><strong>quod</strong></span> <span class='ocrx_word' id='word_1_425' title='bbox 2990 2560 3110 2610; x_wconf 89' lang='lat' dir='ltr'><strong>erat</strong></span> <span class='ocrx_word' id='word_1_426' title='bbox 3135 2553 3441 2609; x_wconf 85' lang='lat' dir='ltr'><strong>Divinitatis</strong></span> <span class='ocrx_word' id='word_1_427' title='bbox 3465 2554 3770 2624; x_wconf 86' lang='lat' dir='ltr'><strong>proprium,</strong></span> 
     </span>
    </p>
   </div>
   <div class='ocr_carea' id='block_1_56' title="bbox 2179 2645 3763 2718">
    <p class='ocr_par' dir='ltr' id='par_1_56' title="bbox 2179 2645 3763 2718">
     <span class='ocr_line' id='line_1_56' title="bbox 2179 2645 3763 2718; baseline 0.001 -18"><span class='ocrx_word' id='word_1_428' title='bbox 2179 2653 2443 2718; x_wconf 87' lang='lat' dir='ltr'><strong>quatenus</strong></span> <span class='ocrx_word' id='word_1_429' title='bbox 2455 2645 2536 2701; x_wconf 89' lang='lat' dir='ltr'><strong>sic</strong></span> <span class='ocrx_word' id='word_1_430' title='bbox 2561 2645 2696 2700; x_wconf 86' lang='lat' dir='ltr'><strong>facta</strong></span> <span class='ocrx_word' id='word_1_431' title='bbox 2725 2646 3076 2716; x_wconf 85' lang='lat' dir='ltr'><strong>intelligeres,</strong></span> <span class='ocrx_word' id='word_1_432' title='bbox 3093 2655 3151 2701; x_wconf 90' lang='lat' dir='ltr'><strong>ut</strong></span> <span class='ocrx_word' id='word_1_433' title='bbox 3173 2655 3351 2702; x_wconf 90' lang='lat' dir='ltr'><strong>creata</strong></span> <span class='ocrx_word' id='word_1_434' title='bbox 3369 2662 3492 2703; x_wconf 88' lang='lat' dir='ltr'><strong>esse</strong></span> <span class='ocrx_word' id='word_1_435' title='bbox 3509 2647 3763 2704; x_wconf 86' lang='lat' dir='ltr'><strong>sentires.</strong></span> 
     </span>
    </p>
   </div>
   <div class='ocr_carea' id='block_1_57' title="bbox 2251 2736 3771 2807">
    <p class='ocr_par' dir='ltr' id='par_1_57' title="bbox 2251 2736 3771 2807">
     <span class='ocr_line' id='line_1_57' title="bbox 2251 2736 3771 2807; baseline 0.004 -15"><span class='ocrx_word' id='word_1_436' title='bbox 2251 2736 2408 2793; x_wconf 84' lang='lat' dir='ltr'><strong>Vers.</strong></span> <span class='ocrx_word' id='word_1_437' title='bbox 2439 2737 2492 2794; x_wconf 88' lang='grc'><strong>6.</strong></span> <span class='ocrx_word' id='word_1_438' title='bbox 2523 2737 2719 2793; x_wconf 87' lang='lat' dir='ltr'><strong>Statuit</strong></span> <span class='ocrx_word' id='word_1_439' title='bbox 2745 2755 2806 2794; x_wconf 87' lang='lat' dir='ltr'><strong>ea</strong></span> <span class='ocrx_word' id='word_1_440' title='bbox 2834 2739 2890 2794; x_wconf 89' lang='lat' dir='ltr'><strong>in</strong></span> <span class='ocrx_word' id='word_1_441' title='bbox 2915 2747 3186 2807; x_wconf 79' lang='lat' dir='ltr'><strong>wternum,</strong></span> <span class='ocrx_word' id='word_1_442' title='bbox 3212 2749 3260 2796; x_wconf 90' lang='lat' dir='ltr'><strong>et</strong></span> <span class='ocrx_word' id='word_1_443' title='bbox 3289 2741 3343 2794; x_wconf 87' lang='lat' dir='ltr'><strong>in</strong></span> <span class='ocrx_word' id='word_1_444' title='bbox 3379 2742 3636 2796; x_wconf 76' lang='lat' dir='ltr'><strong>steculum</strong></span> <span class='ocrx_word' id='word_1_445' title='bbox 3675 2758 3771 2798; x_wconf 75' lang='lat' dir='ltr'><strong>ste-</strong></span> 
     </span>
    </p>
   </div>
   <div class='ocr_carea' id='block_1_58' title="bbox 2179 2823 3779 2907">
    <p class='ocr_par' dir='ltr' id='par_1_58' title="bbox 2179 2823 3779 2907">
     <span class='ocr_line' id='line_1_58' title="bbox 2179 2823 3779 2907; baseline 0.005 -24"><span class='ocrx_word' id='word_1_446' title='bbox 2179 2829 2317 2894; x_wconf 88' lang='lat' dir='ltr'><strong>culi;</strong></span> <span class='ocrx_word' id='word_1_447' title='bbox 2343 2823 2654 2902; x_wconf 67' lang='lat' dir='ltr'><strong>praeceptum</strong></span> <span class='ocrx_word' id='word_1_448' title='bbox 2682 2833 2876 2902; x_wconf 81' lang='lat' dir='ltr'><strong>posuit,</strong></span> <span class='ocrx_word' id='word_1_449' title='bbox 2901 2841 2949 2888; x_wconf 89' lang='lat' dir='ltr'><strong>et</strong></span> <span class='ocrx_word' id='word_1_450' title='bbox 2975 2849 3077 2888; x_wconf 88' lang='lat' dir='ltr'><strong>non</strong></span> <span class='ocrx_word' id='word_1_451' title='bbox 3101 2825 3403 2904; x_wconf 71' lang='lat' dir='ltr'><strong>prwteribit.</strong></span> <span class='ocrx_word' id='word_1_452' title='bbox 3437 2833 3539 2890; x_wconf 78' lang='lat' dir='ltr'><strong>Hic</strong></span> <span class='ocrx_word' id='word_1_453' title='bbox 3563 2849 3779 2907; x_wconf 85' lang='lat' dir='ltr'><strong>quoque</strong></span> 
     </span>
    </p>
   </div>
   <div class='ocr_carea' id='block_1_59' title="bbox 2177 2917 3778 2994">
    <p class='ocr_par' dir='ltr' id='par_1_59' title="bbox 2177 2917 3778 2994">
     <span class='ocr_line' id='line_1_59' title="bbox 2177 2917 3778 2994; baseline 0.004 -21"><span class='ocrx_word' id='word_1_454' title='bbox 2177 2917 2330 2976; x_wconf 89' lang='lat' dir='ltr'><strong>locus</strong></span> <span class='ocrx_word' id='word_1_455' title='bbox 2371 2920 2667 2991; x_wconf 88' lang='lat' dir='ltr'><strong>potentiam</strong></span> <span class='ocrx_word' id='word_1_456' title='bbox 2712 2921 2923 2978; x_wconf 90' lang='lat' dir='ltr'><strong>Domini</strong></span> <span class='ocrx_word' id='word_1_457' title='bbox 2966 2921 3333 2994; x_wconf 88' lang='lat' dir='ltr'><strong>virtutemque</strong></span> <span class='ocrx_word' id='word_1_458' title='bbox 3381 2924 3650 2990; x_wconf 87' lang='lat' dir='ltr'><strong>declarat,</strong></span> <span class='ocrx_word' id='word_1_459' title='bbox 3701 2926 3778 2980; x_wconf 82' lang='lat' dir='ltr'><strong>di-</strong></span> 
     </span>
    </p>
   </div>
   <div class='ocr_carea' id='block_1_60' title="bbox 2177 3011 3776 3086">
    <p class='ocr_par' dir='ltr' id='par_1_60' title="bbox 2177 3011 3776 3086">
     <span class='ocr_line' id='line_1_60' title="bbox 2177 3011 3776 3086; baseline 0 -17"><span class='ocrx_word' id='word_1_460' title='bbox 2177 3026 2308 3069; x_wconf 89' lang='lat' dir='ltr'><strong>cens</strong></span> <span class='ocrx_word' id='word_1_461' title='bbox 2339 3031 2354 3066; x_wconf 88' lang='lat'><strong>:</strong></span> <span class='ocrx_word' id='word_1_462' title='bbox 2389 3011 2587 3069; x_wconf 87' lang='lat' dir='ltr'><strong>Statuit</strong></span> <span class='ocrx_word' id='word_1_463' title='bbox 2624 3031 2689 3070; x_wconf 91' lang='lat' dir='ltr'><strong>ea</strong></span> <span class='ocrx_word' id='word_1_464' title='bbox 2715 3015 2770 3069; x_wconf 88' lang='lat' dir='ltr'><strong>in</strong></span> <span class='ocrx_word' id='word_1_465' title='bbox 2815 3024 3086 3086; x_wconf 77' lang='lat' dir='ltr'><strong>wternum,</strong></span> <span class='ocrx_word' id='word_1_466' title='bbox 3129 3025 3177 3070; x_wconf 88' lang='lat' dir='ltr'><strong>et</strong></span> <span class='ocrx_word' id='word_1_467' title='bbox 3205 3015 3258 3068; x_wconf 92' lang='lat' dir='ltr'><strong>in</strong></span> <span class='ocrx_word' id='word_1_468' title='bbox 3287 3014 3539 3070; x_wconf 64' lang='lat' dir='ltr'><strong>saeculum</strong></span> <span class='ocrx_word' id='word_1_469' title='bbox 3568 3016 3776 3082; x_wconf 70' lang='lat' dir='ltr'><strong>seaculi;</strong></span> 
     </span>
    </p>
   </div>
   <div class='ocr_carea' id='block_1_61' title="bbox 2178 3107 3775 3180">
    <p class='ocr_par' dir='ltr' id='par_1_61' title="bbox 2178 3107 3775 3180">
     <span class='ocr_line' id='line_1_61' title="bbox 2178 3107 3775 3180; baseline 0.004 -22"><span class='ocrx_word' id='word_1_470' title='bbox 2178 3117 2489 3177; x_wconf 69' lang='lat' dir='ltr'><strong>prwcepzum</strong></span> <span class='ocrx_word' id='word_1_471' title='bbox 2526 3107 2718 3179; x_wconf 80' lang='lat' dir='ltr'><strong>posuit,</strong></span> <span class='ocrx_word' id='word_1_472' title='bbox 2749 3114 2798 3162; x_wconf 91' lang='lat' dir='ltr'><strong>et</strong></span> <span class='ocrx_word' id='word_1_473' title='bbox 2829 3124 2932 3162; x_wconf 89' lang='lat' dir='ltr'><strong>non</strong></span> <span class='ocrx_word' id='word_1_474' title='bbox 2977 3109 3294 3180; x_wconf 68' lang='lat' dir='ltr'><strong>praeteribit;</strong></span> <span class='ocrx_word' id='word_1_475' title='bbox 3327 3117 3388 3164; x_wconf 90' lang='lat' dir='ltr'><strong>ut</strong></span> <span class='ocrx_word' id='word_1_476' title='bbox 3414 3108 3644 3165; x_wconf 85' lang='lat' dir='ltr'><strong>dubium</strong></span> <span class='ocrx_word' id='word_1_477' title='bbox 3675 3125 3775 3165; x_wconf 90' lang='lat' dir='ltr'><strong>non</strong></span> 
     </span>
    </p>
   </div>
   <div class='ocr_carea' id='block_1_62' title="bbox 477 3188 2069 3279">
    <p class='ocr_par' dir='ltr' id='par_1_62' title="bbox 477 3191 2069 3279">
     <span class='ocr_line' id='line_1_62' title="bbox 477 3191 2069 3279; baseline 0.012 -34"><span class='ocrx_word' id='word_1_478' title='bbox 477 3201 632 3279; x_wconf 79' lang='lat' dir='ltr'><strong>mero</strong></span> <span class='ocrx_word' id='word_1_479' title='bbox 659 3202 713 3248; x_wconf 88' lang='lat' dir='ltr'><strong>et</strong></span> <span class='ocrx_word' id='word_1_480' title='bbox 740 3191 936 3252; x_wconf 85' lang='lat' dir='ltr'><strong>Paulus</strong></span> <span class='ocrx_word' id='word_1_481' title='bbox 981 3200 1258 3267; x_wconf 86' lang='lat' dir='ltr'><strong>apostolus</strong></span> <span class='ocrx_word' id='word_1_482' title='bbox 1297 3202 1606 3275; x_wconf 87' lang='lat' dir='ltr'><strong>appellavit,</strong></span> <span class='ocrx_word' id='word_1_483' title='bbox 1635 3206 1725 3276; x_wconf 93' lang='lat' dir='ltr'><strong>qui</strong></span> <span class='ocrx_word' id='word_1_484' title='bbox 1773 3206 1939 3264; x_wconf 80' lang='lat' dir='ltr'><strong>refert</strong></span> <span class='ocrx_word' id='word_1_485' title='bbox 1977 3207 2069 3279; x_wconf 88' lang='grc'><strong>(11</strong></span> 
     </span>
    </p>
   </div>
   <div class='ocr_carea' id='block_1_63' title="bbox 2176 3188 3775 3279">
    <p class='ocr_par' dir='ltr' id='par_1_63' title="bbox 2176 3196 3775 3273">
     <span class='ocr_line' id='line_1_63' title="bbox 2176 3196 3775 3273; baseline 0.004 -21"><span class='ocrx_word' id='word_1_486' title='bbox 2176 3196 2247 3252; x_wconf 88' lang='lat' dir='ltr'><strong>sit</strong></span> <span class='ocrx_word' id='word_1_487' title='bbox 2284 3200 2708 3270; x_wconf 89' lang='lat' dir='ltr'><strong>omnipotentem</strong></span> <span class='ocrx_word' id='word_1_488' title='bbox 2755 3213 2875 3255; x_wconf 89' lang='lat' dir='ltr'><strong>esse</strong></span> <span class='ocrx_word' id='word_1_489' title='bbox 2907 3199 3215 3268; x_wconf 91' lang='lat' dir='ltr'><strong>Dominum,</strong></span> <span class='ocrx_word' id='word_1_490' title='bbox 3268 3200 3494 3270; x_wconf 89' lang='lat' dir='ltr'><strong>quando</strong></span> <span class='ocrx_word' id='word_1_491' title='bbox 3525 3215 3649 3273; x_wconf 66' lang='lat' dir='ltr'><strong>qua:</strong></span> <span class='ocrx_word' id='word_1_492' title='bbox 3688 3201 3775 3258; x_wconf 88' lang='lat' dir='ltr'><strong>ille</strong></span> 
     </span>
    </p>
   </div>
   <div class='ocr_carea' id='block_1_64' title="bbox 475 3277 2068 3372">
    <p class='ocr_par' dir='ltr' id='par_1_64' title="bbox 475 3277 2068 3372">
     <span class='ocr_line' id='line_1_64' title="bbox 475 3277 2068 3372; baseline 0.016 -39"><span class='ocrx_word' id='word_1_493' title='bbox 475 3277 596 3336; x_wconf 86' lang='lat' dir='ltr'><strong>Cor.</strong></span> <span class='ocrx_word' id='word_1_494' title='bbox 630 3298 724 3349; x_wconf 80' lang='lat' dir='ltr'><strong>xu,</strong></span> <span class='ocrx_word' id='word_1_495' title='bbox 753 3285 811 3355; x_wconf 68' lang='grc' dir='ltr'><strong>Ξ)</strong></span> <span class='ocrx_word' id='word_1_496' title='bbox 834 3288 886 3344; x_wconf 92' lang='lat' dir='ltr'><strong>in</strong></span> <span class='ocrx_word' id='word_1_497' title='bbox 910 3289 1130 3346; x_wconf 90' lang='lat' dir='ltr'><strong>tertium</strong></span> <span class='ocrx_word' id='word_1_498' title='bbox 1155 3307 1216 3349; x_wconf 89' lang='lat' dir='ltr'><strong>se</strong></span> <span class='ocrx_word' id='word_1_499' title='bbox 1237 3295 1438 3352; x_wconf 67' lang='lat' dir='ltr'><strong>celum</strong></span> <span class='ocrx_word' id='word_1_500' title='bbox 1461 3306 1695 3369; x_wconf 88' lang='lat' dir='ltr'><strong>raptum,</strong></span> <span class='ocrx_word' id='word_1_501' title='bbox 1733 3299 1912 3372; x_wconf 91' lang='lat' dir='ltr'><strong>ibique</strong></span> <span class='ocrx_word' id='word_1_502' title='bbox 1944 3277 2068 3360; x_wconf 83' lang='lat' dir='ltr'><strong>talia</strong></span> 
     </span>
    </p>
   </div>
   <div class='ocr_carea' id='block_1_65' title="bbox 474 3376 2071 3460">
    <p class='ocr_par' dir='ltr' id='par_1_65' title="bbox 474 3376 2071 3460">
     <span class='ocr_line' id='line_1_65' title="bbox 474 3376 2071 3460; baseline 0.016 -34"><span class='ocrx_word' id='word_1_503' title='bbox 474 3376 791 3440; x_wconf 78' lang='lat' dir='ltr'><strong>cognovisse</strong></span> <span class='ocrx_word' id='word_1_504' title='bbox 838 3393 960 3447; x_wconf 64' lang='lat' dir='ltr'><strong>quae</strong></span> <span class='ocrx_word' id='word_1_505' title='bbox 1007 3380 1210 3439; x_wconf 88' lang='lat' dir='ltr'><strong>homini</strong></span> <span class='ocrx_word' id='word_1_506' title='bbox 1262 3401 1369 3442; x_wconf 89' lang='lat' dir='ltr'><strong>non</strong></span> <span class='ocrx_word' id='word_1_507' title='bbox 1419 3387 1617 3445; x_wconf 89' lang='lat' dir='ltr'><strong>licebat</strong></span> <span class='ocrx_word' id='word_1_508' title='bbox 1650 3389 1834 3460; x_wconf 78' lang='lat' dir='ltr'><strong>eﬂ&#39;ari;</strong></span> <span class='ocrx_word' id='word_1_509' title='bbox 1879 3400 1935 3449; x_wconf 89' lang='lat' dir='ltr'><strong>et</strong></span> <span class='ocrx_word' id='word_1_510' title='bbox 1979 3393 2071 3452; x_wconf 88' lang='lat' dir='ltr'><strong>hic</strong></span> 
     </span>
    </p>
   </div>
   <div class='ocr_carea' id='block_1_66' title="bbox 474 3466 2069 3550">
    <p class='ocr_par' dir='ltr' id='par_1_66' title="bbox 474 3466 2069 3550">
     <span class='ocr_line' id='line_1_66' title="bbox 474 3466 2069 3550; baseline 0.015 -31"><span class='ocrx_word' id='word_1_511' title='bbox 474 3466 672 3535; x_wconf 89' lang='lat' dir='ltr'><strong>plurali</strong></span> <span class='ocrx_word' id='word_1_512' title='bbox 710 3484 936 3526; x_wconf 88' lang='lat' dir='ltr'><strong>numero</strong></span> <span class='ocrx_word' id='word_1_513' title='bbox 965 3486 1364 3546; x_wconf 88' lang='lat' dir='ltr'><strong>nuncupantur,</strong></span> <span class='ocrx_word' id='word_1_514' title='bbox 1395 3481 1538 3550; x_wconf 89' lang='lat' dir='ltr'><strong>quod</strong></span> <span class='ocrx_word' id='word_1_515' title='bbox 1585 3482 1676 3538; x_wconf 88' lang='lat' dir='ltr'><strong>tali</strong></span> <span class='ocrx_word' id='word_1_516' title='bbox 1725 3483 1949 3542; x_wconf 79' lang='lat' dir='ltr'><strong>forsitan</strong></span> <span class='ocrx_word' id='word_1_517' title='bbox 1979 3502 2069 3544; x_wconf 87' lang='lat' dir='ltr'><strong>ra-</strong></span> 
     </span>
    </p>
   </div>
   <div class='ocr_carea' id='block_1_67' title="bbox 476 3557 2066 3650">
    <p class='ocr_par' dir='ltr' id='par_1_67' title="bbox 476 3557 2066 3650">
     <span class='ocr_line' id='line_1_67' title="bbox 476 3557 2066 3650; baseline 0.016 -39"><span class='ocrx_word' id='word_1_518' title='bbox 476 3557 627 3650; x_wconf 85' lang='lat' dir='ltr'><strong>tione</strong></span> <span class='ocrx_word' id='word_1_519' title='bbox 655 3562 966 3622; x_wconf 88' lang='lat' dir='ltr'><strong>concordat.</strong></span> <span class='ocrx_word' id='word_1_520' title='bbox 996 3564 1233 3624; x_wconf 86' lang='lat' dir='ltr'><strong>Dicimus</strong></span> <span class='ocrx_word' id='word_1_521' title='bbox 1259 3585 1430 3627; x_wconf 89' lang='lat' dir='ltr'><strong>unum</strong></span> <span class='ocrx_word' id='word_1_522' title='bbox 1457 3586 1578 3630; x_wconf 86' lang='lat' dir='ltr'><strong>esse</strong></span> <span class='ocrx_word' id='word_1_523' title='bbox 1605 3575 1889 3646; x_wconf 87' lang='lat' dir='ltr'><strong>palatium,</strong></span> <span class='ocrx_word' id='word_1_524' title='bbox 1922 3579 2066 3650; x_wconf 91' lang='lat' dir='ltr'><strong>quod</strong></span> 
     </span>
    </p>
   </div>
   <div class='ocr_carea' id='block_1_68' title="bbox 473 3648 2069 3731">
    <p class='ocr_par' dir='ltr' id='par_1_68' title="bbox 473 3648 2069 3731">
     <span class='ocr_line' id='line_1_68' title="bbox 473 3648 2069 3731; baseline 0.017 -30"><span class='ocrx_word' id='word_1_525' title='bbox 473 3648 658 3705; x_wconf 87' lang='lat' dir='ltr'><strong>multis</strong></span> <span class='ocrx_word' id='word_1_526' title='bbox 701 3653 982 3724; x_wconf 88' lang='lat' dir='ltr'><strong>membris,</strong></span> <span class='ocrx_word' id='word_1_527' title='bbox 1015 3658 1198 3715; x_wconf 91' lang='lat' dir='ltr'><strong>multis</strong></span> <span class='ocrx_word' id='word_1_528' title='bbox 1245 3663 1440 3731; x_wconf 83' lang='lat' dir='ltr'><strong>spatiis</strong></span> <span class='ocrx_word' id='word_1_529' title='bbox 1469 3665 1774 3724; x_wconf 85' lang='lat' dir='ltr'><strong>ambiatur:</strong></span> <span class='ocrx_word' id='word_1_530' title='bbox 1805 3669 1880 3725; x_wconf 90' lang='lat' dir='ltr'><strong>ita</strong></span> <span class='ocrx_word' id='word_1_531' title='bbox 1909 3648 2069 3728; x_wconf 82' lang='lat' dir='ltr'><strong>forsi-</strong></span> 
     </span>
    </p>
   </div>
   <div class='ocr_carea' id='block_1_69' title="bbox 478 3744 2068 3832">
    <p class='ocr_par' dir='ltr' id='par_1_69' title="bbox 478 3744 2068 3832">
     <span class='ocr_line' id='line_1_69' title="bbox 478 3744 2068 3832; baseline 0.017 -39"><span class='ocrx_word' id='word_1_532' title='bbox 478 3744 568 3794; x_wconf 88' lang='lat' dir='ltr'><strong>tan</strong></span> <span class='ocrx_word' id='word_1_533' title='bbox 614 3749 669 3797; x_wconf 89' lang='lat' dir='ltr'><strong>et</strong></span> <span class='ocrx_word' id='word_1_534' title='bbox 715 3744 839 3801; x_wconf 79' lang='lat' dir='ltr'><strong>cceli</strong></span> <span class='ocrx_word' id='word_1_535' title='bbox 866 3756 1050 3818; x_wconf 88' lang='lat' dir='ltr'><strong>partes</strong></span> <span class='ocrx_word' id='word_1_536' title='bbox 1098 3750 1334 3810; x_wconf 85' lang='lat' dir='ltr'><strong>dicimus</strong></span> <span class='ocrx_word' id='word_1_537' title='bbox 1357 3755 1548 3826; x_wconf 80' lang='lat' dir='ltr'><strong>ctelos,</strong></span> <span class='ocrx_word' id='word_1_538' title='bbox 1597 3759 1726 3816; x_wconf 89' lang='lat' dir='ltr'><strong>dum</strong></span> <span class='ocrx_word' id='word_1_539' title='bbox 1765 3763 2068 3832; x_wconf 82' lang='lat' dir='ltr'><strong>complexio</strong></span> 
     </span>
    </p>
   </div>
   <div class='ocr_carea' id='block_1_70' title="bbox 473 3835 2066 3924">
    <p class='ocr_par' dir='ltr' id='par_1_70' title="bbox 473 3835 2066 3924">
     <span class='ocr_line' id='line_1_70' title="bbox 473 3835 2066 3924; baseline 0.016 -36"><span class='ocrx_word' id='word_1_540' title='bbox 473 3841 636 3905; x_wconf 84' lang='lat' dir='ltr'><strong>atque</strong></span> <span class='ocrx_word' id='word_1_541' title='bbox 661 3835 815 3894; x_wconf 88' lang='lat' dir='ltr'><strong>sinus</strong></span> <span class='ocrx_word' id='word_1_542' title='bbox 844 3840 961 3910; x_wconf 87' lang='lat' dir='ltr'><strong>ejus</strong></span> <span class='ocrx_word' id='word_1_543' title='bbox 990 3857 1132 3899; x_wconf 90' lang='lat' dir='ltr'><strong>unus</strong></span> <span class='ocrx_word' id='word_1_544' title='bbox 1177 3859 1300 3903; x_wconf 87' lang='lat' dir='ltr'><strong>esse</strong></span> <span class='ocrx_word' id='word_1_545' title='bbox 1350 3857 1700 3906; x_wconf 89' lang='lat' dir='ltr'><strong>monstretur.</strong></span> <span class='ocrx_word' id='word_1_546' title='bbox 1734 3855 1916 3924; x_wconf 82' lang='lat' dir='ltr'><strong>Aquas</strong></span> <span class='ocrx_word' id='word_1_547' title='bbox 1939 3869 2066 3913; x_wconf 88' lang='lat' dir='ltr'><strong>vero</strong></span> 
     </span>
    </p>
   </div>
   <div class='ocr_carea' id='block_1_71' title="bbox 473 3923 2068 4017">
    <p class='ocr_par' dir='ltr' id='par_1_71' title="bbox 473 3923 2068 4017">
     <span class='ocr_line' id='line_1_71' title="bbox 473 3923 2068 4017; baseline 0.014 -37"><span class='ocrx_word' id='word_1_548' title='bbox 473 3939 639 3996; x_wconf 87' lang='lat' dir='ltr'><strong>super</strong></span> <span class='ocrx_word' id='word_1_549' title='bbox 657 3929 825 3988; x_wconf 77' lang='lat' dir='ltr'><strong>ctelos</strong></span> <span class='ocrx_word' id='word_1_550' title='bbox 849 3947 970 3990; x_wconf 88' lang='lat' dir='ltr'><strong>esse</strong></span> <span class='ocrx_word' id='word_1_551' title='bbox 991 3923 1218 3994; x_wconf 80' lang='lat' dir='ltr'><strong>Genesis</strong></span> <span class='ocrx_word' id='word_1_552' title='bbox 1240 3938 1440 4009; x_wconf 82' lang='lat' dir='ltr'><strong>refert;</strong></span> <span class='ocrx_word' id='word_1_553' title='bbox 1465 3942 1542 3998; x_wconf 85' lang='lat' dir='ltr'><strong>ait</strong></span> <span class='ocrx_word' id='word_1_554' title='bbox 1565 3944 1708 4000; x_wconf 91' lang='lat' dir='ltr'><strong>enim</strong></span> <span class='ocrx_word' id='word_1_555' title='bbox 1737 3962 1749 3999; x_wconf 94' lang='lat'><strong>:</strong></span> <span class='ocrx_word' id='word_1_556' title='bbox 1780 3923 2068 4017; x_wconf 79' lang='lat' dir='ltr'><strong>Divisitque</strong></span> 
     </span>
    </p>
   </div>
   <div class='ocr_carea' id='block_1_72' title="bbox 471 4030 2066 4110">
    <p class='ocr_par' dir='ltr' id='par_1_72' title="bbox 471 4030 2066 4110">
     <span class='ocr_line' id='line_1_72' title="bbox 471 4030 2066 4110; baseline 0.012 -33"><span class='ocrx_word' id='word_1_557' title='bbox 471 4037 636 4094; x_wconf 80' lang='lat' dir='ltr'><strong>aquas</strong></span> <span class='ocrx_word' id='word_1_558' title='bbox 660 4041 774 4096; x_wconf 70' lang='lat' dir='ltr'><strong>quae</strong></span> <span class='ocrx_word' id='word_1_559' title='bbox 807 4038 954 4084; x_wconf 84' lang='lat' dir='ltr'><strong>erant</strong></span> <span class='ocrx_word' id='word_1_560' title='bbox 981 4030 1075 4084; x_wconf 83' lang='lat' dir='ltr'><strong>sub</strong></span> <span class='ocrx_word' id='word_1_561' title='bbox 1101 4032 1442 4102; x_wconf 76' lang='lat' dir='ltr'><strong>ﬁrmamento,</strong></span> <span class='ocrx_word' id='word_1_562' title='bbox 1473 4036 1537 4091; x_wconf 84' lang='lat' dir='ltr'><strong>ab</strong></span> <span class='ocrx_word' id='word_1_563' title='bbox 1563 4037 1644 4092; x_wconf 85' lang='lat' dir='ltr'><strong>his</strong></span> <span class='ocrx_word' id='word_1_564' title='bbox 1672 4055 1788 4110; x_wconf 60' lang='lat' dir='ltr'><strong>quas</strong></span> <span class='ocrx_word' id='word_1_565' title='bbox 1812 4049 1961 4094; x_wconf 84' lang='lat' dir='ltr'><strong>erant</strong></span> <span class='ocrx_word' id='word_1_566' title='bbox 1976 4056 2066 4096; x_wconf 82' lang='lat' dir='ltr'><strong>stt-</strong></span> 
     </span>
    </p>
   </div>
   <div class='ocr_carea' id='block_1_73' title="bbox 470 4115 2064 4200">
    <p class='ocr_par' dir='ltr' id='par_1_73' title="bbox 470 4115 2064 4200">
     <span class='ocr_line' id='line_1_73' title="bbox 470 4115 2064 4200; baseline 0.013 -33"><span class='ocrx_word' id='word_1_567' title='bbox 470 4129 566 4187; x_wconf 72' lang='lat' dir='ltr'><strong>per</strong></span> <span class='ocrx_word' id='word_1_568' title='bbox 591 4115 970 4184; x_wconf 78' lang='lat' dir='ltr'><strong>ﬁrmamentum</strong></span> <span class='ocrx_word' id='word_1_569' title='bbox 1010 4119 1162 4188; x_wconf 84' lang='lat' dir='ltr'><strong>(Gen.</strong></span> <span class='ocrx_word' id='word_1_570' title='bbox 1196 4139 1238 4193; x_wconf 76' lang='grc' dir='ltr'><strong>ι,</strong></span> <span class='ocrx_word' id='word_1_571' title='bbox 1265 4122 1344 4196; x_wconf 86' lang='lat'><strong>7).</strong></span> <span class='ocrx_word' id='word_1_572' title='bbox 1376 4125 1530 4194; x_wconf 91' lang='lat' dir='ltr'><strong>Quod</strong></span> <span class='ocrx_word' id='word_1_573' title='bbox 1560 4137 1846 4200; x_wconf 86' lang='lat' dir='ltr'><strong>utrumque</strong></span> <span class='ocrx_word' id='word_1_574' title='bbox 1881 4131 2064 4189; x_wconf 72' lang='lat' dir='ltr'><strong>nimia</strong></span> 
     </span>
    </p>
   </div>
   <div class='ocr_carea' id='block_1_74' title="bbox 470 4203 2062 4282">
    <p class='ocr_par' dir='ltr' id='par_1_74' title="bbox 470 4203 2062 4282">
     <span class='ocr_line' id='line_1_74' title="bbox 470 4203 2062 4282; baseline 0.011 -22"><span class='ocrx_word' id='word_1_575' title='bbox 470 4203 650 4262; x_wconf 79' lang='lat' dir='ltr'><strong>laudis</strong></span> <span class='ocrx_word' id='word_1_576' title='bbox 697 4207 944 4280; x_wconf 87' lang='lat' dir='ltr'><strong>designat</strong></span> <span class='ocrx_word' id='word_1_577' title='bbox 990 4228 1278 4282; x_wconf 87' lang='lat' dir='ltr'><strong>arcanum,</strong></span> <span class='ocrx_word' id='word_1_578' title='bbox 1330 4225 1390 4271; x_wconf 92' lang='lat' dir='ltr'><strong>ut</strong></span> <span class='ocrx_word' id='word_1_579' title='bbox 1438 4225 1494 4273; x_wconf 90' lang='lat' dir='ltr'><strong>et</strong></span> <span class='ocrx_word' id='word_1_580' title='bbox 1535 4219 1799 4275; x_wconf 75' lang='lat' dir='ltr'><strong>cmlorum</strong></span> <span class='ocrx_word' id='word_1_581' title='bbox 1830 4221 2062 4278; x_wconf 87' lang='lat' dir='ltr'><strong>tenuitas</strong></span> 
     </span>
    </p>
   </div>
   <div class='ocr_carea' id='block_1_75' title="bbox 468 4293 2060 4382">
    <p class='ocr_par' dir='ltr' id='par_1_75' title="bbox 468 4293 2060 4382">
     <span class='ocr_line' id='line_1_75' title="bbox 468 4293 2060 4382; baseline 0.012 -30"><span class='ocrx_word' id='word_1_582' title='bbox 468 4293 631 4353; x_wconf 69' lang='lat' dir='ltr'><strong>ﬁrma</strong></span> <span class='ocrx_word' id='word_1_583' title='bbox 675 4301 956 4370; x_wconf 88' lang='lat' dir='ltr'><strong>consistat,</strong></span> <span class='ocrx_word' id='word_1_584' title='bbox 1012 4314 1066 4360; x_wconf 90' lang='lat' dir='ltr'><strong>et</strong></span> <span class='ocrx_word' id='word_1_585' title='bbox 1095 4319 1248 4375; x_wconf 75' lang='lat' dir='ltr'><strong>aqua:</strong></span> <span class='ocrx_word' id='word_1_586' title='bbox 1275 4321 1437 4378; x_wconf 87' lang='lat' dir='ltr'><strong>supra</strong></span> <span class='ocrx_word' id='word_1_587' title='bbox 1485 4309 1661 4380; x_wconf 89' lang='lat' dir='ltr'><strong>ipsum</strong></span> <span class='ocrx_word' id='word_1_588' title='bbox 1693 4312 1902 4382; x_wconf 86' lang='lat' dir='ltr'><strong>positae,</strong></span> <span class='ocrx_word' id='word_1_589' title='bbox 1936 4327 2060 4371; x_wconf 91' lang='lat' dir='ltr'><strong>cum</strong></span> 
     </span>
    </p>
   </div>
   <div class='ocr_carea' id='block_1_76' title="bbox 469 4389 2060 4476">
    <p class='ocr_par' dir='ltr' id='par_1_76' title="bbox 469 4389 2060 4476">
     <span class='ocr_line' id='line_1_76' title="bbox 469 4389 2060 4476; baseline 0.011 -28"><span class='ocrx_word' id='word_1_590' title='bbox 469 4389 580 4448; x_wconf 85' lang='lat' dir='ltr'><strong>sint</strong></span> <span class='ocrx_word' id='word_1_591' title='bbox 610 4393 907 4464; x_wconf 83' lang='lat' dir='ltr'><strong>graviores,</strong></span> <span class='ocrx_word' id='word_1_592' title='bbox 955 4396 1060 4452; x_wconf 87' lang='lat' dir='ltr'><strong>nisi</strong></span> <span class='ocrx_word' id='word_1_593' title='bbox 1111 4401 1326 4469; x_wconf 89' lang='lat' dir='ltr'><strong>quando</strong></span> <span class='ocrx_word' id='word_1_594' title='bbox 1355 4403 1556 4458; x_wconf 78' lang='lat' dir='ltr'><strong>fuerint</strong></span> <span class='ocrx_word' id='word_1_595' title='bbox 1579 4404 1768 4476; x_wconf 69' lang='lat' dir='ltr'><strong>iussae,</strong></span> <span class='ocrx_word' id='word_1_596' title='bbox 1797 4399 1934 4464; x_wconf 77' lang='lat' dir='ltr'><strong>non</strong></span> <span class='ocrx_word' id='word_1_597' title='bbox 1959 4407 2060 4465; x_wconf 91' lang='lat' dir='ltr'><strong>de-</strong></span> 
     </span>
    </p>
   </div>
   <div class='ocr_carea' id='block_1_77' title="bbox 470 4485 2062 4576">
    <p class='ocr_par' dir='ltr' id='par_1_77' title="bbox 470 4485 2062 4576">
     <span class='ocr_line' id='line_1_77' title="bbox 470 4485 2062 4576; baseline 0.01 -36"><span class='ocrx_word' id='word_1_598' title='bbox 470 4485 662 4544; x_wconf 82' lang='lat' dir='ltr'><strong>ﬂuant.</strong></span> <span class='ocrx_word' id='word_1_599' title='bbox 702 4487 841 4545; x_wconf 69' lang='lat' dir='ltr'><strong>Cteli</strong></span> <span class='ocrx_word' id='word_1_600' title='bbox 879 4504 1010 4546; x_wconf 91' lang='lat' dir='ltr'><strong>vero</strong></span> <span class='ocrx_word' id='word_1_601' title='bbox 1041 4490 1360 4563; x_wconf 85' lang='lat' dir='ltr'><strong>substantia,</strong></span> <span class='ocrx_word' id='word_1_602' title='bbox 1411 4499 1853 4576; x_wconf 9' lang='lat' dir='ltr'><strong>quamvisqpura,</strong></span> <span class='ocrx_word' id='word_1_603' title='bbox 1887 4501 2062 4558; x_wconf 86' lang='lat' dir='ltr'><strong>lucida</strong></span> 
     </span>
    </p>
   </div>
   <div class='ocr_carea' id='block_1_78' title="bbox 2175 3288 3772 3362">
    <p class='ocr_par' dir='ltr' id='par_1_78' title="bbox 2175 3288 3772 3362">
     <span class='ocr_line' id='line_1_78' title="bbox 2175 3288 3772 3362; baseline 0.004 -20"><span class='ocrx_word' id='word_1_604' title='bbox 2175 3288 2476 3358; x_wconf 88' lang='lat' dir='ltr'><strong>constituit,</strong></span> <span class='ocrx_word' id='word_1_605' title='bbox 2513 3291 2657 3346; x_wconf 92' lang='lat' dir='ltr'><strong>nulla</strong></span> <span class='ocrx_word' id='word_1_606' title='bbox 2707 3289 3068 3347; x_wconf 90' lang='lat' dir='ltr'><strong>mutabilitate</strong></span> <span class='ocrx_word' id='word_1_607' title='bbox 3096 3299 3404 3348; x_wconf 89' lang='lat' dir='ltr'><strong>vertuntur.</strong></span> <span class='ocrx_word' id='word_1_608' title='bbox 3441 3293 3498 3348; x_wconf 92' lang='lat' dir='ltr'><strong>In</strong></span> <span class='ocrx_word' id='word_1_609' title='bbox 3528 3303 3681 3362; x_wconf 84' lang='lat' dir='ltr'><strong>parte</strong></span> <span class='ocrx_word' id='word_1_610' title='bbox 3705 3294 3772 3348; x_wconf 87' lang='lat' dir='ltr'><strong>si-</strong></span> 
     </span>
    </p>
   </div>
   <div class='ocr_carea' id='block_1_79' title="bbox 2172 3367 3771 3452">
    <p class='ocr_par' dir='ltr' id='par_1_79' title="bbox 2172 3367 3771 3452">
     <span class='ocr_line' id='line_1_79' title="bbox 2172 3367 3771 3452; baseline 0.003 -16"><span class='ocrx_word' id='word_1_611' title='bbox 2172 3367 2388 3452; x_wconf 88' lang='lat' dir='ltr'><strong>quidem</strong></span> <span class='ocrx_word' id='word_1_612' title='bbox 2437 3381 2734 3439; x_wconf 68' lang='lat' dir='ltr'><strong>caelestium</strong></span> <span class='ocrx_word' id='word_1_613' title='bbox 2781 3397 2962 3438; x_wconf 90' lang='lat' dir='ltr'><strong>rerum</strong></span> <span class='ocrx_word' id='word_1_614' title='bbox 3012 3382 3151 3439; x_wconf 86' lang='lat' dir='ltr'><strong>facta</strong></span> <span class='ocrx_word' id='word_1_615' title='bbox 3201 3385 3481 3440; x_wconf 89' lang='lat' dir='ltr'><strong>conclusio</strong></span> <span class='ocrx_word' id='word_1_616' title='bbox 3524 3394 3628 3440; x_wconf 86' lang='lat' dir='ltr'><strong>est.</strong></span> <span class='ocrx_word' id='word_1_617' title='bbox 3666 3383 3771 3441; x_wconf 88' lang='lat' dir='ltr'><strong>Sed</strong></span> 
     </span>
    </p>
   </div>
   <div class='ocr_carea' id='block_1_80' title="bbox 2175 3472 3770 3544">
    <p class='ocr_par' dir='ltr' id='par_1_80' title="bbox 2175 3472 3770 3544">
     <span class='ocr_line' id='line_1_80' title="bbox 2175 3472 3770 3544; baseline 0.001 -14"><span class='ocrx_word' id='word_1_618' title='bbox 2175 3487 2298 3530; x_wconf 90' lang='lat' dir='ltr'><strong>cum</strong></span> <span class='ocrx_word' id='word_1_619' title='bbox 2328 3473 2536 3544; x_wconf 81' lang='lat' dir='ltr'><strong>legatur</strong></span> <span class='ocrx_word' id='word_1_620' title='bbox 2565 3473 2633 3532; x_wconf 88' lang='lat' dir='ltr'><strong>de</strong></span> <span class='ocrx_word' id='word_1_621' title='bbox 2662 3472 2842 3531; x_wconf 79' lang='lat' dir='ltr'><strong>futuro</strong></span> <span class='ocrx_word' id='word_1_622' title='bbox 2870 3475 3070 3532; x_wconf 67' lang='lat' dir='ltr'><strong>saeculo</strong></span> <span class='ocrx_word' id='word_1_623' title='bbox 3098 3493 3112 3530; x_wconf 89' lang='lat'><strong>:</strong></span> <span class='ocrx_word' id='word_1_624' title='bbox 3145 3473 3261 3531; x_wconf 83' lang='lat' dir='ltr'><strong>Erit</strong></span> <span class='ocrx_word' id='word_1_625' title='bbox 3290 3477 3476 3532; x_wconf 65' lang='lat' dir='ltr'><strong>celum</strong></span> <span class='ocrx_word' id='word_1_626' title='bbox 3507 3495 3691 3533; x_wconf 74' lang='lat' dir='ltr'><strong>narum</strong></span> <span class='ocrx_word' id='word_1_627' title='bbox 3723 3487 3770 3531; x_wconf 88' lang='lat' dir='ltr'><strong>et</strong></span> 
     </span>
    </p>
   </div>
   <div class='ocr_carea' id='block_1_81' title="bbox 2177 3557 3775 3639">
    <p class='ocr_par' dir='ltr' id='par_1_81' title="bbox 2177 3557 3775 3639">
     <span class='ocr_line' id='line_1_81' title="bbox 2177 3557 3775 3639; baseline 0.003 -21"><span class='ocrx_word' id='word_1_628' title='bbox 2177 3573 2317 3622; x_wconf 87' lang='lat' dir='ltr'><strong>terra</strong></span> <span class='ocrx_word' id='word_1_629' title='bbox 2361 3583 2493 3620; x_wconf 90' lang='lat' dir='ltr'><strong>nova</strong></span> <span class='ocrx_word' id='word_1_630' title='bbox 2522 3565 2679 3636; x_wconf 83' lang='lat' dir='ltr'><strong>(Isai.</strong></span> <span class='ocrx_word' id='word_1_631' title='bbox 2725 3582 2850 3638; x_wconf 81' lang='lat' dir='ltr'><strong>va,</strong></span> <span class='ocrx_word' id='word_1_632' title='bbox 2901 3565 3022 3639; x_wconf 79' lang='lat' dir='ltr'><strong>l7),</strong></span> <span class='ocrx_word' id='word_1_633' title='bbox 3066 3567 3525 3638; x_wconf 84' lang='lat' dir='ltr'><strong>quemadmodum</strong></span> <span class='ocrx_word' id='word_1_634' title='bbox 3559 3569 3626 3627; x_wconf 84' lang='lat' dir='ltr'><strong>de</strong></span> <span class='ocrx_word' id='word_1_635' title='bbox 3668 3557 3775 3623; x_wconf 31' lang='lat' dir='ltr'><strong>isto.</strong></span> 
     </span>
    </p>
   </div>
   <div class='ocr_carea' id='block_1_82' title="bbox 2173 3659 3766 3718">
    <p class='ocr_par' dir='ltr' id='par_1_82' title="bbox 2173 3659 3766 3718">
     <span class='ocr_line' id='line_1_82' title="bbox 2173 3659 3766 3718; baseline 0.001 -4"><span class='ocrx_word' id='word_1_636' title='bbox 2173 3659 2314 3716; x_wconf 64' lang='lat' dir='ltr'><strong>celo</strong></span> <span class='ocrx_word' id='word_1_637' title='bbox 2337 3659 2534 3716; x_wconf 77' lang='lat' dir='ltr'><strong>dieitur</strong></span> <span class='ocrx_word' id='word_1_638' title='bbox 2563 3677 2577 3714; x_wconf 88' lang='lat'><strong>:</strong></span> <span class='ocrx_word' id='word_1_639' title='bbox 2610 3659 2805 3716; x_wconf 87' lang='lat' dir='ltr'><strong>Statuit</strong></span> <span class='ocrx_word' id='word_1_640' title='bbox 2835 3677 2896 3715; x_wconf 92' lang='lat' dir='ltr'><strong>ea</strong></span> <span class='ocrx_word' id='word_1_641' title='bbox 2921 3661 2973 3714; x_wconf 88' lang='lat' dir='ltr'><strong>in</strong></span> <span class='ocrx_word' id='word_1_642' title='bbox 3004 3659 3288 3716; x_wconf 73' lang='lat' dir='ltr'><strong>wternum?</strong></span> <span class='ocrx_word' id='word_1_643' title='bbox 3313 3659 3420 3718; x_wconf 91' lang='lat' dir='ltr'><strong>Sed</strong></span> <span class='ocrx_word' id='word_1_644' title='bbox 3451 3662 3630 3717; x_wconf 90' lang='lat' dir='ltr'><strong>omnia</strong></span> <span class='ocrx_word' id='word_1_645' title='bbox 3661 3661 3766 3716; x_wconf 81' lang='lat' dir='ltr'><strong>Deo</strong></span> 
     </span>
    </p>
   </div>
   <div class='ocr_carea' id='block_1_83' title="bbox 2173 3752 3766 3824">
    <p class='ocr_par' dir='ltr' id='par_1_83' title="bbox 2173 3752 3766 3824">
     <span class='ocr_line' id='line_1_83' title="bbox 2173 3752 3766 3824; baseline 0.001 -17"><span class='ocrx_word' id='word_1_646' title='bbox 2173 3759 2369 3808; x_wconf 89' lang='lat' dir='ltr'><strong>statuta</strong></span> <span class='ocrx_word' id='word_1_647' title='bbox 2414 3768 2536 3810; x_wconf 89' lang='lat' dir='ltr'><strong>esse</strong></span> <span class='ocrx_word' id='word_1_648' title='bbox 2583 3768 2689 3809; x_wconf 93' lang='lat' dir='ltr'><strong>non</strong></span> <span class='ocrx_word' id='word_1_649' title='bbox 2728 3753 2948 3809; x_wconf 92' lang='lat' dir='ltr'><strong>dubium</strong></span> <span class='ocrx_word' id='word_1_650' title='bbox 2997 3762 3102 3809; x_wconf 93' lang='lat' dir='ltr'><strong>est.</strong></span> <span class='ocrx_word' id='word_1_651' title='bbox 3143 3752 3278 3810; x_wconf 86' lang='lat' dir='ltr'><strong>Nam</strong></span> <span class='ocrx_word' id='word_1_652' title='bbox 3327 3763 3382 3810; x_wconf 88' lang='lat' dir='ltr'><strong>et</strong></span> <span class='ocrx_word' id='word_1_653' title='bbox 3429 3754 3596 3809; x_wconf 90' lang='lat' dir='ltr'><strong>homo</strong></span> <span class='ocrx_word' id='word_1_654' title='bbox 3652 3755 3766 3824; x_wconf 82' lang='lat' dir='ltr'><strong>ipse</strong></span> 
     </span>
    </p>
   </div>
   <div class='ocr_carea' id='block_1_84' title="bbox 2173 3844 3759 3918">
    <p class='ocr_par' dir='ltr' id='par_1_84' title="bbox 2173 3844 3759 3918">
     <span class='ocr_line' id='line_1_84' title="bbox 2173 3844 3759 3918; baseline -0.002 -17"><span class='ocrx_word' id='word_1_655' title='bbox 2173 3845 2419 3916; x_wconf 90' lang='lat' dir='ltr'><strong>quamvis</strong></span> <span class='ocrx_word' id='word_1_656' title='bbox 2440 3845 2722 3912; x_wconf 89' lang='lat' dir='ltr'><strong>moriatur,</strong></span> <span class='ocrx_word' id='word_1_657' title='bbox 2756 3844 3037 3900; x_wconf 87' lang='lat' dir='ltr'><strong>Divinitati</strong></span> <span class='ocrx_word' id='word_1_658' title='bbox 3069 3853 3298 3918; x_wconf 82' lang='lat' dir='ltr'><strong>statutus</strong></span> <span class='ocrx_word' id='word_1_659' title='bbox 3325 3854 3404 3900; x_wconf 88' lang='lat' dir='ltr'><strong>est</strong></span> <span class='ocrx_word' id='word_1_660' title='bbox 3429 3858 3552 3898; x_wconf 90' lang='lat' dir='ltr'><strong>cum</strong></span> <span class='ocrx_word' id='word_1_661' title='bbox 3583 3859 3759 3899; x_wconf 86' lang='lat' dir='ltr'><strong>resur-</strong></span> 
     </span>
    </p>
   </div>
   <div class='ocr_carea' id='block_1_85' title="bbox 2172 3935 3755 4010">
    <p class='ocr_par' dir='ltr' id='par_1_85' title="bbox 2172 3935 3755 4010">
     <span class='ocr_line' id='line_1_85' title="bbox 2172 3935 3755 4010; baseline -0.001 -17"><span class='ocrx_word' id='word_1_662' title='bbox 2172 3938 2282 4010; x_wconf 73' lang='lat' dir='ltr'><strong>git;</strong></span> <span class='ocrx_word' id='word_1_663' title='bbox 2315 3937 2394 3993; x_wconf 86' lang='lat' dir='ltr'><strong>sic</strong></span> <span class='ocrx_word' id='word_1_664' title='bbox 2417 3943 2475 3993; x_wconf 90' lang='lat' dir='ltr'><strong>et</strong></span> <span class='ocrx_word' id='word_1_665' title='bbox 2499 3935 2696 3993; x_wconf 83' lang='lat' dir='ltr'><strong>coelum</strong></span> <span class='ocrx_word' id='word_1_666' title='bbox 2727 3946 2782 3992; x_wconf 90' lang='lat' dir='ltr'><strong>et</strong></span> <span class='ocrx_word' id='word_1_667' title='bbox 2829 3943 2975 3992; x_wconf 89' lang='lat' dir='ltr'><strong>terra</strong></span> <span class='ocrx_word' id='word_1_668' title='bbox 3009 3938 3120 3993; x_wconf 90' lang='lat' dir='ltr'><strong>Deo</strong></span> <span class='ocrx_word' id='word_1_669' title='bbox 3151 3942 3456 4009; x_wconf 85' lang='lat' dir='ltr'><strong>permanent</strong></span> <span class='ocrx_word' id='word_1_670' title='bbox 3496 3949 3623 3989; x_wconf 86' lang='lat' dir='ltr'><strong>eum</strong></span> <span class='ocrx_word' id='word_1_671' title='bbox 3653 3951 3755 3991; x_wconf 87' lang='lat' dir='ltr'><strong>no-</strong></span> 
     </span>
    </p>
   </div>
   <div class='ocr_carea' id='block_1_86' title="bbox 2170 4027 3764 4101">
    <p class='ocr_par' dir='ltr' id='par_1_86' title="bbox 2170 4027 3764 4101">
     <span class='ocr_line' id='line_1_86' title="bbox 2170 4027 3764 4101; baseline -0.001 -16"><span class='ocrx_word' id='word_1_672' title='bbox 2170 4039 2382 4085; x_wconf 88' lang='lat' dir='ltr'><strong>vantur.</strong></span> <span class='ocrx_word' id='word_1_673' title='bbox 2416 4029 2667 4101; x_wconf 86' lang='lat' dir='ltr'><strong>Deposita</strong></span> <span class='ocrx_word' id='word_1_674' title='bbox 2705 4029 2850 4086; x_wconf 89' lang='lat' dir='ltr'><strong>enim</strong></span> <span class='ocrx_word' id='word_1_675' title='bbox 2879 4029 2961 4101; x_wconf 90' lang='lat' dir='ltr'><strong>(ut</strong></span> <span class='ocrx_word' id='word_1_676' title='bbox 2989 4029 3178 4086; x_wconf 84' lang='lat' dir='ltr'><strong>Patres</strong></span> <span class='ocrx_word' id='word_1_677' title='bbox 3225 4027 3426 4099; x_wconf 82' lang='lat' dir='ltr'><strong>dicunt)</strong></span> <span class='ocrx_word' id='word_1_678' title='bbox 3452 4027 3764 4084; x_wconf 81' lang='lat' dir='ltr'><strong>inelemen-</strong></span> 
     </span>
    </p>
   </div>
   <div class='ocr_carea' id='block_1_87' title="bbox 2170 4118 3764 4193">
    <p class='ocr_par' dir='ltr' id='par_1_87' title="bbox 2170 4118 3764 4193">
     <span class='ocr_line' id='line_1_87' title="bbox 2170 4118 3764 4193; baseline -0.003 -16"><span class='ocrx_word' id='word_1_679' title='bbox 2170 4119 2246 4178; x_wconf 91' lang='lat' dir='ltr'><strong>tia</strong></span> <span class='ocrx_word' id='word_1_680' title='bbox 2278 4123 2394 4177; x_wconf 77' lang='lat' dir='ltr'><strong>sive</strong></span> <span class='ocrx_word' id='word_1_681' title='bbox 2417 4121 2754 4193; x_wconf 90' lang='lat' dir='ltr'><strong>corruptibili</strong></span> <span class='ocrx_word' id='word_1_682' title='bbox 2780 4121 3060 4192; x_wconf 84' lang='lat' dir='ltr'><strong>qualitate,</strong></span> <span class='ocrx_word' id='word_1_683' title='bbox 3093 4132 3282 4177; x_wconf 84' lang='lat' dir='ltr'><strong>natura</strong></span> <span class='ocrx_word' id='word_1_684' title='bbox 3313 4122 3432 4190; x_wconf 86' lang='lat' dir='ltr'><strong>ipsa</strong></span> <span class='ocrx_word' id='word_1_685' title='bbox 3479 4118 3764 4176; x_wconf 85' lang='lat' dir='ltr'><strong>meliorata</strong></span> 
     </span>
    </p>
   </div>
   <div class='ocr_carea' id='block_1_88' title="bbox 2171 4212 3761 4284">
    <p class='ocr_par' dir='ltr' id='par_1_88' title="bbox 2171 4212 3761 4284">
     <span class='ocr_line' id='line_1_88' title="bbox 2171 4212 3761 4284; baseline 0 -16"><span class='ocrx_word' id='word_1_686' title='bbox 2171 4220 2475 4283; x_wconf 87' lang='lat' dir='ltr'><strong>permanet,</strong></span> <span class='ocrx_word' id='word_1_687' title='bbox 2505 4228 2624 4269; x_wconf 92' lang='lat' dir='ltr'><strong>cum</strong></span> <span class='ocrx_word' id='word_1_688' title='bbox 2650 4213 2802 4284; x_wconf 88' lang='lat' dir='ltr'><strong>jussa</strong></span> <span class='ocrx_word' id='word_1_689' title='bbox 2843 4212 3004 4270; x_wconf 78' lang='lat' dir='ltr'><strong>fuerit</strong></span> <span class='ocrx_word' id='word_1_690' title='bbox 3026 4214 3088 4270; x_wconf 87' lang='lat' dir='ltr'><strong>in</strong></span> <span class='ocrx_word' id='word_1_691' title='bbox 3109 4212 3416 4270; x_wconf 65' lang='lat' dir='ltr'><strong>aternitate</strong></span> <span class='ocrx_word' id='word_1_692' title='bbox 3439 4213 3761 4274; x_wconf 79' lang='lat' dir='ltr'><strong>consistere,</strong></span> 
     </span>
    </p>
   </div>
   <div class='ocr_carea' id='block_1_89' title="bbox 2167 4303 3764 4377">
    <p class='ocr_par' dir='ltr' id='par_1_89' title="bbox 2167 4303 3764 4377">
     <span class='ocr_line' id='line_1_89' title="bbox 2167 4303 3764 4377; baseline -0.002 -17"><span class='ocrx_word' id='word_1_693' title='bbox 2167 4303 2312 4361; x_wconf 83' lang='lat' dir='ltr'><strong>sicut</strong></span> <span class='ocrx_word' id='word_1_694' title='bbox 2350 4313 2404 4361; x_wconf 88' lang='lat' dir='ltr'><strong>et</strong></span> <span class='ocrx_word' id='word_1_695' title='bbox 2428 4305 2501 4362; x_wconf 88' lang='lat' dir='ltr'><strong>de</strong></span> <span class='ocrx_word' id='word_1_696' title='bbox 2543 4307 2788 4377; x_wconf 87' lang='lat' dir='ltr'><strong>corporis</strong></span> <span class='ocrx_word' id='word_1_697' title='bbox 2816 4308 2988 4363; x_wconf 85' lang='lat' dir='ltr'><strong>nostri</strong></span> <span class='ocrx_word' id='word_1_698' title='bbox 3032 4305 3434 4377; x_wconf 84' lang='lat' dir='ltr'><strong>permutatione</strong></span> <span class='ocrx_word' id='word_1_699' title='bbox 3459 4303 3597 4360; x_wconf 80' lang='lat' dir='ltr'><strong>dicit</strong></span> <span class='ocrx_word' id='word_1_700' title='bbox 3621 4307 3764 4374; x_wconf 82' lang='lat' dir='ltr'><strong>Apo-</strong></span> 
     </span>
    </p>
   </div>
   <div class='ocr_carea' id='block_1_90' title="bbox 2167 4397 3759 4470">
    <p class='ocr_par' dir='ltr' id='par_1_90' title="bbox 2167 4397 3759 4470">
     <span class='ocr_line' id='line_1_90' title="bbox 2167 4397 3759 4470; baseline -0.002 -16"><span class='ocrx_word' id='word_1_701' title='bbox 2167 4398 2342 4454; x_wconf 81' lang='lat' dir='ltr'><strong>stolus</strong></span> <span class='ocrx_word' id='word_1_702' title='bbox 2366 4415 2378 4451; x_wconf 94' lang='lat'><strong>:</strong></span> <span class='ocrx_word' id='word_1_703' title='bbox 2406 4397 2544 4453; x_wconf 87' lang='lat' dir='ltr'><strong>Dum</strong></span> <span class='ocrx_word' id='word_1_704' title='bbox 2561 4400 2890 4470; x_wconf 80' lang='lat' dir='ltr'><strong>eorruptibile</strong></span> <span class='ocrx_word' id='word_1_705' title='bbox 2915 4397 3013 4454; x_wconf 80' lang='lat' dir='ltr'><strong>hoc</strong></span> <span class='ocrx_word' id='word_1_706' title='bbox 3040 4398 3266 4454; x_wconf 76' lang='lat' dir='ltr'><strong>induerit</strong></span> <span class='ocrx_word' id='word_1_707' title='bbox 3295 4398 3759 4469; x_wconf 69' lang='lat' dir='ltr'><strong>incorruptionem,</strong></span> 
     </span>
    </p>
   </div>
   <div class='ocr_carea' id='block_1_91' title="bbox 2166 4488 3758 4559">
    <p class='ocr_par' dir='ltr' id='par_1_91' title="bbox 2166 4488 3758 4559">
     <span class='ocr_line' id='line_1_91' title="bbox 2166 4488 3758 4559; baseline -0.003 -13"><span class='ocrx_word' id='word_1_708' title='bbox 2166 4499 2218 4546; x_wconf 81' lang='lat' dir='ltr'><strong>et</strong></span> <span class='ocrx_word' id='word_1_709' title='bbox 2239 4490 2453 4546; x_wconf 84' lang='lat' dir='ltr'><strong>mortale</strong></span> <span class='ocrx_word' id='word_1_710' title='bbox 2472 4491 2568 4546; x_wconf 79' lang='lat' dir='ltr'><strong>hoc</strong></span> <span class='ocrx_word' id='word_1_711' title='bbox 2595 4491 2824 4547; x_wconf 83' lang='lat' dir='ltr'><strong>induerit</strong></span> <span class='ocrx_word' id='word_1_712' title='bbox 2847 4491 3286 4546; x_wconf 78' lang='lat' dir='ltr'><strong>immortalitatem</strong></span> <span class='ocrx_word' id='word_1_713' title='bbox 3302 4489 3358 4559; x_wconf 88' lang='grc' dir='ltr'><strong>(ι</strong></span> <span class='ocrx_word' id='word_1_714' title='bbox 3383 4489 3506 4544; x_wconf 83' lang='lat' dir='ltr'><strong>Cor.</strong></span> <span class='ocrx_word' id='word_1_715' title='bbox 3532 4505 3621 4556; x_wconf 83' lang='lat' dir='ltr'><strong>xv,</strong></span> <span class='ocrx_word' id='word_1_716' title='bbox 3641 4488 3758 4556; x_wconf 77' lang='grc'><strong>55).</strong></span> 
     </span>
    </p>
   </div>
   <div class='ocr_carea' id='block_1_92' title="bbox 469 4579 3760 4658">
    <p class='ocr_par' dir='ltr' id='par_1_92' title="bbox 469 4579 3760 4658">
     <span class='ocr_line' id='line_1_92' title="bbox 469 4579 3760 4658; baseline 0.001 -26"><span class='ocrx_word' id='word_1_717' title='bbox 469 4585 634 4648; x_wconf 86' lang='lat' dir='ltr'><strong>atque</strong></span> <span class='ocrx_word' id='word_1_718' title='bbox 658 4579 874 4650; x_wconf 87' lang='lat' dir='ltr'><strong>egregia</strong></span> <span class='ocrx_word' id='word_1_719' title='bbox 902 4594 1024 4642; x_wconf 81' lang='lat' dir='ltr'><strong>esse</strong></span> <span class='ocrx_word' id='word_1_720' title='bbox 1067 4584 1302 4653; x_wconf 85' lang='lat' dir='ltr'><strong>putanda</strong></span> <span class='ocrx_word' id='word_1_721' title='bbox 1353 4585 1445 4651; x_wconf 87' lang='lat' dir='ltr'><strong>sit,</strong></span> <span class='ocrx_word' id='word_1_722' title='bbox 1474 4587 1740 4658; x_wconf 82' lang='lat' dir='ltr'><strong>dignaque</strong></span> <span class='ocrx_word' id='word_1_723' title='bbox 1771 4590 1965 4648; x_wconf 78' lang='lat' dir='ltr'><strong>talibus</strong></span> <span class='ocrx_word' id='word_1_724' title='bbox 1993 4607 2058 4650; x_wconf 75' lang='lat' dir='ltr'><strong>ac</strong></span> <span class='ocrx_word' id='word_1_725' title='bbox 2083 4584 2141 4648; x_wconf 86' lang='lat' dir='ltr'><strong>D</strong></span> <span class='ocrx_word' id='word_1_726' title='bbox 2167 4581 2514 4656; x_wconf 77' lang='lat' dir='ltr'><strong>Prwceplum,</strong></span> <span class='ocrx_word' id='word_1_727' title='bbox 2545 4585 2714 4656; x_wconf 83' lang='lat' dir='ltr'><strong>legem</strong></span> <span class='ocrx_word' id='word_1_728' title='bbox 2741 4585 2894 4653; x_wconf 90' lang='lat' dir='ltr'><strong>dicit,</strong></span> <span class='ocrx_word' id='word_1_729' title='bbox 2920 4585 3036 4642; x_wconf 91' lang='lat' dir='ltr'><strong>sive</strong></span> <span class='ocrx_word' id='word_1_730' title='bbox 3064 4585 3456 4650; x_wconf 77' lang='lat' dir='ltr'><strong>conditionem,</strong></span> <span class='ocrx_word' id='word_1_731' title='bbox 3490 4591 3552 4639; x_wconf 88' lang='lat' dir='ltr'><strong>ut</strong></span> <span class='ocrx_word' id='word_1_732' title='bbox 3575 4581 3760 4636; x_wconf 84' lang='lat' dir='ltr'><strong>omnia</strong></span> 
     </span>
    </p>
   </div>
   <div class='ocr_carea' id='block_1_93' title="bbox 467 4668 2055 4744">
    <p class='ocr_par' dir='ltr' id='par_1_93' title="bbox 467 4668 2055 4744">
     <span class='ocr_line' id='line_1_93' title="bbox 467 4668 2055 4744; baseline 0.01 -20"><span class='ocrx_word' id='word_1_733' title='bbox 467 4668 631 4726; x_wconf 80' lang='lat' dir='ltr'><strong>tantis</strong></span> <span class='ocrx_word' id='word_1_734' title='bbox 684 4669 1070 4729; x_wconf 88' lang='lat' dir='ltr'><strong>habitatoribus</strong></span> <span class='ocrx_word' id='word_1_735' title='bbox 1123 4675 1260 4744; x_wconf 87' lang='lat' dir='ltr'><strong>suis,</strong></span> <span class='ocrx_word' id='word_1_736' title='bbox 1318 4684 1500 4734; x_wconf 88' lang='lat' dir='ltr'><strong>tamen</strong></span> <span class='ocrx_word' id='word_1_737' title='bbox 1542 4678 1741 4736; x_wconf 89' lang='lat' dir='ltr'><strong>animal</strong></span> <span class='ocrx_word' id='word_1_738' title='bbox 1779 4695 1903 4738; x_wconf 87' lang='lat' dir='ltr'><strong>esse</strong></span> <span class='ocrx_word' id='word_1_739' title='bbox 1944 4696 2055 4742; x_wconf 88' lang='lat' dir='ltr'><strong>non</strong></span> 
     </span>
    </p>
   </div>
   <div class='ocr_carea' id='block_1_94' title="bbox 464 4763 2053 4843">
    <p class='ocr_par' dir='ltr' id='par_1_94' title="bbox 464 4763 2053 4843">
     <span class='ocr_line' id='line_1_94' title="bbox 464 4763 2053 4843; baseline 0.011 -26"><span class='ocrx_word' id='word_1_740' title='bbox 464 4763 738 4832; x_wconf 87' lang='lat' dir='ltr'><strong>comperi;</strong></span> <span class='ocrx_word' id='word_1_741' title='bbox 783 4772 839 4820; x_wconf 91' lang='lat' dir='ltr'><strong>et</strong></span> <span class='ocrx_word' id='word_1_742' title='bbox 863 4768 1209 4826; x_wconf 87' lang='lat' dir='ltr'><strong>temerarium</strong></span> <span class='ocrx_word' id='word_1_743' title='bbox 1240 4779 1326 4826; x_wconf 86' lang='lat' dir='ltr'><strong>est</strong></span> <span class='ocrx_word' id='word_1_744' title='bbox 1380 4786 1449 4828; x_wconf 88' lang='lat' dir='ltr'><strong>ex</strong></span> <span class='ocrx_word' id='word_1_745' title='bbox 1478 4773 1730 4843; x_wconf 91' lang='lat' dir='ltr'><strong>opinione</strong></span> <span class='ocrx_word' id='word_1_746' title='bbox 1775 4775 2053 4835; x_wconf 88' lang='lat' dir='ltr'><strong>hominum</strong></span> 
     </span>
    </p>
   </div>
   <div class='ocr_carea' id='block_1_95' title="bbox 464 4853 2051 4926">
    <p class='ocr_par' dir='ltr' id='par_1_95' title="bbox 464 4853 2051 4926">
     <span class='ocr_line' id='line_1_95' title="bbox 464 4853 2051 4926; baseline 0.011 -17"><span class='ocrx_word' id='word_1_747' title='bbox 464 4853 670 4920; x_wconf 88' lang='lat' dir='ltr'><strong>dicere,</strong></span> <span class='ocrx_word' id='word_1_748' title='bbox 702 4855 847 4926; x_wconf 90' lang='lat' dir='ltr'><strong>quod</strong></span> <span class='ocrx_word' id='word_1_749' title='bbox 875 4858 1178 4916; x_wconf 66' lang='lat' dir='ltr'><strong>caelestium</strong></span> <span class='ocrx_word' id='word_1_750' title='bbox 1205 4860 1505 4918; x_wconf 90' lang='lat' dir='ltr'><strong>litterarum</strong></span> <span class='ocrx_word' id='word_1_751' title='bbox 1535 4877 1644 4920; x_wconf 86' lang='lat' dir='ltr'><strong>non</strong></span> <span class='ocrx_word' id='word_1_752' title='bbox 1673 4866 1835 4922; x_wconf 89' lang='lat' dir='ltr'><strong>tradit</strong></span> <span class='ocrx_word' id='word_1_753' title='bbox 1861 4877 2051 4926; x_wconf 88' lang='lat' dir='ltr'><strong>aucto-</strong></span> 
     </span>
    </p>
   </div>
   <div class='ocr_carea' id='block_1_96' title="bbox 463 4950 2048 5030">
    <p class='ocr_par' dir='ltr' id='par_1_96' title="bbox 463 4950 2048 5030">
     <span class='ocr_line' id='line_1_96' title="bbox 463 4950 2048 5030; baseline 0.009 -26"><span class='ocrx_word' id='word_1_754' title='bbox 463 4950 616 5006; x_wconf 86' lang='lat' dir='ltr'><strong>ritas.</strong></span> <span class='ocrx_word' id='word_1_755' title='bbox 641 4951 802 5024; x_wconf 70' lang='lat' dir='ltr'><strong>Aquat</strong></span> <span class='ocrx_word' id='word_1_756' title='bbox 846 4968 980 5010; x_wconf 90' lang='lat' dir='ltr'><strong>vero</strong></span> <span class='ocrx_word' id='word_1_757' title='bbox 1009 4971 1124 5025; x_wconf 65' lang='lat' dir='ltr'><strong>qua</strong></span> <span class='ocrx_word' id='word_1_758' title='bbox 1151 4971 1304 5024; x_wconf 84' lang='lat' dir='ltr'><strong>super</strong></span> <span class='ocrx_word' id='word_1_759' title='bbox 1341 4957 1494 5013; x_wconf 72' lang='lat' dir='ltr'><strong>emtas</strong></span> <span class='ocrx_word' id='word_1_760' title='bbox 1521 4967 1662 5025; x_wconf 84' lang='lat' dir='ltr'><strong>sunt,</strong></span> <span class='ocrx_word' id='word_1_761' title='bbox 1709 4968 1769 5016; x_wconf 90' lang='lat' dir='ltr'><strong>ut</strong></span> <span class='ocrx_word' id='word_1_762' title='bbox 1794 4962 2048 5030; x_wconf 88' lang='lat' dir='ltr'><strong>arbitror,</strong></span> 
     </span>
    </p>
   </div>
   <div class='ocr_carea' id='block_1_97' title="bbox 463 5041 2047 5121">
    <p class='ocr_par' dir='ltr' id='par_1_97' title="bbox 463 5041 2047 5121">
     <span class='ocr_line' id='line_1_97' title="bbox 463 5041 2047 5121; baseline 0.011 -26"><span class='ocrx_word' id='word_1_763' title='bbox 463 5041 598 5096; x_wconf 89' lang='lat' dir='ltr'><strong>istas</strong></span> <span class='ocrx_word' id='word_1_764' title='bbox 623 5057 742 5112; x_wconf 75' lang='lat' dir='ltr'><strong>quae</strong></span> <span class='ocrx_word' id='word_1_765' title='bbox 783 5045 1046 5116; x_wconf 88' lang='lat' dir='ltr'><strong>depluunt</strong></span> <span class='ocrx_word' id='word_1_766' title='bbox 1092 5063 1218 5105; x_wconf 88' lang='lat' dir='ltr'><strong>esse</strong></span> <span class='ocrx_word' id='word_1_767' title='bbox 1246 5063 1355 5106; x_wconf 91' lang='lat' dir='ltr'><strong>non</strong></span> <span class='ocrx_word' id='word_1_768' title='bbox 1401 5050 1624 5107; x_wconf 87' lang='lat' dir='ltr'><strong>dubium</strong></span> <span class='ocrx_word' id='word_1_769' title='bbox 1655 5060 1758 5121; x_wconf 84' lang='lat' dir='ltr'><strong>est,</strong></span> <span class='ocrx_word' id='word_1_770' title='bbox 1815 5063 2047 5112; x_wconf 86' lang='lat' dir='ltr'><strong>testante</strong></span> 
     </span>
    </p>
   </div>
   <div class='ocr_carea' id='block_1_98' title="bbox 463 5131 2046 5218">
    <p class='ocr_par' dir='ltr' id='par_1_98' title="bbox 463 5131 2046 5218">
     <span class='ocr_line' id='line_1_98' title="bbox 463 5131 2046 5218; baseline 0.01 -31"><span class='ocrx_word' id='word_1_771' title='bbox 463 5131 660 5188; x_wconf 86' lang='lat' dir='ltr'><strong>Genesi</strong></span> <span class='ocrx_word' id='word_1_772' title='bbox 694 5152 707 5188; x_wconf 88' lang='lat'><strong>:</strong></span> <span class='ocrx_word' id='word_1_773' title='bbox 739 5134 1021 5197; x_wconf 79' lang='lat' dir='ltr'><strong>Cataractte</strong></span> <span class='ocrx_word' id='word_1_774' title='bbox 1043 5142 1156 5198; x_wconf 67' lang='lat' dir='ltr'><strong>cali</strong></span> <span class='ocrx_word' id='word_1_775' title='bbox 1185 5152 1378 5214; x_wconf 67' lang='lat' dir='ltr'><strong>apertis</strong></span> <span class='ocrx_word' id='word_1_776' title='bbox 1403 5153 1541 5212; x_wconf 83' lang='lat' dir='ltr'><strong>sunt,</strong></span> <span class='ocrx_word' id='word_1_777' title='bbox 1573 5154 1624 5201; x_wconf 87' lang='lat' dir='ltr'><strong>et</strong></span> <span class='ocrx_word' id='word_1_778' title='bbox 1660 5146 1797 5217; x_wconf 80' lang='lat' dir='ltr'><strong>facta</strong></span> <span class='ocrx_word' id='word_1_779' title='bbox 1824 5157 1898 5202; x_wconf 85' lang='lat' dir='ltr'><strong>est</strong></span> <span class='ocrx_word' id='word_1_780' title='bbox 1925 5149 2046 5218; x_wconf 82' lang='lat' dir='ltr'><strong>plu-</strong></span> 
     </span>
    </p>
   </div>
   <div class='ocr_carea' id='block_1_99' title="bbox 460 5227 2048 5312">
    <p class='ocr_par' dir='ltr' id='par_1_99' title="bbox 460 5227 2048 5312">
     <span class='ocr_line' id='line_1_99' title="bbox 460 5227 2048 5312; baseline 0.013 -34"><span class='ocrx_word' id='word_1_781' title='bbox 460 5227 547 5280; x_wconf 85' lang='lat' dir='ltr'><strong>via</strong></span> <span class='ocrx_word' id='word_1_782' title='bbox 571 5242 724 5299; x_wconf 85' lang='lat' dir='ltr'><strong>super</strong></span> <span class='ocrx_word' id='word_1_783' title='bbox 749 5237 935 5288; x_wconf 84' lang='lat' dir='ltr'><strong>terram</strong></span> <span class='ocrx_word' id='word_1_784' title='bbox 954 5236 1302 5308; x_wconf 84' lang='lat' dir='ltr'><strong>quadraginta</strong></span> <span class='ocrx_word' id='word_1_785' title='bbox 1322 5237 1496 5292; x_wconf 86' lang='lat' dir='ltr'><strong>diebus</strong></span> <span class='ocrx_word' id='word_1_786' title='bbox 1523 5247 1568 5293; x_wconf 89' lang='lat' dir='ltr'><strong>et</strong></span> <span class='ocrx_word' id='word_1_787' title='bbox 1592 5240 1937 5312; x_wconf 86' lang='lat' dir='ltr'><strong>quadraginta</strong></span> <span class='ocrx_word' id='word_1_788' title='bbox 1957 5258 2048 5298; x_wconf 82' lang='lat' dir='ltr'><strong>no-</strong></span> 
     </span>
    </p>
   </div>
   <div class='ocr_carea' id='block_1_100' title="bbox 461 5316 2047 5401">
    <p class='ocr_par' dir='ltr' id='par_1_100' title="bbox 461 5316 2047 5401">
     <span class='ocr_line' id='line_1_100' title="bbox 461 5316 2047 5401; baseline 0.013 -29"><span class='ocrx_word' id='word_1_789' title='bbox 461 5316 624 5375; x_wconf 81' lang='lat' dir='ltr'><strong>etibus</strong></span> <span class='ocrx_word' id='word_1_790' title='bbox 645 5321 798 5393; x_wconf 82' lang='lat' dir='ltr'><strong>(Gen.</strong></span> <span class='ocrx_word' id='word_1_791' title='bbox 828 5340 922 5393; x_wconf 87' lang='lat' dir='ltr'><strong>vn,</strong></span> <span class='ocrx_word' id='word_1_792' title='bbox 953 5329 1042 5396; x_wconf 80' lang='lat' dir='ltr'><strong>ll,</strong></span> <span class='ocrx_word' id='word_1_793' title='bbox 1075 5328 1190 5400; x_wconf 72' lang='grc'><strong>12),</strong></span> <span class='ocrx_word' id='word_1_794' title='bbox 1229 5339 1284 5387; x_wconf 91' lang='lat' dir='ltr'><strong>et</strong></span> <span class='ocrx_word' id='word_1_795' title='bbox 1313 5340 1533 5388; x_wconf 71' lang='lat' dir='ltr'><strong>caetera.</strong></span> <span class='ocrx_word' id='word_1_796' title='bbox 1565 5333 1716 5401; x_wconf 92' lang='lat' dir='ltr'><strong>Quod</strong></span> <span class='ocrx_word' id='word_1_797' title='bbox 1761 5349 1871 5390; x_wconf 89' lang='lat' dir='ltr'><strong>non</strong></span> <span class='ocrx_word' id='word_1_798' title='bbox 1909 5334 2047 5392; x_wconf 87' lang='lat' dir='ltr'><strong>adeo</strong></span> 
     </span>
    </p>
   </div>
   <div class='ocr_carea' id='block_1_101' title="bbox 460 5419 2048 5497">
    <p class='ocr_par' dir='ltr' id='par_1_101' title="bbox 460 5419 2048 5497">
     <span class='ocr_line' id='line_1_101' title="bbox 460 5419 2048 5497; baseline 0.011 -31"><span class='ocrx_word' id='word_1_799' title='bbox 460 5426 708 5483; x_wconf 69' lang='lat' dir='ltr'><strong>quaerere</strong></span> <span class='ocrx_word' id='word_1_800' title='bbox 733 5419 1101 5476; x_wconf 87' lang='lat' dir='ltr'><strong>necessarium</strong></span> <span class='ocrx_word' id='word_1_801' title='bbox 1131 5431 1234 5490; x_wconf 90' lang='lat' dir='ltr'><strong>est,</strong></span> <span class='ocrx_word' id='word_1_802' title='bbox 1257 5425 1474 5492; x_wconf 89' lang='lat' dir='ltr'><strong>quando</strong></span> <span class='ocrx_word' id='word_1_803' title='bbox 1501 5436 1592 5480; x_wconf 88' lang='lat' dir='ltr'><strong>aut</strong></span> <span class='ocrx_word' id='word_1_804' title='bbox 1613 5439 1712 5496; x_wconf 90' lang='lat' dir='ltr'><strong>per</strong></span> <span class='ocrx_word' id='word_1_805' title='bbox 1737 5439 1820 5490; x_wconf 88' lang='lat' dir='ltr'><strong>se,</strong></span> <span class='ocrx_word' id='word_1_806' title='bbox 1842 5436 1935 5482; x_wconf 89' lang='lat' dir='ltr'><strong>aut</strong></span> <span class='ocrx_word' id='word_1_807' title='bbox 1953 5443 2048 5497; x_wconf 90' lang='lat' dir='ltr'><strong>per</strong></span> 
     </span>
    </p>
   </div>
   <div class='ocr_carea' id='block_1_102' title="bbox 461 5504 2048 5576">
    <p class='ocr_par' dir='ltr' id='par_1_102' title="bbox 461 5504 2048 5576">
     <span class='ocr_line' id='line_1_102' title="bbox 461 5504 2048 5576; baseline 0.009 -15"><span class='ocrx_word' id='word_1_808' title='bbox 461 5504 792 5562; x_wconf 86' lang='lat' dir='ltr'><strong>substantias</strong></span> <span class='ocrx_word' id='word_1_809' title='bbox 820 5509 1112 5570; x_wconf 87' lang='lat' dir='ltr'><strong>rationales</strong></span> <span class='ocrx_word' id='word_1_810' title='bbox 1144 5514 1365 5574; x_wconf 86' lang='lat' dir='ltr'><strong>laudare</strong></span> <span class='ocrx_word' id='word_1_811' title='bbox 1395 5517 1684 5574; x_wconf 40' lang='lat' dir='ltr'><strong>Dominum.</strong></span> <span class='ocrx_word' id='word_1_812' title='bbox 1699 5517 1878 5574; x_wconf 89' lang='lat' dir='ltr'><strong>omnia</strong></span> <span class='ocrx_word' id='word_1_813' title='bbox 1900 5533 2048 5576; x_wconf 84' lang='lat' dir='ltr'><strong>com-</strong></span> 
     </span>
    </p>
   </div>
   <div class='ocr_carea' id='block_1_103' title="bbox 461 5609 770 5657">
    <p class='ocr_par' dir='ltr' id='par_1_103' title="bbox 461 5609 770 5657">
     <span class='ocr_line' id='line_1_103' title="bbox 461 5609 770 5657; baseline -0.003 -1"><span class='ocrx_word' id='word_1_814' title='bbox 461 5609 770 5657; x_wconf 88' lang='lat' dir='ltr'><strong>monentur.</strong></span> 
     </span>
    </p>
   </div>
   <div class='ocr_carea' id='block_1_104' title="bbox 536 5691 2038 5776">
    <p class='ocr_par' dir='ltr' id='par_1_104' title="bbox 536 5691 2038 5776">
     <span class='ocr_line' id='line_1_104' title="bbox 536 5691 2038 5776; baseline 0.009 -31"><span class='ocrx_word' id='word_1_815' title='bbox 536 5691 689 5748; x_wconf 84' lang='lat' dir='ltr'><strong>Vers.</strong></span> <span class='ocrx_word' id='word_1_816' title='bbox 720 5695 774 5753; x_wconf 80' lang='lat'><strong>5.</strong></span> <span class='ocrx_word' id='word_1_817' title='bbox 809 5695 1047 5754; x_wconf 79' lang='lat' dir='ltr'><strong>Laudent</strong></span> <span class='ocrx_word' id='word_1_818' title='bbox 1090 5716 1274 5757; x_wconf 88' lang='lat' dir='ltr'><strong>nomen</strong></span> <span class='ocrx_word' id='word_1_819' title='bbox 1303 5701 1560 5759; x_wconf 88' lang='lat' dir='ltr'><strong>Domini:</strong></span> <span class='ocrx_word' id='word_1_820' title='bbox 1587 5703 1710 5773; x_wconf 82' lang='lat' dir='ltr'><strong>quia</strong></span> <span class='ocrx_word' id='word_1_821' title='bbox 1738 5703 1845 5776; x_wconf 84' lang='lat' dir='ltr'><strong>ipse</strong></span> <span class='ocrx_word' id='word_1_822' title='bbox 1886 5704 2038 5774; x_wconf 70' lang='lat' dir='ltr'><strong>dixit,</strong></span> 
     </span>
    </p>
   </div>
   <div class='ocr_carea' id='block_1_105' title="bbox 429 5781 2039 5866">
    <p class='ocr_par' dir='ltr' id='par_1_105' title="bbox 429 5781 2039 5866">
     <span class='ocr_line' id='line_1_105' title="bbox 429 5781 2039 5866; baseline 0.011 -32"><span class='ocrx_word' id='word_1_823' title='bbox 429 5790 509 5836; x_wconf 75' lang='grc' dir='ltr'><strong>-ει</strong></span> <span class='ocrx_word' id='word_1_824' title='bbox 548 5781 688 5850; x_wconf 77' lang='lat' dir='ltr'><strong>[acta</strong></span> <span class='ocrx_word' id='word_1_825' title='bbox 713 5797 866 5853; x_wconf 70' lang='lat' dir='ltr'><strong>sunt;</strong></span> <span class='ocrx_word' id='word_1_826' title='bbox 916 5790 1024 5860; x_wconf 85' lang='lat' dir='ltr'><strong>ipse</strong></span> <span class='ocrx_word' id='word_1_827' title='bbox 1050 5793 1308 5846; x_wconf 86' lang='lat' dir='ltr'><strong>mandavit</strong></span> <span class='ocrx_word' id='word_1_828' title='bbox 1329 5833 1344 5859; x_wconf 92' lang='lat'><strong>,</strong></span> <span class='ocrx_word' id='word_1_829' title='bbox 1395 5804 1440 5845; x_wconf 86' lang='lat' dir='ltr'><strong>et</strong></span> <span class='ocrx_word' id='word_1_830' title='bbox 1468 5801 1638 5846; x_wconf 85' lang='lat' dir='ltr'><strong>creata</strong></span> <span class='ocrx_word' id='word_1_831' title='bbox 1679 5804 1820 5849; x_wconf 89' lang='lat' dir='ltr'><strong>sunt.</strong></span> <span class='ocrx_word' id='word_1_832' title='bbox 1847 5794 1903 5866; x_wconf 40' lang='lat' dir='ltr'><strong>,ln</strong></span> <span class='ocrx_word' id='word_1_833' title='bbox 1938 5796 2039 5852; x_wconf 90' lang='lat' dir='ltr'><strong>hoc</strong></span> 
     </span>
    </p>
   </div>
   <div class='ocr_carea' id='block_1_106' title="bbox 462 5878 2036 5954">
    <p class='ocr_par' dir='ltr' id='par_1_106' title="bbox 462 5878 2036 5954">
     <span class='ocr_line' id='line_1_106' title="bbox 462 5878 2036 5954; baseline 0.011 -25"><span class='ocrx_word' id='word_1_834' title='bbox 462 5888 630 5931; x_wconf 84' lang='lat' dir='ltr'><strong>versu</strong></span> <span class='ocrx_word' id='word_1_835' title='bbox 653 5890 719 5932; x_wconf 88' lang='lat' dir='ltr'><strong>ex</strong></span> <span class='ocrx_word' id='word_1_836' title='bbox 743 5878 991 5948; x_wconf 87' lang='lat' dir='ltr'><strong>operibus</strong></span> <span class='ocrx_word' id='word_1_837' title='bbox 1021 5883 1132 5938; x_wconf 89' lang='lat' dir='ltr'><strong>suis</strong></span> <span class='ocrx_word' id='word_1_838' title='bbox 1162 5882 1446 5938; x_wconf 90' lang='lat' dir='ltr'><strong>Dominum</strong></span> <span class='ocrx_word' id='word_1_839' title='bbox 1492 5883 1728 5954; x_wconf 80' lang='lat' dir='ltr'><strong>praecipit</strong></span> <span class='ocrx_word' id='word_1_840' title='bbox 1766 5899 1886 5943; x_wconf 90' lang='lat' dir='ltr'><strong>esse</strong></span> <span class='ocrx_word' id='word_1_841' title='bbox 1917 5888 2036 5946; x_wconf 88' lang='lat' dir='ltr'><strong>lau-</strong></span> 
     </span>
    </p>
   </div>
   <div class='ocr_carea' id='block_1_107' title="bbox 2166 4677 3758 4751">
    <p class='ocr_par' dir='ltr' id='par_1_107' title="bbox 2166 4677 3758 4751">
     <span class='ocr_line' id='line_1_107' title="bbox 2166 4677 3758 4751; baseline -0.004 -16"><span class='ocrx_word' id='word_1_842' title='bbox 2166 4677 2267 4735; x_wconf 82' lang='lat' dir='ltr'><strong>sub</strong></span> <span class='ocrx_word' id='word_1_843' title='bbox 2290 4678 2460 4750; x_wconf 87' lang='lat' dir='ltr'><strong>ipsius</strong></span> <span class='ocrx_word' id='word_1_844' title='bbox 2499 4687 2764 4751; x_wconf 84' lang='lat' dir='ltr'><strong>potestate</strong></span> <span class='ocrx_word' id='word_1_845' title='bbox 2790 4694 2911 4737; x_wconf 87' lang='lat' dir='ltr'><strong>esse</strong></span> <span class='ocrx_word' id='word_1_846' title='bbox 2936 4690 3248 4738; x_wconf 88' lang='lat' dir='ltr'><strong>noscantur.</strong></span> <span class='ocrx_word' id='word_1_847' title='bbox 3275 4678 3554 4735; x_wconf 67' lang='lat' dir='ltr'><strong>Prata-ire</strong></span> <span class='ocrx_word' id='word_1_848' title='bbox 3580 4684 3758 4732; x_wconf 73' lang='lat' dir='ltr'><strong>autem</strong></span> 
     </span>
    </p>
   </div>
   <div class='ocr_carea' id='block_1_108' title="bbox 2165 4771 3758 4846">
    <p class='ocr_par' dir='ltr' id='par_1_108' title="bbox 2165 4771 3758 4846">
     <span class='ocr_line' id='line_1_108' title="bbox 2165 4771 3758 4846; baseline -0.002 -18"><span class='ocrx_word' id='word_1_849' title='bbox 2165 4785 2272 4828; x_wconf 88' lang='lat' dir='ltr'><strong>non</strong></span> <span class='ocrx_word' id='word_1_850' title='bbox 2301 4780 2500 4843; x_wconf 89' lang='lat' dir='ltr'><strong>potest,</strong></span> <span class='ocrx_word' id='word_1_851' title='bbox 2528 4773 2672 4845; x_wconf 90' lang='lat' dir='ltr'><strong>quod</strong></span> <span class='ocrx_word' id='word_1_852' title='bbox 2714 4775 3062 4846; x_wconf 88' lang='lat' dir='ltr'><strong>omnipotens</strong></span> <span class='ocrx_word' id='word_1_853' title='bbox 3112 4773 3324 4842; x_wconf 85' lang='lat' dir='ltr'><strong>statuit,</strong></span> <span class='ocrx_word' id='word_1_854' title='bbox 3351 4783 3409 4830; x_wconf 88' lang='lat' dir='ltr'><strong>et</strong></span> <span class='ocrx_word' id='word_1_855' title='bbox 3438 4771 3646 4828; x_wconf 83' lang='lat' dir='ltr'><strong>veritas</strong></span> <span class='ocrx_word' id='word_1_856' title='bbox 3672 4784 3758 4825; x_wconf 81' lang='lat' dir='ltr'><strong>re-</strong></span> 
     </span>
    </p>
   </div>
   <div class='ocr_carea' id='block_1_109' title="bbox 2163 4866 2429 4936">
    <p class='ocr_par' dir='ltr' id='par_1_109' title="bbox 2163 4866 2429 4936">
     <span class='ocr_line' id='line_1_109' title="bbox 2163 4866 2429 4936; baseline 0 -14"><span class='ocrx_word' id='word_1_857' title='bbox 2163 4866 2429 4936; x_wconf 80' lang='lat' dir='ltr'><strong>promisit.</strong></span> 
     </span>
    </p>
   </div>
   <div class='ocr_carea' id='block_1_110' title="bbox 2232 4957 3758 5028">
    <p class='ocr_par' dir='ltr' id='par_1_110' title="bbox 2232 4957 3758 5028">
     <span class='ocr_line' id='line_1_110' title="bbox 2232 4957 3758 5028; baseline -0.003 -15"><span class='ocrx_word' id='word_1_858' title='bbox 2232 4957 2390 5014; x_wconf 80' lang='lat' dir='ltr'><strong>Vers.</strong></span> <span class='ocrx_word' id='word_1_859' title='bbox 2420 4957 2474 5012; x_wconf 93' lang='lat'><strong>7.</strong></span> <span class='ocrx_word' id='word_1_860' title='bbox 2506 4957 2740 5013; x_wconf 89' lang='lat' dir='ltr'><strong>Laudate</strong></span> <span class='ocrx_word' id='word_1_861' title='bbox 2764 4957 3047 5014; x_wconf 88' lang='lat' dir='ltr'><strong>Dominum</strong></span> <span class='ocrx_word' id='word_1_862' title='bbox 3091 4959 3158 5014; x_wconf 89' lang='lat' dir='ltr'><strong>de</strong></span> <span class='ocrx_word' id='word_1_863' title='bbox 3195 4966 3355 5028; x_wconf 84' lang='lat' dir='ltr'><strong>terra,</strong></span> <span class='ocrx_word' id='word_1_864' title='bbox 3407 4957 3660 5014; x_wconf 73' lang='lat' dir='ltr'><strong>dracones</strong></span> <span class='ocrx_word' id='word_1_865' title='bbox 3707 4963 3758 5009; x_wconf 82' lang='lat' dir='ltr'><strong>et</strong></span> 
     </span>
    </p>
   </div>
   <div class='ocr_carea' id='block_1_111' title="bbox 2161 5049 3756 5123">
    <p class='ocr_par' dir='ltr' id='par_1_111' title="bbox 2161 5049 3756 5123">
     <span class='ocr_line' id='line_1_111' title="bbox 2161 5049 3756 5123; baseline -0.001 -18"><span class='ocrx_word' id='word_1_866' title='bbox 2161 5065 2335 5107; x_wconf 85' lang='lat' dir='ltr'><strong>omnes</strong></span> <span class='ocrx_word' id='word_1_867' title='bbox 2362 5051 2552 5123; x_wconf 83' lang='lat' dir='ltr'><strong>abyssi.</strong></span> <span class='ocrx_word' id='word_1_868' title='bbox 2589 5052 2842 5112; x_wconf 87' lang='lat' dir='ltr'><strong>Decursis</strong></span> <span class='ocrx_word' id='word_1_869' title='bbox 2886 5053 3200 5110; x_wconf 62' lang='lat' dir='ltr'><strong>caelestibus</strong></span> <span class='ocrx_word' id='word_1_870' title='bbox 3245 5049 3595 5117; x_wconf 81' lang='lat' dir='ltr'><strong>substantiis,</strong></span> <span class='ocrx_word' id='word_1_871' title='bbox 3627 5062 3756 5119; x_wconf 88' lang='lat' dir='ltr'><strong>pro-</strong></span> 
     </span>
    </p>
   </div>
   <div class='ocr_carea' id='block_1_112' title="bbox 2156 5144 3753 5216">
    <p class='ocr_par' dir='ltr' id='par_1_112' title="bbox 2156 5144 3753 5216">
     <span class='ocr_line' id='line_1_112' title="bbox 2156 5144 3753 5216; baseline -0.003 -14"><span class='ocrx_word' id='word_1_872' title='bbox 2156 5144 2316 5216; x_wconf 84' lang='lat' dir='ltr'><strong>pheta</strong></span> <span class='ocrx_word' id='word_1_873' title='bbox 2348 5145 2497 5202; x_wconf 90' lang='lat' dir='ltr'><strong>venit</strong></span> <span class='ocrx_word' id='word_1_874' title='bbox 2520 5147 2586 5202; x_wconf 90' lang='lat' dir='ltr'><strong>ad</strong></span> <span class='ocrx_word' id='word_1_875' title='bbox 2613 5146 2905 5203; x_wconf 87' lang='lat' dir='ltr'><strong>secundam</strong></span> <span class='ocrx_word' id='word_1_876' title='bbox 2960 5154 3187 5216; x_wconf 89' lang='lat' dir='ltr'><strong>partem,</strong></span> <span class='ocrx_word' id='word_1_877' title='bbox 3219 5146 3310 5202; x_wconf 92' lang='lat' dir='ltr'><strong>ubi</strong></span> <span class='ocrx_word' id='word_1_878' title='bbox 3338 5155 3554 5200; x_wconf 91' lang='lat' dir='ltr'><strong>terrena</strong></span> <span class='ocrx_word' id='word_1_879' title='bbox 3597 5157 3753 5198; x_wconf 84' lang='lat' dir='ltr'><strong>com-</strong></span> 
     </span>
    </p>
   </div>
   <div class='ocr_carea' id='block_1_113' title="bbox 2155 5235 3756 5307">
    <p class='ocr_par' dir='ltr' id='par_1_113' title="bbox 2155 5235 3756 5307">
     <span class='ocr_line' id='line_1_113' title="bbox 2155 5235 3756 5307; baseline -0.002 -11"><span class='ocrx_word' id='word_1_880' title='bbox 2155 5247 2362 5306; x_wconf 88' lang='lat' dir='ltr'><strong>monet,</strong></span> <span class='ocrx_word' id='word_1_881' title='bbox 2394 5239 2507 5296; x_wconf 87' lang='lat' dir='ltr'><strong>sive</strong></span> <span class='ocrx_word' id='word_1_882' title='bbox 2538 5239 2794 5307; x_wconf 89' lang='lat' dir='ltr'><strong>animata,</strong></span> <span class='ocrx_word' id='word_1_883' title='bbox 2825 5239 2939 5296; x_wconf 88' lang='lat' dir='ltr'><strong>sive</strong></span> <span class='ocrx_word' id='word_1_884' title='bbox 2983 5238 3298 5303; x_wconf 88' lang='lat' dir='ltr'><strong>inanimata,</strong></span> <span class='ocrx_word' id='word_1_885' title='bbox 3328 5247 3391 5293; x_wconf 91' lang='lat' dir='ltr'><strong>ut</strong></span> <span class='ocrx_word' id='word_1_886' title='bbox 3428 5235 3621 5293; x_wconf 88' lang='lat' dir='ltr'><strong>laudes</strong></span> <span class='ocrx_word' id='word_1_887' title='bbox 3645 5235 3756 5292; x_wconf 89' lang='lat' dir='ltr'><strong>Do-</strong></span> 
     </span>
    </p>
   </div>
   <div class='ocr_carea' id='block_1_114' title="bbox 2155 5325 3750 5404">
    <p class='ocr_par' dir='ltr' id='par_1_114' title="bbox 2155 5325 3750 5404">
     <span class='ocr_line' id='line_1_114' title="bbox 2155 5325 3750 5404; baseline -0.004 -16"><span class='ocrx_word' id='word_1_888' title='bbox 2155 5333 2286 5389; x_wconf 91' lang='lat' dir='ltr'><strong>mini</strong></span> <span class='ocrx_word' id='word_1_889' title='bbox 2317 5346 2413 5404; x_wconf 90' lang='lat' dir='ltr'><strong>per</strong></span> <span class='ocrx_word' id='word_1_890' title='bbox 2443 5339 2663 5388; x_wconf 89' lang='lat' dir='ltr'><strong>naturas</strong></span> <span class='ocrx_word' id='word_1_891' title='bbox 2707 5331 3132 5402; x_wconf 90' lang='lat' dir='ltr'><strong>sapientissimas</strong></span> <span class='ocrx_word' id='word_1_892' title='bbox 3181 5329 3419 5386; x_wconf 88' lang='lat' dir='ltr'><strong>debeant</strong></span> <span class='ocrx_word' id='word_1_893' title='bbox 3443 5325 3750 5395; x_wconf 83' lang='lat' dir='ltr'><strong>explicare.</strong></span> 
     </span>
    </p>
   </div>
   <div class='ocr_carea' id='block_1_115' title="bbox 2157 5421 3753 5498">
    <p class='ocr_par' dir='ltr' id='par_1_115' title="bbox 2157 5421 3753 5498">
     <span class='ocr_line' id='line_1_115' title="bbox 2157 5421 3753 5498; baseline -0.001 -18"><span class='ocrx_word' id='word_1_894' title='bbox 2157 5427 2329 5482; x_wconf 86' lang='lat' dir='ltr'><strong>Draco</strong></span> <span class='ocrx_word' id='word_1_895' title='bbox 2353 5437 2439 5483; x_wconf 89' lang='lat' dir='ltr'><strong>est</strong></span> <span class='ocrx_word' id='word_1_896' title='bbox 2464 5427 2667 5483; x_wconf 89' lang='lat' dir='ltr'><strong>sulcata</strong></span> <span class='ocrx_word' id='word_1_897' title='bbox 2690 5425 2952 5497; x_wconf 88' lang='lat' dir='ltr'><strong>squamis,</strong></span> <span class='ocrx_word' id='word_1_898' title='bbox 2973 5427 3024 5480; x_wconf 95' lang='lat' dir='ltr'><strong>in</strong></span> <span class='ocrx_word' id='word_1_899' title='bbox 3043 5423 3210 5498; x_wconf 58' lang='lat'><strong>598</strong></span> <span class='ocrx_word' id='word_1_900' title='bbox 3229 5423 3448 5480; x_wconf 90' lang='lat' dir='ltr'><strong>modum</strong></span> <span class='ocrx_word' id='word_1_901' title='bbox 3473 5421 3753 5494; x_wconf 90' lang='lat' dir='ltr'><strong>serpentis</strong></span> 
     </span>
    </p>
   </div>
   <div class='ocr_carea' id='block_1_116' title="bbox 2158 5513 3749 5591">
    <p class='ocr_par' dir='ltr' id='par_1_116' title="bbox 2158 5513 3749 5591">
     <span class='ocr_line' id='line_1_116' title="bbox 2158 5513 3749 5591; baseline -0.003 -17"><span class='ocrx_word' id='word_1_902' title='bbox 2158 5520 2415 5591; x_wconf 89' lang='lat' dir='ltr'><strong>producta</strong></span> <span class='ocrx_word' id='word_1_903' title='bbox 2453 5520 2613 5576; x_wconf 89' lang='lat' dir='ltr'><strong>nimis</strong></span> <span class='ocrx_word' id='word_1_904' title='bbox 2657 5532 2919 5588; x_wconf 88' lang='lat' dir='ltr'><strong>corporea</strong></span> <span class='ocrx_word' id='word_1_905' title='bbox 2967 5517 3318 5587; x_wconf 86' lang='lat' dir='ltr'><strong>magnitudo,</strong></span> <span class='ocrx_word' id='word_1_906' title='bbox 3370 5515 3461 5586; x_wconf 91' lang='lat' dir='ltr'><strong>qui</strong></span> <span class='ocrx_word' id='word_1_907' title='bbox 3506 5513 3749 5570; x_wconf 85' lang='lat' dir='ltr'><strong>naturali</strong></span> 
     </span>
    </p>
   </div>
   <div class='ocr_carea' id='block_1_117' title="bbox 2159 5607 3745 5678">
    <p class='ocr_par' dir='ltr' id='par_1_117' title="bbox 2159 5607 3745 5678">
     <span class='ocr_line' id='line_1_117' title="bbox 2159 5607 3745 5678; baseline -0.003 -12"><span class='ocrx_word' id='word_1_908' title='bbox 2159 5612 2371 5669; x_wconf 89' lang='lat' dir='ltr'><strong>fervore</strong></span> <span class='ocrx_word' id='word_1_909' title='bbox 2399 5625 2717 5674; x_wconf 85' lang='lat' dir='ltr'><strong>succensus,</strong></span> <span class='ocrx_word' id='word_1_910' title='bbox 2749 5610 2801 5665; x_wconf 92' lang='lat' dir='ltr'><strong>in</strong></span> <span class='ocrx_word' id='word_1_911' title='bbox 2831 5610 3128 5666; x_wconf 89' lang='lat' dir='ltr'><strong>remedium</strong></span> <span class='ocrx_word' id='word_1_912' title='bbox 3173 5610 3593 5678; x_wconf 89' lang='lat' dir='ltr'><strong>temperamenti</strong></span> <span class='ocrx_word' id='word_1_913' title='bbox 3631 5607 3745 5674; x_wconf 87' lang='lat' dir='ltr'><strong>sui,</strong></span> 
     </span>
    </p>
   </div>
   <div class='ocr_carea' id='block_1_118' title="bbox 2153 5697 3748 5774">
    <p class='ocr_par' dir='ltr' id='par_1_118' title="bbox 2153 5697 3748 5774">
     <span class='ocr_line' id='line_1_118' title="bbox 2153 5697 3748 5774; baseline -0.004 -14"><span class='ocrx_word' id='word_1_914' title='bbox 2153 5705 2371 5774; x_wconf 88' lang='lat' dir='ltr'><strong>aquosis</strong></span> <span class='ocrx_word' id='word_1_915' title='bbox 2398 5704 2669 5774; x_wconf 86' lang='lat' dir='ltr'><strong>speluncis</strong></span> <span class='ocrx_word' id='word_1_916' title='bbox 2695 5701 2976 5758; x_wconf 88' lang='lat' dir='ltr'><strong>inhabitat.</strong></span> <span class='ocrx_word' id='word_1_917' title='bbox 3008 5701 3110 5768; x_wconf 87' lang='lat' dir='ltr'><strong>Qui</strong></span> <span class='ocrx_word' id='word_1_918' title='bbox 3136 5717 3242 5757; x_wconf 90' lang='lat' dir='ltr'><strong>non</strong></span> <span class='ocrx_word' id='word_1_919' title='bbox 3269 5700 3416 5756; x_wconf 87' lang='lat' dir='ltr'><strong>lmmi</strong></span> <span class='ocrx_word' id='word_1_920' title='bbox 3449 5700 3623 5770; x_wconf 81' lang='lat' dir='ltr'><strong>repit,</strong></span> <span class='ocrx_word' id='word_1_921' title='bbox 3645 5697 3748 5754; x_wconf 85' lang='lat' dir='ltr'><strong>sed</strong></span> 
     </span>
    </p>
   </div>
   <div class='ocr_carea' id='block_1_119' title="bbox 2153 5791 3747 5865">
    <p class='ocr_par' dir='ltr' id='par_1_119' title="bbox 2153 5791 3747 5865">
     <span class='ocr_line' id='line_1_119' title="bbox 2153 5791 3747 5865; baseline -0.005 -13"><span class='ocrx_word' id='word_1_922' title='bbox 2153 5813 2274 5852; x_wconf 89' lang='lat' dir='ltr'><strong>cum</strong></span> <span class='ocrx_word' id='word_1_923' title='bbox 2298 5797 2502 5851; x_wconf 91' lang='lat' dir='ltr'><strong>moveri</strong></span> <span class='ocrx_word' id='word_1_924' title='bbox 2527 5794 2810 5865; x_wconf 85' lang='lat' dir='ltr'><strong>placuerit,</strong></span> <span class='ocrx_word' id='word_1_925' title='bbox 2841 5794 3070 5849; x_wconf 89' lang='lat' dir='ltr'><strong>volitare</strong></span> <span class='ocrx_word' id='word_1_926' title='bbox 3093 5801 3360 5848; x_wconf 88' lang='lat' dir='ltr'><strong>narratur.</strong></span> <span class='ocrx_word' id='word_1_927' title='bbox 3391 5791 3529 5846; x_wconf 85' lang='lat' dir='ltr'><strong>Huic</strong></span> <span class='ocrx_word' id='word_1_928' title='bbox 3551 5799 3747 5858; x_wconf 87' lang='lat' dir='ltr'><strong>ruptus</strong></span> 
     </span>
    </p>
   </div>
   <div class='ocr_carea' id='block_1_120' title="bbox 2151 5881 3748 5964">
    <p class='ocr_par' dir='ltr' id='par_1_120' title="bbox 2151 5881 3748 5964">
     <span class='ocr_line' id='line_1_120' title="bbox 2151 5881 3748 5964; baseline 0.001 -23"><span class='ocrx_word' id='word_1_929' title='bbox 2151 5887 2293 5964; x_wconf 86' lang='lat' dir='ltr'><strong>[mss.</strong></span> <span class='ocrx_word' id='word_1_930' title='bbox 2331 5890 2417 5956; x_wconf 81' lang='grc' dir='ltr'><strong>Λ.,</strong></span> <span class='ocrx_word' id='word_1_931' title='bbox 2452 5886 2544 5959; x_wconf 88' lang='lat' dir='ltr'><strong>B.,</strong></span> <span class='ocrx_word' id='word_1_932' title='bbox 2573 5881 2782 5958; x_wconf 87' lang='lat' dir='ltr'><strong>raptus]</strong></span> <span class='ocrx_word' id='word_1_933' title='bbox 2813 5885 3034 5956; x_wconf 88' lang='lat' dir='ltr'><strong>elephas</strong></span> <span class='ocrx_word' id='word_1_934' title='bbox 3067 5885 3220 5944; x_wconf 90' lang='lat' dir='ltr'><strong>cibus</strong></span> <span class='ocrx_word' id='word_1_935' title='bbox 3251 5893 3355 5956; x_wconf 84' lang='lat' dir='ltr'><strong>est,</strong></span> <span class='ocrx_word' id='word_1_936' title='bbox 3398 5882 3492 5956; x_wconf 89' lang='lat' dir='ltr'><strong>qui</strong></span> <span class='ocrx_word' id='word_1_937' title='bbox 3539 5883 3748 5942; x_wconf 81' lang='lat' dir='ltr'><strong>virtute</strong></span> 
     </span>
    </p>
   </div>
  </div>
