4114 6362
310 299 454 360 1045

1203 294 1571 355 EXPOSI’I‘IO
1608 295 1677 353 IN
1716 291 2172 354 PSALTERIUM.
2216 293 2413 353 PSAL.
2455 294 2732 353 CXLVIII.

3456 301 3479 353 1
3490 298 3595 355 046

313 410 548 471 mirabili
580 410 807 469 nexibus
829 410 943 468 suis
972 409 1045 467 ita
1077 410 1375 491 ingentium
1404 409 1705 467 belluarum
1735 423 1906 465 mem-
1933 410 1987 472 Α
2013 419 2218 466 terram.
2245 409 2311 466 Et
2354 408 2443 466 hic
2472 426 2687 483 quoque
2730 409 2879 466 locus
2908 424 2975 467 ex
3008 411 3401 483 magniﬁcentia
3432 406 3601 485 ipsius

313 508 411 568 bra
439 498 782 577 constringit,
815 513 874 562 ut
902 505 986 563 eis
1016 500 1270 577 spiritum
1294 505 1512 561 vitalem
1530 505 1679 560 velut
1709 503 1908 560 muscis

314 603 528 672 eripiat.
558 600 890 672 Abyssorum
912 613 1066 666 vero,
1098 598 1154 655 id
1181 608 1266 654 est
1292 597 1625 653 marinorum
1649 594 1907 652 (luctuum

316 692 658 750 considerata
704 690 1068 761 profunditas,
1098 691 1381 747 universos
1412 688 1576 745 debet
1618 688 1910 744 rationales

320 786 387 842 ad
418 785 603 841 laudes
626 784 837 840 Domini
867 784 1162 841 concitare.
1191 782 1260 839 Et
1311 781 1523 853 reSpice
1548 782 1793 838 ordinem
1828 780 1911 837 di-

318 878 515 936 ctionis
542 896 559 935 :
587 878 713 948 quia
742 890 909 933 unam
949 876 1304 934 substantiam
1339 876 1409 931 de
1433 873 1802 939 sensibiﬁbus,
1834 872 1913 928 a1-

322 984 491 1032 teram
538 973 606 1030 de
636 972 1043 1029 insensibilibns
1089 972 1288 1043 posuit,
1336 979 1397 1025 ut
1428 968 1686 1025 Dominus
1717 968 1915 1023 debeat

336 1066 576 1125 omnium
605 1074 976 1122 creaturarum
1009 1066 1209 1122 virtute
1248 1063 1477 1120 laudari.
1516 1061 1624 1119 Sed
1660 1062 1913 1133 quoniam

322 1160 642 1217 auctoritate
670 1160 886 1216 Patrum
914 1159 1149 1216 diximus
1192 1160 1333 1215 hunc
1364 1156 1628 1229 psalmum
1656 1157 1915 1229 hymnum

324 1270 448 1313 esse
469 1255 772 1321 beatorum,
797 1255 888 1325 qui
914 1265 1036 1325 post
1065 1252 1227 1324 huius
1254 1252 1440 1309 saeculi
1461 1250 1914 1323 permutationem

325 1355 615 1404 cantatur:
646 1348 913 1403 dracones
951 1354 1006 1403 et
1036 1347 1262 1419 abyssos
1311 1360 1573 1416 personas
1620 1344 1708 1399 hic
1736 1351 1918 1398 trucu-

325 1441 499 1498 lentas
542 1448 597 1498 et
644 1440 849 1498 validas
877 1440 1139 1497 debemus
1188 1438 1459 1509 accipere,
1497 1451 1620 1508 quae
1657 1435 1743 1491 hic
1785 1449 1919 1491 eon-

327 1549 500 1591 versae
524 1578 539 1603 ,
581 1534 635 1591 in
681 1534 773 1592 illa
812 1536 986 1607 patria
1020 1532 1307 1591 dominicis
1350 1530 1599 1589 laudibus
1646 1530 1918 1586 honoran-

328 1634 436 1684 tur.

400 1722 554 1777 Vers.
588 1716 642 1779 8.
679 1721 849 1795 Ignis,
883 1721 1103 1794 grando,
1149 1721 1259 1786 nix,
1312 1720 1523 1793 glacies,
1555 1718 1763 1790 spiritus
1803 1732 1921 1789 pro-

330 1814 601 1880 cellarum,
623 1832 737 1886 quae
759 1815 957 1887 faciunt
975 1815 1180 1869 verbum
1209 1815 1339 1887 ejus.
1367 1810 1529 1883 Ignis,
1555 1810 1782 1882 grando,
1805 1810 1922 1876 nix,

330 1906 531 1978 glacies
560 1922 657 1978 per
684 1906 999 1977 allegoriam
1049 1906 1211 1978 (sicut
1259 1904 1463 1959 dictum
1516 1902 1623 1973 est)
1674 1900 1924 1957 homines

332 1996 650 2068 signiﬁcant,
678 1999 765 2068 qui
801 1999 855 2054 in
887 1999 992 2054 hoc
1017 1997 1217 2053 szeculo
1246 2010 1318 2052 ex
1360 1993 1686 2051 turbulentis
1714 2002 1769 2049 et
1796 2007 1923 2065 pes-

332 2091 484 2146 simis
515 2090 581 2146 ad
615 2089 920 2146 devotionis
966 2088 1407 2161 tranquillissima
1448 2085 1623 2142 studia
1657 2100 1923 2157 pervene-

333 2192 480 2238 runt.
532 2182 776 2252 Denique
804 2182 926 2238 vide
964 2180 1091 2251 quid
1132 2182 1399 2251 sequitur,
1433 2180 1644 2253 spiritus
1674 2178 1929 2245 procella-

332 2289 472 2340 rum,
516 2274 603 2342 qui
647 2274 846 2345 faciunt
895 2273 1101 2327 uerbum
1136 2274 1268 2341 eius.
1320 2271 1424 2340 Qui
1470 2271 1676 2328 faciunt
1702 2272 1930 2328 verbum

335 2362 485 2434 ejus,
521 2362 625 2418 nisi
653 2363 746 2434 qui
776 2379 844 2419 ex
875 2364 1263 2433 tempestuosis
1310 2372 1366 2417 et
1407 2361 1669 2433 improbis
1710 2362 1778 2418 ad
1802 2376 1932 2418 con-

336 2446 581 2510 fessionis
612 2454 781 2525 ipsius
803 2456 1030 2528 gratiam
1062 2454 1253 2511 venire
1280 2453 1638 2511 meruerunt?

414 2548 566 2604 Vers.
595 2548 651 2605 9.
677 2549 879 2606 Montes
908 2559 954 2606 et
979 2566 1153 2606 omnes
1198 2548 1375 2616 colles,
1403 2550 1545 2623 ligna
1587 2552 1861 2625 fructifera
1887 2559 1934 2606 et

341 2655 514 2694 omnes
540 2641 701 2694 cedri.

414 2730 566 2786 Vers.
599 2731 686 2787 10.
730 2730 918 2787 Bestia:
957 2741 1004 2787 et
1057 2734 1293 2789 universa
1337 2749 1545 2802 pecora,
1592 2742 1845 2802 serpentes
1891 2742 1938 2788 et

339 2826 572 2882 uolucres
607 2837 863 2899 pennatus.
896 2828 1099 2884 Montes
1125 2830 1431 2902 signiﬁcant
1461 2831 1708 2886 homines
1737 2838 1937 2900 prtetu-

342 2919 489 2975 mida
519 2929 788 2989 potestate
818 2923 1111 2989 sublimes;
1160 2923 1338 2992 colles,
1370 2924 1673 2981 mediocres
1720 2924 1941 2995 aequali-

2012 510 2068 557 et
2094 500 2464 571 singularitate
2496 502 2838 572 praedicatur.
2870 500 3003 559 Nam
3033 515 3156 559 cum
3211 504 3445 575 dicatae,
3477 508 3605 577 quia

2012 596 2293 651 exaltatum
2319 607 2393 653 est
2438 614 2619 652 nomen
2646 599 2758 669 ejus
2786 596 2980 665 solius;
3009 598 3265 669 confessio
3305 603 3423 672 ejus
3450 610 3606 675 super

2013 688 2196 743 aceturn
2221 698 2272 743 et
2316 698 2527 754 terrane,
2556 689 2676 746 sine
2713 688 2876 744 dubio
2904 690 3307 761 magniﬁcentia
3336 692 3508 762 ipsius
3547 692 3603 748 in

2012 788 2129 837 toto
2156 782 2290 838 orbe
2324 780 2653 839 declaratur.
2687 780 2797 839 Sed
2819 796 2989 853 usque
3010 782 3079 838 ad
3109 782 3248 839 hanc
3275 784 3605 841 sententiam

2014 875 2295 944 superiora
2324 887 2588 945 suspensa
2611 882 2761 946 sunt,
2790 884 2851 931 ut
2876 875 3061 933 laudet
3103 876 3395 933 Dominum
3441 891 3610 947 popu-

2017 965 2100 1023 lus
2129 966 2323 1035 ﬁdelis,
2352 966 2405 1021 in
2434 966 2522 1022 illa
2552 967 2761 1024 scilicet
2792 968 2961 1038 patria
2988 968 3345 1037 constitutus,
3375 968 3467 1039 qui
3494 967 3608 1039 jam

2017 1068 2360 1129 peccatorum
2422 1060 2671 1116 noscitur
2720 1060 2949 1117 nexibus
3003 1061 3304 1119 absolutus.
3360 1060 3614 1131 Sequitur

2017 1166 2177 1208 causa
2212 1153 2511 1225 justissima
2562 1167 2731 1224 quare
2759 1153 3018 1209 Dominus
3068 1152 3262 1209 debeat
3304 1153 3613 1226 praedicari,

2021 1248 2206 1319 utique
2231 1248 2351 1317 quia
2383 1247 2665 1302 exaltatum
2710 1256 2782 1302 est
2824 1263 3011 1303 nomen
3047 1248 3156 1318 ejus
3185 1247 3367 1303 solius.
3406 1246 3619 1309 Exulta-

2022 1352 2135 1396 tum
2162 1350 2233 1396 est
2255 1342 2473 1412 quippe,
2499 1340 2624 1396 dum
2656 1341 2751 1408 illi,
2780 1341 2922 1396 sicut
2949 1339 3081 1395 dicit
3111 1339 3425 1413 Apostolus,
3456 1338 3620 1394 Omne

2022 1450 2154 1505 genu
2209 1434 2435 1504 flectitur
2484 1434 2793 1503 caelestium,
2843 1436 3155 1490 terrestrium
3206 1444 3255 1492 et
3301 1436 3621 1507 infernarum

2024 1523 2255 1598 (Philip.
2300 1542 2358 1593 ll,
2404 1526 2516 1597 10).
2553 1526 2783 1597 Adjecit,
2815 1528 3067 1596 confessio
3098 1531 3413 1603 ejusbsuper
3440 1526 3623 1583 emtum

2024 1626 2073 1674 et
2098 1627 2308 1674 terram.
2344 1618 2441 1674 Hic
2468 1619 2740 1676 confessio
2772 1619 2984 1676 laudem
3026 1620 3172 1676 illam
3215 1621 3480 1692 signiﬁcat
3505 1634 3625 1691 qua:

2026 1709 2104 1766 illi
2134 1719 2255 1781 post
2281 1710 2466 1767 saeculi
2490 1710 2642 1768 istius
2666 1711 3069 1768 innovationem
3093 1711 3162 1768 ab
3185 1712 3436 1769 omnibus
3458 1713 3625 1769 ratio-

1950 1808 2001 1870 B
2029 1805 2296 1863 nubilibus
2321 1805 2583 1861 creaturis
2605 1806 2927 1864 exsolvitur.
2956 1806 3130 1879 Super
3156 1809 3342 1863 ctutum
3363 1815 3410 1861 et
3436 1814 3629 1861 terram

2030 1898 2185 1966 dixit,
2210 1898 2335 1969 quia
2367 1912 2468 1953 nec
2494 1898 2742 1955 coelestia
2770 1914 2871 1973 nec
2901 1908 3116 1958 terrena
3146 1901 3253 1957 illis
3282 1897 3629 1973 praedicatio-

2028 1990 2186 2048 uibus
2212 1999 2436 2061 possunt
2459 1992 2684 2062 mqualia
2708 1992 2963 2064 reperiri.

2103 2082 2261 2141 Vers.
2295 2083 2384 2140 14.
2425 2085 2492 2139 Et
2540 2086 2786 2141 exaltabit
2832 2103 2995 2142 cornu
3038 2088 3219 2161 papuli
3263 2087 3382 2153 sui;
3411 2088 3633 2160 hymnus

2032 2179 2265 2236 omnibus
2294 2179 2488 2234 sanctis
2536 2182 2647 2252 ejus
2670 2195 2691 2235 .'
2719 2180 2842 2251 ﬁliis
2883 2180 3074 2249 Israel,
3105 2180 3635 2254 populo-appropin-

2032 2272 2215 2344 quanti
2240 2272 2358 2329 sibi.
2391 2271 2492 2328 ilic
2520 2287 2589 2328 ex
2628 2275 2913 2330 sanctitate
2946 2274 3159 2330 Domini
3209 2274 3440 2345 hymnus
3468 2272 3636 2329 abso-

2034 2364 2147 2422 lute
2168 2364 2531 2435 profunditur.
2559 2366 2695 2423 Nam
2721 2381 2845 2424 cum
2874 2366 3004 2423 dicit
3029 2386 3041 2421 :
3072 2366 3341 2423 Eccaltabit
3370 2382 3532 2422 cornu
3551 2383 3639 2438 po‘

2034 2457 2148 2531 puli
2190 2458 2272 2513 sui
2289 2473 2309 2525 ;
2338 2456 2559 2529 hymnus
2603 2461 2837 2515 ontnibus
2881 2460 3071 2525 sanctis
3100 2462 3213 2533 ejus
3240 2476 3259 2515 :
3287 2460 3411 2531 ﬁliis
3443 2458 3635 2527 Israel,

2037 2552 2230 2621 populo
2258 2552 2697 2625 appropinquanti
2725 2553 2842 2622 sibi,
2877 2554 2995 2611 sine
3026 2553 3188 2621 dubio
3216 2552 3477 2610 sanctitas
3520 2552 3633 2610 Do-

2039 2642 2170 2699 mini
2198 2659 2533 2716 muneraque
2576 2646 2891 2715 laudantur,
2919 2646 3010 2719 qui
3057 2657 3274 2706 sanctos
3303 2663 3433 2705 suos
3465 2646 3637 2717 parti-

2039 2739 2311 2811 cipatione
2375 2742 2461 2797 sui
2522 2743 2765 2800 muneris
2818 2744 3122 2814 gloriﬁcare
3179 2743 3509 2816 dignabitur.
3573 2740 3640 2798 Et

2041 2847 2202 2888 cornu
2251 2848 2348 2901 pro
2390 2842 2662 2903 potestate
2714 2834 2973 2906 positum,
3024 2850 3169 2906 saepe
3215 2836 3349 2906 jam.
3380 2833 3634 2902 diximus,

2040 2924 2189 2997 quod
2216 2924 2304 2981 hic
2325 2924 2665 2983 bumiliatum
2695 2936 2778 2983 est
2807 2937 3027 2998 propter
3053 2924 3376 2982 alflictiones
3399 2934 3456 2982 et
3489 2923 3644 2981 dolo-

343 3018 455 3066 tate
485 3018 814 3080 tractantes;
848 3014 989 3087 ligna
1038 3014 1331 3085 fructifera,
1362 3016 1451 3087 qui
1480 3031 1547 3071 ex
1576 3016 1776 3072 duritia
1819 3032 1943 3087 pec—
2045 3033 2155 3087 res,
2177 3033 2314 3090 quos
2344 3018 2544 3089 patitur
2569 3021 2801 3091 p0pulus
2830 3019 3040 3087 ﬁdelis;
3065 3020 3140 3076 ibi
3171 3028 3351 3075 autem
3391 3016 3643 3073 exaltabi-

344 3113 589 3161 catorum
617 3108 885 3176 conversi,
928 3110 1131 3164 fructus
1179 3124 1389 3165 morum
1438 3110 1671 3167 intulere
1696 3108 1944 3166 dulcissi—
2046 3118 2153 3177 tur,
2186 3110 2279 3167 ubi
2308 3112 2484 3168 omnis
2510 3112 2679 3183 gloria
2709 3111 2989 3168 manifesta
3033 3120 3318 3181 praestatur
3344 3126 3360 3164 :
3384 3109 3637 3180 primum,

344 3211 483 3252 mos.
520 3195 691 3266 Cedri,
719 3197 969 3255 absolute
1011 3200 1276 3271 superbos
1314 3202 1621 3273 signiﬁcant
1648 3210 1705 3259 et
1734 3202 1941 3271 elatos;
1973 3196 2023 3262 C
2052 3204 2175 3275 quia
2202 3204 2482 3261 dexteram
2511 3214 2818 3271 merentur;
2851 3205 3052 3262 deinde
3080 3218 3200 3261 cum
3234 3202 3462 3259 Domino
3501 3201 3645 3273 judi-

347 3290 546 3360 oestite,
579 3289 830 3347 crudeles
862 3300 1027 3363 atque
1078 3292 1404 3360 indomitos;
1454 3294 1691 3350 universa
1734 3311 1942 3367 pecora,
2048 3297 2282 3363 cabunt;
2316 3298 2569 3363 tertio,in
2595 3306 2851 3359 teternam
2876 3313 3061 3369 pacem
3082 3296 3443 3370 gaudiumque
3470 3305 3647 3352 trans-

345 3396 689 3441 communem
731 3386 942 3442 scilicet
985 3396 1039 3442 et
1080 3387 1343 3443 inlinitam
1377 3388 1612 3458 plebem.
1645 3389 1943 3461 Serpentes,
2049 3391 2232 3458 ibunt;
2274 3398 2333 3447 ut
2381 3390 2577 3448 merito
2629 3391 2852 3448 exaltati
2899 3392 3173 3456 dicantur,
3226 3391 3319 3461 qui
3376 3403 3546 3458 usque
3578 3385 3649 3442 ad
3718 3370 3729 3379 ’

347 3488 650 3532 venenosos
676 3476 805 3533 dicit
841 3484 899 3534 et
938 3477 1191 3534 callidos.
1233 3476 1480 3534 Volucres
1510 3490 1745 3551 pennata:
1774 3478 1949 3551 philo-

347 3568 551 3640 sophos
588 3570 913 3642 signiﬁcant,
942 3572 1035 3643 qui
1077 3572 1466 3643 cogitationum
1495 3588 1715 3631 suarum
1744 3575 1948 3632 veloci-

350 3669 463 3717 tate
484 3670 705 3717 naturas
731 3676 912 3718 rerum
934 3662 1244 3721 discurrere
1269 3675 1622 3722 consuerunt.
1649 3666 1729 3723 De
1756 3668 1950 3738 quibus

351 3757 606 3815 omnibus
654 3757 944 3829 generibus
993 3758 1273 3815 hominum
1320 3759 1571 3817 Christus
1597 3760 1703 3818 sibi
1748 3762 1951 3818 electos

355 3857 530 3920 parat,
562 3850 652 3920 qui
682 3850 737 3905 in
785 3849 881 3905 illa
919 3849 1323 3908 resurrectione
1372 3851 1692 3923 angelorum
1738 3852 1952 3923 possint

354 3942 586 3998 cmtibus
611 3942 907 4013 aggregari.
984 3934 995 3945 ’

320 4090 328 4127 ι
430 4034 590 4090 Vers.
622 4034 709 4089 11.
738 4033 905 4104 Reges
930 4043 1080 4090 terra
1104 4043 1153 4091 et
1187 4050 1362 4092 omnes
1402 4035 1604 4106 populi,
1626 4035 1881 4107 principes
1907 4043 1954 4090 et

358 4140 533 4180 omnes
546 4126 752 4207 judices
779 4135 948 4182 terrae.

304 4402 322 4445 )

300 4448 326 4623 ἶ

429 4217 587 4273 Vers.
617 4201 708 4272 12.
739 4216 961 4274 quenes
981 4226 1030 4275 et
1058 4219 1303 4291 uirgines,
1332 4220 1556 4276 seniores
1578 4232 1693 4276 cum
1721 4220 1954 4292 juniori-

360 4312 472 4367 bus.
499 4312 663 4382 Reges
685 4321 938 4367 terrarum
970 4313 1283 4384 frequenter
1304 4314 1538 4371 diximus
1568 4325 1784 4371 sanctos
1811 4315 1957 4372 viros

360 4416 508 4468 esse,
533 4410 786 4474 regentes
826 4416 1053 4473 corpora
1080 4418 1205 4473 sua,
1228 4404 1321 4476 qui
1348 4406 1501 4461 carni
1530 4406 1764 4476 propriae
1790 4406 1958 4477 impe-

359 4501 564 4561 rantes,
587 4508 708 4550 eam
736 4506 842 4551 non
865 4496 1183 4566 permittunt
1209 4497 1497 4554 illecebras
1521 4512 1631 4554 suae
1659 4499 1958 4555 voluntatis

2047 3483 2221 3557 ipsius
2258 3484 2471 3542 Domini
2497 3485 3009 3557 contemplationem
3035 3484 3266 3541 mirabili
3290 3483 3410 3554 ejus
3448 3482 3647 3553 pietate

2053 3578 2393 3649 perveniunt.
2449 3577 2606 3647 Quod
2654 3588 2781 3636 tunc
2826 3578 2889 3634 ﬁt
2940 3577 3103 3652 (sicut
3150 3576 3288 3633 dicit
3335 3573 3650 3647 Apostolus)

2053 3687 2172 3727 cum
2213 3670 2486 3726 tradiderit
2526 3687 2744 3743 regnum
2791 3668 2902 3725 Deo
2950 3669 3125 3736 Patri,
3168 3684 3287 3725 cum
3339 3666 3654 3724 euacuauerit

2054 3780 2257 3820 omnem
2281 3765 2634 3837 principatum
2650 3806 2666 3832 ,
2689 3773 2739 3822 et
2758 3780 2962 3821 omnem
2986 3765 3312 3837 potestatem,
3343 3770 3393 3818 et
3413 3763 3653 3818 uirtutem

2057 3854 2115 3929 (Ῑ
2140 3857 2266 3914 Cor.
2292 3874 2384 3927 xv,
2418 3857 2538 3928 24).
2581 3858 2814 3929 Oportet
2858 3856 3003 3914 enim
3032 3872 3157 3914 eum
3189 3870 3439 3928 regnare,
3480 3854 3655 3909 donec

2054 3956 2223 4023 ponat
2271 3966 2463 4009 omnes
2492 3951 2743 4007 inimicos
2786 3951 2888 4006 sub
2928 3950 3154 4022 pedibus
3202 3948 3345 4020 ejus.
3373 3944 3651 4017 Sequitur,

2058 4044 2279 4115 hymnus
2304 4042 2538 4098 onmib'ns
2571 4044 2761 4098 sanctis
2786 4044 2920 4113 ejus.
2952 4041 3069 4097 Vox
3118 4042 3220 4095 ista
3263 4036 3550 4111 promissio
3571 4041 3655 4093 est

2058 4145 2114 4194 et
2161 4137 2322 4192 totius
2362 4134 2709 4193 beatitudinis
2753 4146 2963 4190 summa
3014 4130 3293 4204 perfectio.
3328 4129 3463 4188 Nam
3515 4126 3657 4201 quod

2059 4229 2414 4286 merebuntur
2445 4229 2655 4298 sancti,
2698 4228 2933 4299 hymnus
2962 4237 3047 4285 est
3070 4225 3309 4305 Domini,
3340 4238 3498 4295 quem
3530 4230 3656 4297 tunc

2070 4330 2272 4379 canunt
2300 4321 2519 4393 quando
2548 4330 2604 4378 et
2628 4329 2831 4394 aeterno
2856 4334 3081 4376 munere
3106 4316 3525 4375 coronabantur.
3549 4312 3657 4370 Isto

2062 4413 2207 4471 enim
2254 4422 2533 4485 percepto,
2578 4413 2801 4470 ulterius
2854 4411 2928 4468 nil
2976 4412 3237 4484 egebunt;
3275 4409 3372 4468 sed
3396 4408 3507 4465 illic
3555 4404 3657 4463 erit

2062 4505 2321 4578 quidquid
2347 4506 2509 4563 modo
2540 4521 2646 4563 non
2677 4508 2820 4563 valet
2861 4502 3239 4577 apprehendi:
3271 4516 3470 4558 manna
3492 4499 3657 4556 cccle-

360 4584 608 4653 implere.
645 4585 835 4643 Omnes
865 4588 1047 4659 populi
1072 4590 1260 4645 turbas
1296 4590 1586 4662 signiﬁcat,
1614 4607 1737 4662 quae
1761 4592 1827 4647 ad
1852 4591 1959 4649 Do-
1984 4591 2037 4653 D
2061 4599 2182 4665 stis,
2206 4597 2431 4655 satietas
2450 4594 2839 4666 infastidibilis,
2865 4593 3412 4667 incomprehensibile
3428 4592 3656 4659 donum,

361 4678 568 4732 minum
599 4693 889 4735 numerosa
915 4681 1076 4736 simul
1116 4682 1395 4738 voluntate
1422 4684 1773 4740 conveniunt.
1802 4682 1960 4739 Prin-

361 4771 527 4841 cipes,
559 4772 742 4829 saeculi
772 4782 1072 4844 potestates
1101 4776 1347 4832 excelsas
1377 4791 1487 4833 non
1514 4776 1829 4835 indecenter
1860 4779 1957 4834 ad-

363 4866 645 4921 vertimus.
674 4866 741 4920 Et
765 4874 824 4921 ut
844 4867 1058 4923 nobiles
1084 4868 1419 4940 intelligeres
1447 4884 1511 4927 ac
1540 4880 1808 4942 potentes,
1833 4872 1961 4930 vide

362 4956 493 5028 quid
521 4958 804 5029 sequitur:
830 4966 877 5014 et
901 4976 1074 5016 omnes
1109 4962 1316 5034 judices
1337 4971 1504 5019 terra.
1529 4964 1684 5033 Quod
1712 4966 1957 5036 frequen-

366 5056 450 5103 ter
476 5050 693 5107 evenire
735 5052 1105 5123 cognovimus,
1151 5061 1214 5109 ut
1238 5055 1422 5111 subito
1452 5058 1637 5113 mundi
1683 5066 1954 5135 potestate

365 5139 648 5211 derelicta,
677 5142 892 5200 Domini
939 5143 1165 5214 diligant
1211 5146 1397 5203 subire
1437 5148 1685 5205 servitia.
1733 5148 1957 5208 quenes

365 5233 518 5303 dicit,
563 5234 657 5306 qui
704 5236 881 5294 aetatis
925 5236 1111 5293 calore
1138 5237 1431 5307 ferventes,
1462 5239 1531 5296 ad
1562 5241 1842 5301 modestia
1893 5259 1957 5303 se

367 5335 795 5399 temperamenta
843 5338 1183 5386 convertunt.
1214 5328 1456 5390 Seninres
1502 5344 1622 5389 cum
1667 5336 1956 5405 iunioribus

367 5423 690 5491 permixtam
715 5421 979 5494 signiﬁcat
1006 5432 1217 5480 atatem
1247 5441 1262 5497 ς
1292 5425 1413 5497 quia
1441 5425 1511 5483 de
1536 5428 1685 5484 omni
1709 5443 1865 5498 sexu,
1888 5430 1957 5488 de

368 5517 517 5572 omni
549 5524 710 5573 aetate
738 5525 929 5587 potens
957 5524 1040 5574 est
1066 5517 1332 5575 Dominus
1360 5530 1589 5577 evocare
1615 5536 1753 5592 quos
1788 5524 1958 5595 eligit.

370 5607 532 5676 Nam,
561 5617 622 5665 ut
663 5610 778 5667 haec
818 5611 1001 5668 omnia
1048 5612 1115 5668 ad
1148 5612 1394 5671 homines
1420 5616 1689 5686 potuisses
1734 5618 1961 5689 referre,

369 5702 495 5759 vide
530 5702 656 5773 quid
690 5705 954 5775 sequitur.

442 5795 602 5852 Ἴθι-8.
631 5798 720 5853 15.
749 5797 985 5855 Laudent
1028 5816 1209 5858 nomen
1238 5800 1451 5858 Domini
1473 5819 1491 5858 :
1519 5804 1640 5874 quia
1681 5805 1965 5860 exaltatum

372 5893 457 5945 est
491 5900 675 5946 nomen
714 5892 828 5963 ejus
867 5890 1063 5959 solius;
1089 5896 1343 5967 confessio
1372 5897 1486 5969 ejus
1513 5911 1668 5969 super
1704 5896 1889 5955 cretum
1915 5904 1967 5956 et

2065 4691 2281 4749 assidue
2324 4692 2427 4749 hoc
2456 4707 2637 4763 agere,
2669 4698 2727 4748 et
2752 4692 2806 4746 in
2858 4706 2925 4746 eo
2965 4688 3146 4747 studio
3195 4700 3413 4758 semper
3441 4685 3653 4742 ardere.

2064 4784 2306 4857 Hymnus
2335 4793 2418 4841 est
2446 4799 2577 4855 ergo
2610 4792 2919 4841 sanctorum
2959 4792 3148 4839 cantus
3172 4782 3228 4839 in
3258 4782 3415 4839 laude
3446 4776 3659 4837 Domini

2063 4875 2414 4944 consumtus,
2447 4875 2533 4931 cui
2582 4863 2764 4932 anima
2803 4890 3109 4946 corpusque
3156 4872 3394 4946 perfecta
3423 4866 3658 4944 puritate

2065 4967 2354 5026 consentit.
2397 4967 2567 5038 Quem
2598 4968 2699 5025 etsi
2748 4966 2837 5025 hic
2863 4968 3027 5024 modo
3078 4966 3325 5024 videmur
3353 4965 3536 5023 dicere
3565 4980 3660 5022 cu-

2068 5061 2211 5135 pide,
2246 5068 2425 5117 tamen
2452 5076 2559 5116 non
2587 5056 2871 5131 possumus
2898 5057 3017 5116 sine
3044 5046 3346 5114 defectione
3367 5048 3654 5129 peragere.

2067 5155 2301 5229 Adiecit,
2335 5156 2461 5227 ﬁliis
2483 5152 2676 5224 Israel,
2700 5155 2894 5227 populo
2924 5152 3357 5226 apprOpinquanti
3379 5152 3497 5210 sibi.
3529 5150 3659 5222 Qui-

2067 5248 2170 5305 bus
2190 5248 2391 5305 sanctis
2421 5248 2655 5320 bymnus
2684 5246 2775 5304 ille
2804 5254 3110 5318 praestetur,
3132 5243 3384 5312 ostendit,
3409 5236 3533 5316 ﬁliis
3555 5243 3658 5302 uti-

2068 5355 2173 5413 que
2194 5337 2384 5407 Israel,
2407 5332 2501 5412 qui
2544 5354 2654 5395 non
2700 5338 2877 5395 solum
2924 5352 3143 5411 genere,
3183 5337 3278 5395 sed
3319 5335 3425 5394 ﬁde
3457 5332 3657 5394 nomen

2066 5433 2213 5491 istud
2251 5432 2451 5491 habere
2496 5432 2858 5490 declarantur.
2891 5431 3018 5490 Illos
3062 5432 3207 5489 enim
3235 5430 3502 5491 Israelitas
3530 5446 3659 5489 vere

2067 5524 2316 5593 dicimus,
2338 5526 2430 5597 qui
2450 5534 2601 5583 recte
2624 5526 2916 5595 credendo,
2941 5523 3119 5582 cordis
3141 5523 3343 5583 lumine
3368 5521 3656 5599 Dominum

2070 5618 2342 5690 respicere
2370 5627 2705 5676 meruerunt.
2731 5618 2871 5676 Sunt
2892 5617 3035 5676 enim
3067 5617 3347 5688 Israelita,
3376 5616 3469 5689 qui
3498 5631 3653 5672 man-

2070 5713 2320 5770 datorum
2364 5714 2673 5772 obedientia
2714 5713 2930 5772 Christo
2958 5715 3188 5773 Domino
3223 5712 3656 5784 appropinquare

2071 5816 2477 5874 monstrantur;
2509 5806 2589 5863 illi
2619 5807 2763 5864 enim
2792 5811 2862 5866 ab
2900 5806 3019 5880 ipso
3048 5809 3206 5879 longe
3249 5815 3375 5862 sunt
3404 5806 3495 5876 qui
3537 5798 3656 5874 ejus

2066 5897 2217 5975 iussa
2242 5913 2353 5961 non
2382 5898 2605 5963 faciunt.
2629 5899 2797 5964 Nemo
2821 5896 2951 5973 ergo
2974 5901 3051 5961 illi
3082 5899 3385 5972 proximus,
3425 5898 3530 5961 nisi
3557 5894 3651 5970 qui
