4114 6362
26 4776 29 4977 l

26 5924 29 6044 l

521 397 659 455 1047

1714 379 1782 436 Μ.
1823 372 2103 435 AURELII
2141 364 2542 428 CASSIODORI

3641 354 3791 412 10L8

521 519 579 568 et
606 509 905 569 membrum
936 508 1104 580 ipsius
1125 511 1228 564 est.
1253 499 1552 561 Membrum
1578 495 1720 554 enim
1748 509 1782 550 ι
1805 491 1981 563 capite
2001 504 2100 549 suo
2128 530 2136 547 .

2238 480 2533 539 :onstruxit.
2576 474 2844 541 Secunda,
2887 470 3080 545 gaudia
3108 478 3416 528 sanctorum
3452 467 3795 537 virtutesque

523 600 696 658 nescit
715 615 838 657 esse
864 608 1187 669 separatum.

593 693 759 765 499
785 691 862 746 De
886 689 1113 744 Alleluia
1157 699 1288 742 vero
1314 682 1503 740 ultimo
1548 678 1691 749 quod
1738 677 1794 733 in
1841 670 2103 765 superiori

524 764 732 855 psalmo
759 780 1012 847 diximus,
1034 788 1087 835 et
1113 778 1201 833 hic
1220 776 1382 833 debet
1410 771 1634 842 intelligi
1663 787 1677 825 :
1707 768 1961 841 quoniam
1988 764 2105 835 ipsa

523 876 595 931 de
614 873 791 929 vicino
832 881 1108 942 repetere,
1142 866 1361 926 taedium
1391 864 1565 937 magis
1589 876 1749 934 quam
1773 857 2105 916 intellectum

524 972 749 1036 generat
776 959 1036 1020 audienti.

1061 1072 1331 1130 Conclusio
1369 1069 1578 1143 psalmi.

598 1190 958 1247 Contueamur
986 1188 1247 1259 psalmum
1270 1187 1457 1252 istum,
1487 1198 1594 1253 quo
1624 1181 1839 1246 decore,
1871 1192 1974 1251 qua
2002 1176 2109 1233 vir-

532 1290 651 1338 tute
701 1280 1034 1351 praefulgeat.
1068 1278 1391 1334 Referuntur
1437 1275 1578 1331 enim
1626 1287 1874 1343 supernae
1923 1282 2108 1335 voces,

529 1388 648 1443 quae
677 1371 851 1427 adhuc
878 1378 1148 1441 nequeunt
1174 1383 1269 1439 pro
1293 1367 1396 1423 ista
1425 1364 1737 1421 infirmitate
1766 1360 2111 1430 eorporalita-

532 1464 599 1519 tis
622 1462 815 1518 audiri.
848 1461 1041 1517 Dicunt
1067 1460 1318 1517 cmlcsms
1338 1465 1601 1513 creatura;
1622 1453 1834 1510 laudem
1860 1451 2111 1517 Domino,

533 1557 715 1613 dicunt
744 1566 972 1612 terrenae
1000 1550 1349 1617 substantiae;
1375 1560 1430 1607 et
1461 1545 1707 1605 melodis:
1732 1544 1976 1602 cantibus
2003 1541 2112 1611 agi-

536 1660 641 1718 tur,
677 1658 733 1705 ut
754 1650 1013 1705 Dominus
1033 1658 1394 1703 creaturarum
1424 1655 1639 1698 suarum
1668 1651 1902 1694 consona
1929 1633 2111 1691 exsul-

534 1744 737 1797 tatione
762 1740 1033 1795 laudetur.
1065 1739 1121 1793 ln
1148 1737 1277 1809 ipsis
1319 1725 1515 1805 quippe
1539 1728 1841 1803 primordiis
1871 1723 2116 1796 opinabi-

2202 574 2537 639 describcns,
2571 569 2863 627 vindictam
2885 563 3220 638 peccantium
3256 563 3481 639 gloriam
3508 560 3638 619 dicit
3664 575 3796 620 esse

2199 666 2488 738 iustorum.

2543 738 2673 753 um
2741 752 3012 822 Expositio
3045 751 3249 823 psalmi.

2278 851 2433 908 Vers.
2466 853 2520 907 ί.
2553 848 2764 906 Caritate
2786 847 3007 903 Domino
3032 845 3300 901 canticum
3328 859 3511 898 nouum
3545 859 3566 898 :
3596 844 3795 899 lauda-

2207 945 2278 999 tio
2306 945 2415 1013 ejus
2437 942 2490 998 in
2511 940 2725 1000 ecclesia
2748 948 3059 995 sanctorum.
3094 935 3151 990 ln
3183 935 3287 990 hoc
3306 934 3439 990 etin
3469 933 3590 990 aliis
3617 932 3796 990 tribus

2208 1036 2454 1093 versibus
2478 1034 2569 1105 qui
2599 1041 2918 1104 sequuntur,
2944 1045 3012 1088 ex
3060 1028 3317 1099 operibus
3350 1025 3558 1082 Domini
3587 1027 3800 1096 magni-

2211 1129 2338 1187 tudo
2366 1128 2631 1184 laudatur.
2662 1124 2901 1182 Dicendo
2945 1122 3089 1179 enim
3119 1137 3135 1177 2
3166 1120 3381 1176 Caritate
3406 1116 3629 1172 Domino
3670 1133 3801 1173 cast-

2213 1222 2367 1277 ticum
2415 1236 2599 1276 novum
2628 1234 2646 1273 :
2676 1219 2906 1273 laudatio
2957 1216 3068 1285 ejus
3116 1214 3174 1268 iu
3218 1210 3434 1268 ecclesia
3478 1220 3797 1277 sanctorum,

2213 1322 2346 1381 etc.,
2367 1328 2433 1370 ex
2464 1310 2713 1382 Operibus
2740 1309 2853 1364 suis
2882 1306 3015 1361 dicit
3043 1318 3165 1361 esse
3190 1302 3616 1374 praedicandum.
3660 1300 3799 1356 Nam

2216 1406 2475 1481 propheta
2513 1405 2566 1460 in
2595 1405 2698 1459 hoc
2725 1400 2923 1457 mundo
2953 1406 3161 1454 tantum
3204 1409 3433 1466 corpore
3452 1394 3796 1461 constitutus,

2216 1500 2491 1557 intellectu
2535 1504 2592 1552 et
2629 1494 2735 1550 fide
2760 1494 2817 1549 in
2847 1492 2939 1548 illa
2990 1490 3163 1561 patria
3191 1502 3313 1543 cum
3344 1487 3583 1558 angelica
3614 1485 3798 1541 multi-

2218 1589 2405 1645 tudine
2452 1584 2798 1650 miscebatur,
2825 1581 2881 1636 in
2910 1595 3012 1651 qua
3060 1585 3369 1633 commonet
3395 1575 3649 1646 populum
3676 1574 3803 1631 bea-

2220 1687 2333 1735 tum
2362 1692 2544 1731 novum
2567 1674 2821 1729 canticum
2842 1671 3044 1727 debere
3066 1679 3292 1724 cantare.
3322 1666 3593 1725 Canticum
3622 1674 3799 1721 autem

2221 1785 2406 1826 nouum
2434 1775 2542 1834 cst,
2573 1774 2777 1821 saneta:
2815 1761 3197 1819 incarnationis
3244 1773 3520 1826 arcanum,
3552 1758 3802 1813 nativitas

536 1833 644 1887 lem
672 1831 817 1885 mam
847 1826 1406 1924 ³⁸¹τ⁰¹Ρ⁰¹¹¹Ῐ³⁹-¹³⁰⁸“⁵ί
1431 1819 1794 1924 disFiP‘im‘“:
1826 1829 2117 1924 q‘iai‘lém-
2147 1859 2196 1921 B
2221 1819 2786 1924 doctrina
2834 1853 3110 1916 salutaris,
3162 1850 3340 1920 passio
3369 1819 3622 1917 magistra
3664 1848 3799 1902 tole-

536 1923 643 1981 culi
681 1924 930 1979 doctores
956 1918 1308 1977 minutissime
1341 1915 1729 1989 perquirentes,
1761 1910 1837 1965 ita
1863 1907 2119 1965 deﬁnien-

535 2017 666 2072 dam
692 2031 814 2073 esse
843 2022 1164 2086 putaverunt
1182 2031 1195 2065 :
1216 2008 1557 2068 Astronomia
1583 2014 1668 2062 est
1701 2001 1980 2072 disciplina
2001 2012 2122 2070 qua

541 2124 732 2165 cursus
759 2106 1059 2165 caelestium
1091 2106 1347 2170 siderum,
1392 2110 1446 2158 et
1489 2102 1688 2171 ﬁguras
1730 2093 2123 2163 contemplatur

543 2216 759 2265 omnes,
806 2206 860 2254 et
905 2196 1246 2253 habitudines
1272 2195 1550 2250 stellarum
1593 2190 1737 2244 circa
1788 2202 1846 2243 se
1880 2194 1936 2241 et
1980 2184 2123 2239 circa

544 2300 741 2347 terram
766 2287 1052 2359 indagabili
1082 2285 1290 2343 ratione
1314 2281 1596 2355 percurrit.
1626 2277 1791 2349 Cujus
1815 2269 2126 2346 operatione

547 2383 780 2439 solemni
808 2398 1007 2438 annum
1049 2382 1239 2436 dicunt
1275 2374 1600 2450 quadrifaria
1645 2381 1945 2443 temporum
1984 2366 2125 2424 divi-

544 2474 699 2531 sione
745 2469 1024 2543 eompleri.
1056 2471 1191 2528 Hinc
1232 2469 1435 2525 imbres
1482 2464 1621 2533 ﬁeri,
1670 2462 1797 2518 hinc
1841 2458 2129 2533 perhibent

549 2575 761 2622 terrena
802 2564 1095 2635 procreari,
1142 2562 1270 2618 hinc
1316 2559 1514 2629 frigora
1566 2555 1775 2622 venire,
1823 2551 1950 2607 hinc
1989 2549 2130 2605 aeris

546 2655 695 2709 aiunt
711 2668 834 2709 esse
854 2642 1162 2724 temperiem
1184 2668 1199 2717 ;
1221 2656 1276 2707 et
1297 2646 1555 2719 quidquid
1584 2645 1744 2700 terris
1764 2639 2139 2697 necessarium

550 2749 823 2819 probatur,
875 2747 1119 2817 jussione
1170 2742 1383 2801 Domini
1429 2753 1613 2797 earum
1642 2736 1944 2792 ministerio
1973 2746 2131 2806 posse

549 2839 807 2909 suppleri.
861 2838 1033 2905 Quam
1081 2835 1359 2892 scientiam
1389 2840 1599 2889 veteres
1640 2828 1814 2885 nostri
1857 2841 1965 2883 non
1993 2825 2129 2881 adeo

550 2927 918 3001 refugiendam
960 2941 1080 2983 esse
1110 2926 1379 2991 dixerunt,
1426 2921 1661 2993 quandiu
1689 2928 1869 2976 tamen
1892 2931 2014 2974 esse
2039 2930 2132 2973 co—

551 3024 826 3093 gnoscitur
857 3018 1162 3091 disciplina,
1193 3028 1248 3075 et
1274 3026 1450 3073 motus
1476 3024 1745 3071 astrorum
1776 3009 2008 3066 naturali
2036 3022 2130 3064 so-

554 3114 831 3170 lemnitate
874 3111 1157 3183 perquirit.
1186 3110 1256 3165 At
1282 3108 1373 3165 ubi
1400 3122 1460 3164 se
1497 3108 1550 3162 in
1578 3102 1881 3173 astrologiae
1919 3109 2131 3170 partem

557 3205 733 3264 labilis
760 3217 912 3261 error
951 3199 1237 3268 infuderit,
1280 3206 1334 3253 et
1358 3197 1493 3253 vitas
1523 3193 1833 3252 mortalium
1871 3190 1940 3246 de
1967 3203 2131 3245 cursu

559 3299 834 3354 stellarum
864 3294 1130 3366 putaverit
1171 3290 1536 3363 colligendas,
1586 3297 1713 3345 tunc
1763 3282 2130 3350 abominandi,

548 3380 687 3444 tunc
726 3387 905 3458 potius
946 3385 1077 3441 caeci
1102 3392 1249 3448 sunt,
1289 3397 1411 3439 cum
1458 3394 1521 3437 se
1546 3379 1815 3436 aestimant
1842 3374 2136 3445 praevidere

561 3494 683 3551 qua:
703 3478 924 3534 Creator
950 3476 1106 3532 nobis
1138 3474 1340 3531 utiliter
1364 3471 1608 3529 decrevit
1634 3467 1987 3525 abscondere.
2014 3465 2136 3522 Pla-

564 3580 718 3626 netas
738 3570 899 3626 etiam
924 3568 1112 3625 dicunt
1141 3574 1328 3622 contra
1374 3564 1559 3635 polum
1585 3575 1803 3617 currere
1829 3573 1925 3630 per
1949 3557 2139 3615 certis«

565 3662 733 3719 simos
769 3669 995 3717 meatus.
1028 3660 1311 3715 Fabricam
1358 3669 1571 3727 quoque
1599 3654 1747 3720 cmli,
1772 3666 1891 3724 quae
1929 3642 2141 3722 semper

567 3754 781 3811 rotabili
830 3753 1126 3809 mobilitate
1173 3765 1232 3807 se
1280 3751 1547 3815 sustinet,
1607 3746 1810 3803 habere
1857 3743 2143 3814 quamdam

571 3843 868 3901 harmonia
913 3841 1348 3907 delectationem,
1398 3852 1519 3909 quae
1565 3835 1744 3892 suavis
1773 3843 1828 3890 et
1869 3832 2013 3905 jugis
2035 3839 2142 3890 est.

568 3934 677 3992 Sed
706 3948 805 3991 nos
832 3934 1088 4004 obsequia
1116 3930 1440 3987 naturalium
1478 3940 1657 3983 rerum
1688 3924 1756 3979 ad
1794 3922 2032 3982 auctoris
2059 3934 2146 3977 re-

572 4026 807 4082 feramus
836 4024 1143 4096 imperium,
1191 4021 1281 4093 qui
1307 4027 1582 4077 creaturas
1615 4028 1740 4072 suas
1766 4013 1879 4086 ipsa
1908 4009 2146 4085 potentia

575 4119 676 4176 sibi
704 4116 1062 4190 parerejubet
1090 4130 1195 4187 qua
1225 4112 1349 4170 fecit
1374 4110 1630 4168 existere.

1069 4248 1383 4309 PSALMUS
1421 4243 1653 4303 CXLIX.

1240 4341 1485 4397 Alleluia.

648 4462 763 4519 iloc
790 4473 986 4517 nomen
1016 4456 1069 4513 in
1098 4470 1200 4512 usu
1232 4453 1431 4510 habere
1482 4446 1808 4506 omnimodis
1835 4457 2151 4503 commone-

579 4571 721 4624 mur,
748 4552 961 4626 quando
988 4549 1138 4606 Novo
1182 4555 1235 4604 et
1266 4543 1451 4601 Veteri
1479 4542 1823 4599 Testamento
1873 4534 2154 4608 cognosci-

580 4663 700 4704 mus
727 4646 984 4703 decenter
1010 4648 1270 4712 aptatum.
1302 4634 1478 4693 Veteri
1510 4632 1787 4703 praelatum
1835 4635 1920 4685 est
1941 4628 1997 4683 in
2022 4640 2154 4683 cen-

581 4739 777 4795 tesimo
805 4742 995 4807 quarto
1024 4731 1251 4803 psalmo,
1285 4726 1375 4783 ubi
1404 4723 1620 4795 Egypti
1667 4718 1922 4777 miracula
1952 4726 2006 4774 et
2043 4730 2158 4773 ma-

523 4896 545 4922 .
583 4836 658 4893 ris
687 4834 854 4891 Rubri
884 4830 1139 4888 benelicia
1187 4825 1565 4885 describuntur
1594 4839 1609 4877 :
1642 4818 1730 4876 hic
1780 4828 1920 4917 novo
1946 4806 2157 4922 cantico

582 4930 804 4985 docetur
825 4941 947 4984 esse
972 4921 1339 4996 praepositum,
1369 4917 1456 4974 ubi
1486 4922 1567 4974 est
1588 4913 1752 4970 totius
1770 4902 2046 4996 religionis
2065 4899 2162 4957 ab-

581 5022 753 5078 soluta
781 4995 1056 5089 perfectio.
1086 5015 1175 5071 Sic
1198 5012 1399 5082 ubique
1425 5009 1659 5081 positum
1698 5011 1801 5071 est,
1842 4995 1985 5071 quod
2013 5006 2159 5089 sem-

582 5124 678 5180 per
705 5085 1058 5166 constetesse
1105 5104 1409 5163 dicendum.
1438 5099 1483 5158 Ο
1529 5112 1726 5156 nomen
1773 5103 1966 5160 magna
1996 5085 2162 5143 devo.

584 5204 732 5259 tione
752 5199 1139 5266 venerandum,
1169 5197 1310 5267 quod
1341 5203 1396 5251 et
1424 5192 1599 5265 angeli
1626 5191 1848 5255 canunt,
1875 5189 1932 5241 et
1959 5180 2015 5238 in
2044 5186 2161 5237 ter-

585 5292 660 5350 ris
683 5298 807 5348 vota
835 5288 1070 5347 ﬁdelium
1099 5287 1408 5357 frequenter
1437 5287 1717 5340 assumunt

1166 5418 1359 5475 Divisio
1387 5416 1593 5490 psalmi.

657 5532 1040 5605 Superioribus
1088 5530 1306 5601 psalmis
1350 5527 1647 5585 innumeris
1701 5512 2161 5579 admonitionibus

588 5625 777 5684 laudes
804 5623 1015 5681 Domini
1065 5622 1324 5695 propheta
1354 5618 1760 5681 commendans,
1808 5624 1951 5669 nunc
1998 5606 2162 5664 etiam

589 5720 762 5790 prima
812 5714 1075 5788 positione
1123 5712 1389 5769 canticum
1439 5723 1638 5767 novum
1684 5704 1904 5761 Christo
1932 5695 2162 5753 Domino

590 5789 819 5867 diversis
863 5807 1037 5863 modis
1084 5805 1215 5860 dicit
1243 5819 1365 5860 esse
1419 5799 1764 5866 cantandum,
1812 5792 1903 5865 qui
1934 5789 2003 5846 de
2052 5795 2165 5841 toto

594 5902 726 5961 urbe
762 5910 1026 5961 terrarum
1072 5894 1428 5959 universales:
1478 5888 1776 5980 Jerusalem
1822 5898 1920 5947 sua
1968 5878 2170 5952 pietate

1608 6002 1659 6018 κατ.

1779 6008 2093 6051 "Fiat-'1"

2184 4627 2238 4688 D

2223 1950 2433 2015 rantiae,
2484 1946 2812 2003 resurrectio
2855 1945 2969 2014 spei
2999 1951 3198 1998 nostrae
3247 1939 3605 1996 certissimum
3637 1938 3802 1992 docu-

2222 2052 2482 2109 mentum,
2515 2040 2689 2097 sessio
2718 2038 2787 2094 ad
2812 2038 3087 2093 dexteram
3118 2033 3325 2100 Patris,
3356 2031 3597 2086 virtutem
3625 2028 3799 2098 signi—

2225 2134 2391 2189 ﬁcans
2420 2139 2474 2187 et
2502 2129 2792 2202 potentiam
2819 2126 3167 2198 singularem.
3192 2123 3261 2179 Et
3281 2137 3348 2179 ne
3368 2120 3607 2178 crederes
3634 2118 3794 2173 istam

2226 2223 2437 2280 laudem
2469 2220 2767 2291 ubicunque
2793 2227 2887 2273 aut
2913 2232 2943 2273 a
2972 2215 3304 2289 quibuslibet
3322 2227 3481 2285 posse
3509 2208 3796 2277 celebrari,

2227 2314 2489 2385 sequitur,
2524 2311 2749 2367 laudatio
2795 2313 2910 2383 ejus
2954 2309 3010 2363 in
3063 2307 3275 2362 ecclesia
3320 2313 3633 2361 sanctorum.
3675 2300 3805 2356 Sive

2226 2408 2382 2464 istam
2408 2406 2579 2472 dicas,
2609 2403 2924 2460 catholicam
2952 2400 3240 2472 significat,
3287 2411 3407 2469 qua:
3450 2408 3641 2452 revera
3688 2407 3809 2446 san-

2227 2510 2436 2557 ctorum
2468 2507 2581 2565 est;
2628 2497 2742 2553 sive
2772 2495 2918 2550 illam
2947 2493 3251 2552 Jerusalem
3281 2490 3585 2557 emlestem,
3613 2495 3668 2542 et
3697 2485 3812 2555 ipsa

2229 2592 2348 2647 sine
2372 2589 2707 2645 dubitatione
2729 2596 3039 2642 sanctorum
3069 2595 3173 2642 est.
3202 2584 3443 2641 Ecclesia
3470 2581 3617 2639 enim
3647 2578 3812 2634 inter-

2231 2690 2471 2752 pretatur
2515 2678 2780 2747 collectio,
2831 2678 2976 2748 quod
3003 2677 3069 2734 ad
3099 2684 3379 2748 utramque
3409 2672 3608 2731 referri
3654 2683 3811 2741 posse

2231 2782 2340 2823 non
2366 2767 2586 2823 dubium
2610 2776 2713 2823 est.
3359 2783 3375 2798 ο

2302 2861 2456 2920 Vers.
2487 2863 2544 2917 Ξ.
2572 2862 2792 2917 Laetetur
2822 2860 2990 2917 Israel
3016 2862 3073 2917 in
3101 2877 3158 2916 eo
3186 2860 3274 2932 qui
3298 2858 3417 2930 fecit
3454 2860 3646 2925 ipsum,
3678 2864 3726 2909 et
3750 2853 3812 2923 ﬁ-

2232 2952 2291 3007 lii
2321 2950 2473 3025 [mss.
2506 2952 2598 3019 A.,
2630 2951 2715 3019 B.,
2740 2949 2830 3020 F.,
2863 2947 3008 3020 ﬁlice]
3036 2949 3165 3005 Sion
3192 2947 3442 3003 exsultent
3472 2959 3625 3016 super
3648 2957 3815 3014 regem

2233 3045 2594 3103 suuszrael
2622 3057 2677 3104 et
2705 3048 2837 3104 Sion
2884 3046 3093 3102 diversa
3138 3042 3357 3114 quidem
3391 3039 3672 3106 vocabula,
3723 3035 3815 3093 sed

2234 3139 2408 3195 virtus
2436 3153 2541 3211 una
2587 3147 2894 3194 sanctorum
2924 3146 3010 3193 est
3031 3153 3045 3203 ;
3070 3149 3193 3191 nam
3231 3132 3401 3189 Israel
3435 3131 3816 3199 interpretatur

2158 3245 2204 3308 ρ
2238 3228 2318 3285 vir
2372 3228 2565 3285 videns
2624 3229 2818 3292 Deum;
2867 3226 2997 3283 Sion
3053 3223 3345 3295 speculatio
3398 3220 3614 3277 dicitur.
3664 3216 3815 3285 Quod

2237 3326 2521 3388 utrumque
2548 3315 2616 3371 ad
2641 3316 2853 3372 beatum
2899 3313 3150 3385 populum
3178 3313 3450 3383 pertinere
3478 3309 3817 3365 manifestum

2239 3417 2341 3474 est,
2373 3406 2461 3479 qui
2492 3406 2660 3463 laetari
2689 3413 2745 3463 et
2785 3406 3057 3463 exsultare
3082 3404 3138 3460 in
3166 3402 3315 3474 Rege
3343 3416 3444 3459 suo
3472 3398 3687 3457 Christo
3716 3398 3820 3455 Do-

2242 3502 2388 3556 mino
2416 3504 2849 3563 eommonentur,
2899 3493 3115 3564 quando
3141 3492 3315 3562 ipsum
3365 3489 3605 3546 viderint
3649 3487 3819 3545 omni-

2242 3596 2540 3661 potentem,
2594 3586 2768 3656 ipsum
2813 3585 3001 3640 aeterni
3052 3580 3257 3653 praemii
3300 3579 3632 3652 largitorem,
3663 3593 3817 3649 quem

2244 3678 2333 3735 hic
2380 3675 2723 3734 crediderunt
2771 3674 2826 3730 in
2870 3687 2965 3729 sua
3014 3671 3297 3742 majestate
3336 3680 3646 3727 venturum.
3692 3669 3819 3737 Quis

2245 3770 2389 3827 enim
2415 3768 2520 3824 erit
2563 3766 2705 3821 illius
2733 3762 2911 3834 gaudii
2954 3761 3146 3817 modus
3193 3759 3504 3830 conspicere
3530 3759 3683 3815 illum
3718 3760 3824 3813 Do-

2246 3860 2452 3917 minum
2485 3869 2685 3916 rerum,
2721 3850 2809 3921 qui
2850 3850 2939 3906 hic
2963 3850 3101 3906 mori
3149 3848 3381 3929 creditus
3418 3856 3497 3903 est
3522 3861 3621 3916 pro
3647 3847 3824 3901 salute

2249 3940 2602 4004 cunctorum?
2646 3938 2946 3995 Mensuram
2994 3935 3212 4006 quidem
3257 3933 3403 3989 istius
3450 3932 3648 3987 laetitiae
3693 3930 3821 4001 jure

2249 4035 2555 4098 nescimus,
2583 4030 2678 4087 sed
2711 4039 2889 4085 tamen
2919 4027 3058 4083 ultra
3085 4025 3265 4082 omnia
3291 4024 3428 4081 bona
3452 4036 3569 4079 esse
3599 4021 3829 4079 conlidi-

2248 4141 2392 4193 mus,
2421 4121 2564 4195 quod
2593 4129 2738 4177 tanta
2770 4120 2971 4175 veritas
2997 4117 3299 4188 pollicetur.

2323 4219 2479 4274 Vers.
2512 4215 2564 4270 5.
2593 4213 2827 4268 Laudent
2855 4226 3037 4267 nomen
3063 4211 3174 4283 ejus
3202 4208 3259 4263 in
3285 4208 3480 4273 choro;
3507 4207 3561 4261 in
3590 4212 3831 4277 tympano

2254 4318 2302 4366 et
2328 4306 2567 4383 psalterio
2596 4305 2821 4376 psallant
2848 4303 2916 4358 ei.
2943 4301 3005 4358 In
3032 4298 3298 4369 superiori
3325 4313 3487 4355 versu
3511 4298 3565 4354 in
3607 4298 3830 4355 Domino

2254 4401 2470 4457 Christo
2495 4394 2624 4453 dicit
2646 4409 2768 4451 esse
2797 4391 3108 4458 laetandum,
3132 4402 3275 4446 nunc
3312 4386 3445 4445 dicit
3470 4390 3525 4443 in
3549 4390 3708 4445 choro
3736 4401 3830 4444 no-

2257 4508 2382 4549 men
2410 4488 2624 4546 Domini
2667 4499 2789 4542 csse
2840 4483 3185 4539 laudandum.
3226 4479 3296 4536 fn
3321 4478 3480 4536 choro
3507 4478 3717 4548 utique,
3749 4475 3833 4549 qui

2255 4586 2364 4657 jam
2395 4582 2595 4640 nullam
2641 4577 2840 4650 patitur
2889 4573 3300 4647 dispersionem,
3351 4571 3559 4629 nullum
3590 4571 3830 4638 tardium,

2262 4674 2469 4732 nullum
2499 4669 2839 4735 scandalum;
2872 4665 2970 4721 sed
3018 4664 3335 4722 meritorum
3363 4660 3634 4733 probitate
3677 4661 3835 4718 colle-

2261 4778 2399 4835 ctus,
2426 4762 2741 4821 charissima
2768 4773 2981 4828 semper
3008 4757 3212 4813 unitate
3236 4754 3501 4813 consistit.
3527 4754 3639 4810 Sed
3667 4753 3834 4825 qualis

2262 4865 2602 4931 quantusque
2630 4855 2702 4911 sit
2731 4853 2832 4911 iste
2880 4851 3080 4908 chorus
3124 4849 3260 4906 alius
3310 4848 3550 4920 psalmus
3577 4848 3834 4916 exponit:

2262 4952 2310 5006 A
2334 4950 2456 5005 solis
2482 4955 2597 5003 ortu
2619 4961 2777 5017 usque
2804 4943 2872 4999 ad
2911 4957 3145 4998 occasum
3174 4940 3383 4997 laudate
3417 4955 3605 4996 nomen
3628 4938 3838 4994 Domini

2266 5040 2441 5115 (Psal.
2471 5054 2600 5106 exn,
2626 5038 2708 5109 '5).
2733 5036 2929 5092 Chorus
2956 5034 3099 5104 quia
3125 5032 3310 5089 mundi
3324 5030 3478 5088 initio
3500 5029 3570 5087 de
3594 5043 3840 5086 nurnero-

2262 5136 2417 5193 sitate
2440 5132 2680 5206 gentium
2706 5135 3082 5200 congregatur,
3101 5134 3157 5182 et
3184 5124 3287 5180 nisi
3315 5124 3368 5180 in
3393 5124 3483 5180 illa
3507 5123 3683 5192 patria
3704 5130 3842 5178 totus

2264 5244 2372 5286 non
2413 5234 2590 5297 potest
2631 5237 2754 5281 esse
2798 5219 3077 5277 collectus.
3106 5217 3377 5287 Sequitur,
3426 5216 3482 5269 in
3511 5222 3758 5285 tympano
3795 5218 3843 5267 et

2264 5319 2504 5396 psalterio
2531 5314 2756 5390 psallunt
2794 5313 2863 5371 ei.
2893 5311 3213 5384 Tympanum
3234 5316 3281 5363 et
3302 5307 3623 5379 psalterium,
3652 5305 3845 5376 proh-

2267 5414 2403 5470 biles
2434 5410 2523 5467 hic
2552 5418 2704 5465 actus
2730 5420 2853 5462 esse
2894 5403 3143 5467 dicimus,
3183 5401 3273 5471 qui
3300 5398 3367 5454 ad
3414 5397 3595 5455 divina
3621 5409 3843 5453 munera

2267 5507 2590 5571 referuntur,
2622 5498 2714 5572 qui
2739 5498 2851 5569 jam
2879 5497 2936 5553 in
2965 5495 3058 5550 illa
3089 5491 3263 5564 patria
3289 5506 3398 5547 non
3442 5490 3725 5555 videntur;
3750 5486 3847 5543 sed

2272 5606 2451 5653 tamen
2473 5600 2650 5661 erunt,
2673 5603 2795 5646 cum
2817 5587 2886 5644 de
2916 5599 3102 5644 eorum
3130 5582 3485 5638 exsultatione
3506 5580 3847 5651 gaudebitur.

2270 5690 2402 5746 Nam
2426 5685 2568 5759 quod
2598 5684 2685 5739 hic
2714 5680 3018 5747 contristat,
3051 5676 3123 5733 ibi
3147 5676 3414 5741 laetificat;
3440 5672 3583 5743 quod
3611 5672 3701 5727 hic
3722 5685 3848 5728 cast-

2274 5781 2421 5846 terit,
2448 5777 2521 5834 ibi
2552 5790 2650 5830 nos
2674 5772 2853 5843 erigit,
2884 5770 3022 5826 sicut
3045 5768 3240 5838 legitur
3271 5783 3284 5819 :
3316 5762 3463 5818 Beati
3501 5764 3590 5833 qui
3618 5776 3855 5832 persecu-

2276 5872 2463 5933 tionem
2490 5866 2756 5940 patiuntur
2787 5870 2988 5936 prapter
3008 5858 3287 5932 justitiam,
3334 5854 3577 5940 quoniam
3616 5855 3854 5928 ipsorum
