4078 6342
312 266 467 351 toto

1200 271 1560 330 EXPOSITIO
1597 266 1663 330 IN
1700 272 2168 334 PSALTERIUM.
2209 276 2400 335 PSAL.
2442 277 2671 334 CXLIX.

3447 287 3587 349 1050

322 399 396 471 est
423 401 636 458 regnum
664 384 909 442 ccelorum
946 384 1163 458 (Matth.
1196 403 1249 455 v,
1281 389 1550 459 10)τ11ωο
1590 404 1718 460 ergo
1747 391 1908 463 500
1936 394 1991 453 Α
2015 406 2151 446 rum.
2177 395 2386 463 Anceps
2406 392 2609 463 gladius
2628 398 2710 448 est
2737 405 2915 449 sermo
2946 393 3155 451 Domini
3176 395 3493 471 Salvator-is,
3517 403 3587 461 de

324 482 504 537 omnia
546 480 659 536 sive
704 489 1043 552 tympanum,
1088 481 1201 537 sive
1231 481 1543 552 psalterium
1570 482 1640 537 ibi
1669 482 1902 554 psallunt

326 574 575 642 Domino,
607 574 859 643 quoniam
888 574 977 629 hic
1022 588 1118 645 pro
1164 574 1329 645 ipsius
1357 574 1574 631 nomine
1614 575 1903 632 exercitata

324 670 409 726 vel
444 669 669 726 tolerata
695 678 1007 726 noscuntur.

312 748 317 752 ’
398 761 553 818 Vers.
586 763 641 818 4.
679 762 813 830 Quia
860 763 1231 834 beneplacitum
1259 770 1332 817 est
1362 761 1584 817 Domino
1634 763 1687 816 in
1712 763 1905 834 populo

326 870 440 923 suo,
473 862 520 908 et
545 854 787 908 exaltabit
807 862 1096 909 mansuetos
1116 854 1169 908 in
1194 852 1429 909 salutem.
1453 853 1667 924 Legitur
1688 852 1903 924 quidem

328 948 570 1007 Creatori
598 948 777 1004 omnia
809 963 976 1018 opera
1004 962 1100 1004 sua
1135 949 1188 1004 in
1240 963 1420 1004 rerum
1465 949 1771 1006 conditione
1795 949 1909 1019 pla-

328 1040 539 1106 cuisse;
569 1040 663 1096 sed
692 1055 790 1111 pro
811 1054 990 1096 rerum
1021 1040 1369 1111 qualitatibus
1399 1041 1695 1098 immutatis
1714 1051 1762 1098 et
1787 1057 1906 1112 pte-

330 1131 504 1188 nitere
534 1141 587 1187 et
614 1132 845 1203 gaudere
875 1131 1070 1203 legitur
1096 1133 1256 1200 Deus,
1284 1140 1343 1188 ut
1369 1141 1453 1189 est
1481 1133 1612 1188 illud
1644 1150 1655 1187 :
1690 1132 1908 1189 Paenitet

328 1241 409 1281 me
456 1226 712 1280 hominem
742 1226 921 1296 fecisse
952 1224 1105 1297 (Gen.
1150 1238 1225 1293 vr,
1275 1224 1352 1295 6).
1407 1225 1472 1280 Et
1506 1226 1559 1281 in
1606 1225 1712 1282 alio
1743 1228 1904 1282 loco:

329 1314 570 1372 Gaudebo
598 1333 751 1388 super
789 1333 947 1372 unum
988 1316 1329 1385 ptenitentem,
1358 1333 1513 1388 quam
1537 1333 1696 1388 supra
1742 1334 1906 1372 nona-

327 1412 472 1481 ginta
498 1427 674 1466 novem
695 1414 888 1483 justas,
938 1426 1041 1465 non
1086 1409 1373 1482 indigentes
1419 1411 1712 1481 panitentia
1752 1396 1906 1480 (Luc.

329 1517 415 1566 xv,
441 1502 518 1570 7).
549 1502 656 1557 Has
686 1502 828 1557 enim
860 1500 1281 1569 permutationcs
1310 1499 1585 1555 Divinitati
1628 1516 1693 1556 ex
1724 1512 1906 1556 nostra

328 1592 645 1647 inﬁrmitate
689 1591 913 1663 tropicis
960 1591 1314 1647 allusionibus
1369 1592 1717 1662 applicamus.
1768 1591 1908 1647 Dicit

327 1682 469 1738 enim
502 1699 515 1735 :
551 1682 684 1750 Quia
714 1682 1083 1753 bencplacitum
1122 1692 1195 1736 est
1236 1680 1457 1736 Domino
1484 1683 1537 1736 in
1565 1684 1757 1753 populo
1786 1698 1900 1750 suo,

2012 499 2117 555 quo
2146 484 2199 540 in
2236 486 2525 556 Evangelio
2578 485 2693 555 ipse
2742 486 2873 541 dicit
2905 504 2917 540 :
2964 486 3087 544 Non
3113 492 3226 545 veni
3263 511 3437 563 pacem
3466 497 3585 551 mit—

2009 582 2114 630 tere
2143 576 2197 630 in
2239 585 2446 642 terram,
2476 573 2567 631 sed
2620 576 2846 648 gladium
2892 576 3110 648 (Matth.
3140 595 3195 649 x,
3225 582 3341 652 54).
3375 586 3588 657 Anceps

2008 665 2128 720 ideo
2156 707 2171 733 ,
2228 665 2477 735 quoniam
2530 665 2636 721 duo
2701 666 2939 723 continet
2989 668 3352 728 Testamenta.
3402 676 3584 734 Primo

2007 757 2152 813 enim
2181 772 2212 813 a
2242 757 2491 828 gentibus
2516 757 2783 825 separavit
2818 757 3070 827 Judatos;
3103 772 3287 832 postea
3337 779 3587 838 segrega-

2007 850 2167 907 vitet
2197 850 2380 906 divisit
2408 866 2438 905 a
2482 850 2643 906 totius
2686 851 2871 908 mundi
2922 852 3191 911 illecebris
3224 855 3404 928 utique
3430 857 3589 917 Chri-

2010 946 2229 1002 stianos.
2262 943 2409 1001 Unus
2459 945 2622 1013 ensis,
2657 943 2752 1000 sed
2803 944 2936 1000 duas
2984 944 3352 1005 desecationes
3400 951 3584 1022 habet,

2009 1051 2141 1108 quas
2169 1036 2380 1107 populis
2409 1035 2595 1091 electis
2647 1034 2929 1091 distributa
2978 1038 3235 1106 temporis
3275 1041 3587 1110 opportuni-

2010 1138 2117 1185 tate
2146 1126 2410 1184 concedit.
2453 1127 2512 1181 ln
2551 1126 2797 1182 manibus
2843 1142 2971 1197 ergo
3019 1128 3148 1183 dicit
3198 1130 3403 1202 gladios
3452 1132 3585 1190 istos

2009 1236 2150 1287 esse,
2181 1219 2233 1275 id
2263 1228 2347 1276 est
2392 1219 2445 1274 in
2476 1225 2734 1289 potestate
2780 1228 3117 1285 sanctorum;
3167 1220 3306 1277 sicut
3351 1222 3581 1294 legitur:

2010 1312 2203 1367 Factus
2246 1321 2319 1366 est
2360 1326 2525 1365 sermo
2572 1308 2780 1364 Domini
2822 1312 2875 1364 in
2925 1327 3079 1365 manu
3109 1311 3286 1383 Aggwi
3328 1316 3585 1386 praphcla:

2011 1403 2161 1474 (Agg.
2190 1389 2338 1472 i,'-l).
2369 1400 2516 1455 lianc
2558 1399 2720 1471 igitur
2752 1411 3067 1469 potestatem
3097 1402 3240 1459 beati
3280 1405 3584 1478 suscipien-

2012 1503 2116 1560 tes,
2148 1507 2268 1549 cum
2295 1491 2520 1548 Domino
2544 1490 2876 1561 judicabant,
2900 1492 3037 1549 sicut
3060 1495 3321 1565 scriptum
3347 1508 3430 1552 est
3454 1515 3468 1552 :
3499 1498 3585 1554 Se~

2012 1586 2191 1641 debitis
2218 1602 2370 1655 super
2396 1584 2666 1638 duodecim
2690 1584 2853 1653 sedes,
2882 1584 3171 1655 judicantes
3199 1587 3465 1643 duodecim
3489 1590 3582 1644 tri-

2014 1681 2106 1735 bus
2132 1678 2299 1734 Israel
2328 1676 2541 1748 (Matth.
2567 1694 2675 1747 xix,
2704 1676 2819 1747 28).
2850 1676 2983 1732 Nam
3016 1677 3135 1734 vide
3162 1680 3289 1749 quid
3318 1682 3581 1752 sequitur,

328 1775 379 1830 id
407 1784 509 1841 est,
541 1774 755 1846 quando
784 1774 937 1829 illum
982 1774 1175 1829 fecerit
1206 1774 1438 1843 perfecta
1468 1775 1730 1831 suavitate
1771 1789 1902 1843 gan-
1937 1764 1981 1824 Β
2009 1772 2087 1826 Ad
2117 1771 2403 1843 faciendam
2428 1769 2706 1824 vindictam
2748 1771 2803 1823 in
2854 1770 3168 1837 nationibus,
3206 1771 3581 1840 increpationes

326 1868 563 1933 dentem,
590 1868 801 1937 quando
824 1866 1029 1937 angelis
1056 1881 1258 1937 parem,
1278 1868 1490 1938 quando
1510 1883 1695 1923 revera
1718 1882 1897 1937 suum,

328 1977 487 2031 quem
522 1967 670 2014 tanto
717 1959 1043 2030 judicaverit
1070 1973 1292 2014 munere
1320 1959 1703 2014 coronandum.
1751 1958 1903 2013 Tunc

326 2051 470 2108 enim
500 2051 603 2108 erit
630 2051 1045 2120 beneplacitum,
1069 2051 1281 2122 quando
1310 2052 1424 2118 erit,
1455 2050 1901 2121 sicutApostolus

325 2143 475 2207 dicit,
508 2145 680 2199 omnia
720 2144 773 2197 in
814 2145 1046 2197 omnibus
1078 2140 1132 2214 (1
1177 2141 1297 2198 Cor.
1329 2158 1421 2209 xv,
1453 2142 1567 2213 28).
1603 2142 1901 2197 Mansuetos

326 2226 508 2289 autem
533 2234 795 2305 signiﬁcat
822 2235 1109 2303 patientes,
1140 2235 1228 2305 qui
1278 2234 1329 2288 in
1359 2232 1460 2289 hoc
1488 2233 1690 2289 mundo
1728 2234 1904 2289 diver-

328 2337 417 2380 sas
449 2324 744 2381 toleravere
772 2325 1058 2394 nequitias,
1082 2324 1176 2380 sed
1224 2339 1323 2395 pro
1351 2324 1443 2380 Dei
1472 2339 1637 2396 regno
1690 2326 1903 2382 luerunt

326 2414 663 2471 sanctissima
691 2414 976 2471 devotione
1022 2415 1282 2471 contenti.
1310 2413 1378 2470 In
1422 2417 1639 2471 salutem
1668 2416 1817 2483 dicit,
1845 2418 1903 2474 in

325 2508 486 2563 vitam
527 2515 807 2577 aeternam,
841 2522 1005 2577 quam
1054 2506 1160 2563 illis
1205 2506 1378 2578 justus
1421 2507 1678 2564 Dominus
1707 2507 1762 2563 in
1811 2507 1903 2565 illa

322 2598 651 2670 judicatione
681 2600 949 2655 restituet.

399 2690 549 2746 Vers.
584 2692 639 2746 5.
673 2691 1021 2747 Επδιιιιαὺαηε
1064 2692 1229 2748 sancti
1271 2692 1327 2747 in
1380 2692 1563 2764 gloria,
1598 2692 1904 2748 (tutabantur

326 2783 379 2838 in
401 2782 648 2837 cubilibus
679 2785 807 2838 suis.
838 2782 973 2839 Hinc
1013 2799 1182 2853 usque
1211 2783 1277 2839 ad
1328 2785 1486 2839 ﬁnem
1518 2785 1709 2854 psalmi
1733 2786 1904 2840 virtus

330 2874 543 2930 Domini
573 2876 919 2946 potentiaque
966 2874 1310 2947 praedicatur.
1339 2875 1563 2945 Quidem
1610 2876 1753 2930 enim
1795 2874 1906 2929 ior-

328 2965 432 3022 tius
458 2981 618 3036 quam
664 2974 866 3021 tantam
897 2974 1219 3037 potestatem
1264 2966 1465 3023 sanctis
1500 2971 1611 3022 suis
1640 2966 1898 3032 tribuere,

329 3066 385 3112 ut
402 3057 470 3113 de
495 3057 730 3113 inimicis
756 3066 991 3125 sumant,
1016 3057 1133 3128 ipso
1163 3057 1443 3128 largiente,
1473 3057 1766 3113 victorias?
1793 3056 1901 3115 Sed

2005 1864 2058 1918 in
2104 1862 2463 1933 ροριιιὶδνίειθ
2492 1860 2633 1917 enim
2682 1868 2808 1917 tunc
2854 1876 2981 1918 vere
3033 1861 3187 1932 ﬁunt,
3220 1864 3431 1933 quando
3461 1881 3580 1921 cum

2004 1956 2233 2013 Domino
2260 1954 2593 2025 iudicabunt.
2820 2014 2839 2029 .

2079 2047 2232 2103 Vers.
2266 2048 2318 2102 8.
2348 2048 2429 2102 Ad
2451 2047 2743 2121 alligandos
2773 2064 2913 2121 reges
2940 2065 3119 2104 eorum
3145 2049 3200 2105 in
3230 2052 3577 2123 compedibus,

2005 2150 2053 2196 ct
2077 2141 2271 2197 nobiles
2292 2158 2468 2197 eorum
2493 2144 2548 2197 in
2574 2143 2786 2198 vinculis
2809 2144 3007 2214 ferreis.

2076 2234 2229 2289 Vers.
2255 2233 2306 2289 9.
2347 2232 2415 2289 Ut
2445 2235 2639 2301 faciant
2688 2234 2743 2288 in
2790 2236 2862 2290 eis
2904 2235 3163 2304 judicium
3188 2236 3530 2308 conscriptum
3559 2253 3581 2293 :

2003 2324 2168 2393 gloria
2197 2325 2304 2379 htec
2330 2332 2403 2379 est
2445 2324 2675 2379 omnibus
2701 2326 2891 2379 sanctis
2918 2328 3050 2397 ejus.
3078 2325 3310 2396 Exponit
3336 2326 3461 2398 quid
3490 2327 3580 2383 ille

2005 2416 2213 2487 gladius
2244 2415 2403 2471 faciat
2435 2415 2513 2471 bis
2542 2423 2748 2472 acutus.
2781 2415 2971 2486 Alligat
2998 2433 3139 2488 reges
3167 2424 3314 2472 terra:
3356 2419 3408 2472 in
3438 2434 3576 2472 cont—

2007 2509 2238 2577 pedibus,
2262 2507 2405 2564 unde
2426 2508 2656 2565 liberum
2684 2522 2789 2563 non
2821 2508 2889 2563 sit
2917 2509 3089 2564 exire.
3116 2504 3339 2565 Vincula
3368 2524 3578 2580 quoque

2005 2600 2176 2657 ferrea
2208 2616 2370 2671 supra
2400 2601 2585 2657 mundi
2607 2600 2815 2657 nobiles
2843 2601 3013 2672 ponit,
3044 2608 3105 2656 ut
3132 2610 3185 2658 et
3217 2615 3337 2658 cum
3364 2612 3581 2674 portan-

2005 2701 2095 2750 tur
2122 2693 2233 2750 sint
2255 2694 2434 2765 gravia
2454 2733 2470 2760 ,
2514 2702 2567 2749 et
2610 2708 2778 2749 nexus
2811 2708 2996 2750 eorum
3030 2709 3281 2765 rumpere
3305 2695 3446 2751 nulla
3473 2698 3582 2751 vir.-

2007 2795 2119 2844 tute
2143 2787 2487 2858 pravaleant.
2519 2786 2632 2843 [loc
2654 2798 2737 2842 est
2759 2801 2953 2843 revera
2977 2786 3245 2842 canticum
3277 2802 3496 2854 novum,
3524 2796 3581 2841 nt

2007 2876 2086 2933 illi
2110 2892 2373 2948 pauperes
2402 2878 2491 2947 qui
2524 2877 2577 2932 in
2605 2876 2803 2933 mundo
2843 2876 2994 2934 fuere
3020 2877 3242 2946 derisui,
3283 2877 3353 2934 de
3380 2878 3580 2949 princi-

2010 2972 2163 3042 pibus
2184 2970 2391 3043 possint
2406 2970 2651 3040 judicare
2679 2976 2970 3027 terrarum.
2996 2969 3272 3041 Sequitur,
3296 2969 3363 3025 Ut
3390 2971 3584 3039 faciant

2007 3064 2060 3118 in
2088 3064 2158 3119 eis
2191 3064 2453 3134 judicium
2482 3062 2856 3132 conscriptum,
2891 3062 3073 3132 utique
3102 3061 3242 3132 quod
3269 3061 3399 3117 dicit
3442 3063 3584 3132 Apo-

327 3164 447 3206 cum
469 3149 597 3206 dicit
625 3164 640 3205 :
672 3149 1017 3205 Ezsultabunt
1042 3149 1208 3203 sancti
1230 3150 1285 3203 in
1306 3148 1492 3219 gloria,
1521 3148 1830 3203 laetabuntur
1851 3149 1905 3201 in
1931 3149 1978 3216 Ο,
2009 3158 2178 3214 διοιυε
2205 3175 2218 3211 ε
2251 3158 2331 3211 An
2373 3158 2575 3213 nescitis
2617 3156 2857 3225 quoniam
2910 3153 3118 3227 angelos
3160 3154 3508 3228 judicabimus
3530 3154 3583 3227 (Ι

327 3241 575 3297 cubilibus
619 3242 747 3307 suis,
797 3241 1050 3297 itttroitur
1090 3241 1203 3311 jam
1250 3240 1482 3296 secunda
1529 3240 1746 3311 positio,
1782 3254 1905 3311 quae

326 3335 568 3391 continet
613 3332 805 3406 gaudia
852 3341 1157 3389 sanctorum
1205 3340 1261 3389 et
1317 3340 1640 3403 potestatem
1688 3331 1904 3388 Christo

328 3425 682 3484 credentium.
714 3425 819 3482 Sed
857 3425 1192 3483 intendamus
1226 3440 1368 3481 nunc
1391 3408 1659 3495 quomodo
1683 3433 1904 3481 sancto-

329 3535 452 3577 rum
511 3518 799 3576 exsultatio
855 3518 1211 3575 describatur.
1270 3518 1453 3575 Gloria
1505 3528 1589 3575 est
1643 3520 1906 3575 bonorum

335 3622 547 3669 actuum
596 3611 930 3683 frequentata
977 3611 1231 3667 laudatio.
1264 3611 1341 3668 De
1381 3625 1484 3683 qua
1511 3611 1640 3681 justi
1669 3612 1910 3668 lwtantut'

331 3704 391 3759 in
433 3703 678 3759 cubilibus
708 3705 835 3773 suis,
888 3702 942 3758 id
971 3710 1055 3758 est
1105 3703 1161 3757 in
1208 3710 1421 3758 secreto
1469 3703 1736 3772 pectoris;
1769 3705 1909 3760 sicut

329 3794 618 3866 Apostolus
645 3796 814 3851 dicit:
842 3792 984 3849 Nam
1012 3794 1176 3865 gloria
1216 3802 1394 3849 nostra
1433 3794 1541 3848 lucc
1569 3802 1641 3849 est
1685 3796 1910 3850 testimo-

329 3890 476 3943 nium
501 3888 822 3943 conscientia
840 3896 1026 3942 nostra:
1049 3884 1133 3957 (II
1164 3885 1283 3943 Cor.
1310 3904 1347 3953 ι,
1382 3885 1493 3957 12).
1527 3886 1605 3942 lbi
1636 3887 1780 3942 enim
1813 3888 1908 3942 lae-

331 3990 533 4049 tantur,
562 3980 651 4035 ubi
685 3979 831 4036 solus
860 3978 951 4035 ille
995 3979 1269 4050 cognoscit
1312 3980 1401 4048 qui
1432 3977 1908 4048 donare‘dignatus

329 4083 435 4131 est.
457 4073 731 4130 Laetamur
758 4072 959 4142 utique,
987 4071 1202 4143 quando
1224 4070 1302 4127 sic
1323 4072 1519 4127 bonum
1544 4070 1826 4127 Dominum
1849 4085 1908 4129 se

330 4164 534 4223 habere
563 4166 921 4236 perpendunt,
952 4173 1011 4220 ut
1042 4166 1151 4221 reis
1183 4164 1348 4222 donet
1372 4164 1603 4230 veniam,
1642 4165 1909 4235 peccanti-

327 4256 429 4313 bus
452 4259 698 4327 gratiam,
729 4272 837 4313 non
862 4255 1196 4313 merentibus
1238 4254 1460 4327 gloriam
1500 4256 1905 4327 sempiternam.

327 4348 525 4407 Contra
553 4352 607 4407 in
634 4351 737 4407 hoc
780 4351 976 4408 saeculo
1023 4350 1221 4407 stultus
1251 4366 1283 4406 a
1312 4365 1373 4405 se
1409 4351 1551 4407 foras
1600 4351 1907 4421 egrediens,

2009 3248 2130 3307 Cor.
2175 3265 2252 3318 vt,
2281 3248 2380 3320 '5)?
2426 3250 2554 3317 Quis
2583 3249 2755 3321 possit
2784 3246 3054 3304 aestimare
3098 3248 3205 3304 tale
3234 3247 3585 3303 miraculum?

2008 3342 2128 3413 quis
2150 3351 2351 3398 tantam
2373 3342 2600 3414 gloriam
2626 3352 2805 3399 mente
2824 3340 3127 3412 complecti,
3151 3350 3210 3397 ut
3228 3340 3348 3398 illos
3370 3341 3585 3412 superbi

2008 3443 2064 3492 et
2086 3434 2253 3506 iniqui
2286 3445 2597 3508 peccatores
2626 3434 2835 3506 iudices
2864 3434 3158 3505 patiantur,
3193 3449 3328 3504 quos
3355 3433 3445 3489 hic
3472 3441 3585 3489 tan-

2007 3543 2165 3598 quam
2196 3528 2323 3584 vilia
2367 3542 2563 3600 pecora
2612 3526 2954 3583 trucidandos
2982 3540 3102 3582 esse
3130 3527 3491 3597 putaverunt?
3521 3525 3584 3580 Et

2009 3636 2077 3678 ne
2108 3621 2329 3677 forsitan
2367 3623 2513 3678 solos
2539 3620 2810 3691 apostolos
2833 3619 3166 3690 iudicaturos
3196 3628 3435 3689 putares,
3465 3624 3586 3690 qui-

2008 3712 2107 3768 bus
2132 3713 2234 3768 hoc
2264 3713 2523 3769 Dominus
2552 3712 2606 3767 in
2631 3711 2925 3783 Evangelio
2950 3712 3338 3781 compromisit,
3372 3711 3585 3781 adjecit,

2007 3807 2172 3878 gloria
2198 3809 2306 3862 lucc
2335 3816 2407 3862 est
2435 3805 2666 3861 omnibus
2690 3805 2880 3861 sanctis
2906 3806 3038 3875 eius.
3068 3803 3267 3864 Omnes
3296 3804 3436 3861 enim
3465 3819 3584 3859 cum

2009 3898 2223 3954 Christo
2247 3897 2509 3968 judicant,
2540 3895 2633 3966 qui
2681 3898 2800 3966 ejus
2848 3895 3048 3966 regulis
3092 3911 3200 3952 non
3246 3906 3584 3965 repugnant:

2008 3991 2262 4063 quoniam
2288 3989 2544 4061 quidquid
2582 3988 2659 4044 illi
2692 3988 2944 4059 placitum
2970 3986 3149 4053 fuerit,
3180 3996 3236 4043 et
3256 3988 3355 4058 ipsi
3379 3988 3463 4058 pia
3490 4004 3582 4044 vo-

2008 4082 2211 4141 luntate
2236 4082 2598 4139 consentiunt.
2628 4079 2732 4136 Sed
2756 4078 2998 4150 quamvis
3018 4087 3327 4134 sanctorum
3356 4086 3584 4148 potestas

2008 4183 2063 4230 et
2089 4173 2261 4245 gloria
2293 4170 2573 4241 multiplici
2602 4170 2867 4227 relatione
2897 4181 3115 4223 narrata
3159 4169 3250 4236 sit,
3303 4169 3479 4225 nullus
3507 4178 3584 4225 ta-

2009 4281 2133 4322 men
2157 4279 2342 4321 eorum
2378 4262 2685 4334 plenissime
2719 4262 2918 4318 habere
2956 4262 3135 4318 omnia
3162 4262 3419 4318 virtutum
3448 4277 3584 4333 prae-

2011 4358 2115 4413 mia
2139 4356 2425 4426 reperitur.
2451 4354 2610 4412 Solus
2637 4360 2719 4409 est
2746 4354 2893 4410 enim
2916 4352 3076 4410 Iesus
3098 4349 3363 4419 Christus,
3391 4352 3458 4409 de
3481 4368 3585 4422 quo

326 4442 561 4501 exsultat
581 4443 637 4498 in
663 4442 938 4499 hominum
966 4442 1179 4509 fabulis,
1202 4450 1258 4498 et
1278 4442 1472 4498 mereri
1489 4457 1548 4498 se
1569 4450 1740 4512 putat,
1763 4444 1905 4513 quod
2010 4447 2295 4520 Apostolus
2322 4448 2449 4503 dicit
2476 4465 2488 4501 ε
2522 4445 2588 4501 In
2611 4462 2707 4516 quo
2745 4446 2939 4501 habitat
2979 4446 3143 4501 omnis
3170 4446 3431 4518 plenitudo
3453 4446 3585 4500 divi-

326 4552 448 4592 eum
477 4550 658 4593 sermo
688 4535 855 4593 falsus
873 4534 1093 4593 exaltat.
1122 4535 1219 4592 Est
1243 4550 1371 4606 ergo
1394 4536 1594 4593 sanctis
1624 4536 1902 4606 disciplina
1934 4536 1983 4595 D
2006 4540 2181 4595 nitatis
2204 4540 2539 4611 corporaliter
2556 4537 2752 4611 (Colos.
2781 4554 2838 4605 ll,
2868 4537 2948 4609 9),
2969 4537 3025 4592 id
3045 4537 3585 4594 estsubstantialiter.

323 4628 590 4700 gloriandi
637 4640 693 4687 et
735 4631 925 4688 modus
972 4629 1175 4702 gaudii,
1208 4639 1269 4685 ut
1314 4630 1383 4685 ad
1412 4629 1562 4685 illum
1606 4629 1907 4688 referantur
2008 4633 2140 4688 Nam
2170 4647 2293 4687 cum
2325 4632 2518 4688 habeat
2538 4630 2795 4686 Dominus
2820 4630 3001 4685 omnia
3030 4629 3265 4697 perfecte
3290 4643 3354 4684 ac
3377 4642 3587 4685 summe

326 4721 469 4777 bona
498 4722 587 4792 qui
617 4722 806 4778 tribuit
833 4723 1107 4778 universa.
1130 4720 1266 4777 Nam
1293 4720 1337 4777 si
1368 4734 1623 4779 mensura
1650 4720 1791 4778 desit
1813 4720 1905 4778 la:-

327 4812 483 4881 titiae,
516 4828 625 4869 non
651 4821 737 4869 est
763 4814 1039 4884 gaudium,
1067 4814 1163 4870 sed
1190 4814 1367 4870 ruina.

396 4906 552 4962 Vers.
577 4906 632 4962 6.
658 4905 1038 4962 Ezsultationes
1059 4906 1157 4961 Dei
1177 4908 1230 4962 in
1249 4906 1484 4978 faucibus
1508 4922 1702 4977 eorum,
1726 4914 1773 4964 et
1796 4906 1907 4980 gla-

325 4998 403 5054 dii
429 4998 677 5068 ancipites
705 4998 760 5051 in
788 4997 1022 5053 manibus
1053 5014 1251 5054 eorum.

328 5111 344 5136 τ’
404 5088 560 5143 Veis.
592 5088 649 5143 7.
677 5088 760 5142 Ad
782 5088 1076 5157 faciendam
1100 5089 1376 5144 uindictam
1413 5091 1467 5145 in
1487 5092 1795 5160 nationibus,
1825 5092 1908 5147 in-

324 5179 643 5248 crepationes
668 5179 721 5234 in
744 5180 968 5251 populis.
1002 5179 1319 5235 intuendum
1352 5190 1435 5237 est
1463 5197 1620 5249 quam
1663 5184 1904 5253 pulchra,

298 5286 485 5345 aquam
516 5272 588 5327 sit
612 5272 884 5335 utilisista
915 5272 1220 5328 diversitas.
1250 5273 1513 5344 Superius
1533 5275 1670 5331 dixit
1692 5286 1908 5333 sanctos

323 5364 742 5423 exsultationem
771 5378 922 5420 suam
954 5363 1152 5420 habere
1196 5365 1248 5420 in
1279 5365 1544 5422 cubilibus
1587 5362 1718 5433 suis,
1767 5382 1909 5422 nunc

323 5458 458 5515 dicit
479 5459 691 5516 Domini
719 5458 1110 5516 exsultationes
1139 5458 1191 5513 in
1213 5473 1401 5515 eorum
1426 5458 1672 5514 faucibus
1699 5460 1903 5516 consti-

294 5561 467 5615 tutas
498 5572 511 5607 :
543 5554 876 5623 signiﬁcans,
932 5554 1183 5623 quoniam
1228 5554 1347 5611 sive
1397 5554 1740 5623 cogitatione,
1793 5555 1906 5613 sive

325 5648 502 5718 lingua
528 5649 747 5715 laudare
775 5664 883 5705 non
905 5648 1177 5715 desinunt,
1207 5664 1235 5703 a
1261 5661 1366 5718 quo
1391 5656 1591 5704 aeterna
1617 5648 1756 5703 dona
1786 5664 1907 5718 per-

321 5740 550 5809 cipiunt.
580 5741 795 5798 Transit
824 5756 1041 5813 quoque
1071 5739 1137 5795 ad
1170 5740 1539 5811 exponendam
1582 5748 1900 5807 potestatem

323 5831 584 5906 ipsorum,
613 5833 840 5893 dicendo
865 5852 879 5893 :
906 5843 955 5891 et
995 5834 1157 5910 gladii
1183 5832 1427 5906 ancipites
1454 5832 1507 5888 in
1535 5831 1767 5890 manibus
1811 5848 1899 5889 eo-

2012 4727 2173 4795 bona,
2206 4727 2299 4783 dat
2330 4726 2613 4796 unicuique
2656 4730 2814 4794 prout
2842 4722 2987 4790 vult;
3018 4730 3074 4778 et
3099 4721 3214 4792 ipse
3237 4731 3320 4778 est
3349 4722 3587 4778 omnium

2009 4824 2315 4873 sanctorum
2346 4815 2663 4886 (secundum
2694 4813 2975 4883 Joannem)
3006 4809 3286 4869 manifesta
3314 4810 3587 4882 plenitudo

2010 4909 2189 4982 (Joan.
2221 4924 2258 4977 t,
2289 4908 2400 4978 16).

2543 4998 2814 5055 Conclusio
2853 4996 3060 5069 psalmi.

2083 5093 2364 5152 Subtiliter
2390 5092 2704 5148 intuendum
2754 5098 2838 5147 est
2889 5085 3343 5157 quemadmodum
3388 5101 3586 5157 prince-

2013 5188 2144 5242 dens
2172 5186 2408 5254 psalmus
2438 5184 2563 5240 huic
2605 5182 2860 5254 praesenti
2886 5189 2939 5236 et
2966 5181 3019 5236 in
3047 5179 3219 5236 laudis
3250 5179 3428 5237 ofﬁcio
3457 5196 3587 5238 eon-

2007 5281 2244 5350 junctus,
2270 5288 2324 5334 et
2371 5277 2596 5348 quadam
2627 5274 2970 5330 distinctione
2998 5273 3198 5329 divisus
3239 5284 3342 5330 est.
3386 5274 3444 5329 ln
3489 5274 3586 5331 illo

2013 5371 2155 5427 enim
2187 5370 2254 5427 ad
2286 5367 2553 5440 praeconia
2576 5367 2788 5424 Domini
2826 5381 3015 5423 omnes
3043 5375 3317 5424 creaturas
3346 5367 3585 5423 hortatus

2010 5472 2114 5534 est,
2157 5462 2246 5517 hic
2296 5470 2473 5518 autem
2520 5458 2824 5517 distinctius
2870 5460 3225 5531 propriusque
3270 5460 3587 5531 signiﬁcavit

2012 5552 2170 5609 Israel
2194 5568 2388 5609 novum
2419 5552 2680 5607 canticum
2713 5551 2907 5607 debere
2926 5561 3168 5619 cantare,
3198 5551 3343 5607 etde
3372 5552 3586 5621 proprio

2010 5646 2234 5701 Domino
2260 5644 2438 5699 laetum
2470 5642 2609 5709 ﬁeri,
2638 5642 2730 5713 qui
2761 5657 2882 5697 eum
2906 5641 3033 5698 fecit
3052 5642 3121 5699 de
3144 5643 3378 5713 gentium
3411 5640 3587 5697 multi-

2008 5740 2195 5796 tudine
2223 5737 2555 5809 congregari.
2604 5735 3065 5793 Commemoratur
3116 5738 3276 5792 etiam
3323 5744 3580 5805 potestas,

2008 5848 2127 5907 qua:
2159 5831 2357 5894 sanctis
2387 5837 2470 5891 est
2496 5829 2550 5889 in
2582 5828 2679 5889 illo
2697 5829 3023 5902 judicatiuue
3054 5825 3367 5896 tribuenda;
3396 5834 3452 5883 ut
3478 5830 3583 5886 vita

2168 5979 2199 5990 ο-
