4078 6342
475 250 608 305 1051

1680 246 1749 302 Μ.
1791 243 2070 303 AURELII
2106 241 2512 302 CASSIODORI

3605 246 3758 303 1052

477 374 562 420 tus
593 361 806 420 Domini
838 364 904 420 in
937 377 1122 420 eorum
1172 361 1338 433 gloria
1389 358 1558 432 possit
1606 358 1842 428 agnosci.
1869 359 1961 416 Sic
2007 366 2060 414 et
2089 359 2144 421 A
2244 361 2400 416 Vcrs.
2429 360 2486 416 2.
2520 358 2751 413 Laudato
2777 373 2894 412 eum
2919 358 2975 414 in
3014 359 3356 429 potentatibus
3381 360 3516 432 ejus,
3545 360 3758 420 laudate

474 457 653 513 ollicio
681 456 856 513 laudis
899 456 1196 514 communis
1215 495 1234 522 ,
1260 461 1316 511 et
1342 469 1521 512 rerum
1550 454 1785 524 ipsarum
1815 453 2057 524 proprie-

477 559 590 610 tate
622 551 825 610 divisus
851 560 953 608 est.

947 665 1106 737 σοι
1147 663 1462 721 PSALMUS
1497 661 1602 720 CL.

1139 755 1384 814 Alleluia.

555 873 694 928 Ecce
735 872 930 929 iterum
960 873 1208 929 salutaris
1260 873 1352 929 ille
1397 885 1573 943 prmco
1605 872 1908 940 remittitur,
1957 887 2062 929 non

485 965 551 1023 de
574 966 718 1022 victu
741 965 969 1032 carnali,
997 965 1089 1021 sed
1116 967 1182 1022 de
1205 966 1356 1036 copia
1385 979 1610 1034 superna
1633 964 1926 1021 locuturus.
1952 963 2063 1018 Ad-

487 1073 767 1138 monemur
791 1060 936 1116 enim
963 1060 1149 1116 civitas
1179 1060 1294 1125 Dei,
1321 1068 1379 1115 ut
1408 1059 1474 1116 de
1501 1059 1682 1116 mundi
1710 1060 1910 1114 ambitu
1939 1072 2068 1113 con-

487 1163 722 1224 gregata,
752 1162 807 1208 et
847 1167 940 1208 ore
964 1162 1141 1209 cantet
1167 1163 1220 1209 et
1260 1154 1458 1208 aniruo.
1492 1153 1826 1223 Quapropter
1851 1151 1952 1206 hoe
1978 1150 2070 1206 Al-

487 1243 643 1298 leluia
674 1243 983 1312 plenissima
1030 1243 1323 1300 intentione
1350 1253 1626 1299 cantemus
1650 1285 1664 1309 ,
1712 1259 1831 1314 qua:
1859 1241 2070 1296 univer-

489 1349 599 1389 sam
630 1333 978 1404 psalmodiam
1003 1336 1055 1390 in
1081 1337 1357 1391 excelsum
1383 1336 1594 1390 culmen
1621 1334 1830 1388 Domini
1857 1333 2070 1402 dispen-

489 1426 699 1481 satione
729 1427 1002 1495 perduxit.
1055 1427 1185 1482 Nam
1217 1429 1363 1483 sicut
1408 1427 1544 1497 ignis
1591 1427 1689 1481 iste
1719 1425 1960 1481 mortalis
2004 1423 2073 1479 ad

490 1521 766 1588 superiora
793 1519 1073 1587 l'esrinans,
1108 1533 1289 1576 comas
1318 1521 1506 1577 rutilas
1532 1519 1688 1592 erigit
1715 1520 1766 1574 in
1792 1531 2070 1583 cacumen,

491 1612 561 1666 ita
588 1626 806 1668 carmen
853 1613 993 1668 istud
1037 1615 1290 1684 paulatim
1318 1629 1586 1679 crescens,
1618 1613 1684 1669 ad
1731 1612 1968 1669 caelestia
1998 1611 2075 1665 la-

491 1704 649 1774 stigia
669 1704 924 1760 virtutum
953 1705 1204 1775 gradibus
1229 1708 1482 1763 evolavit.
1503 1708 1654 1775 Quod
1681 1707 1727 1763 si
1757 1717 1809 1763 et
1835 1722 1931 1763 nos
1951 1719 2074 1761 eum

493 1797 646 1866 ipso,
681 1797 893 1854 Domini
930 1799 1146 1857 dextera
1195 1803 1541 1871 sublevante,
1573 1804 1739 1858 animi
1783 1804 2074 1860 devotione

495 1891 927 1960 conscendimus,
961 1909 1130 1964 usque
1157 1895 1222 1949 ad
1266 1896 1439 1966 ipsum
1469 1897 1753 1952 salutarem
1799 1896 1960 1955 ﬁnem
1985 1911 2078 1953 ve-

495 1979 612 2037 nire
631 1980 868 2052 dabitur,
893 1985 981 2055 qui
1005 1985 1165 2041 nullis
1189 1985 1449 2044 limitibus
1472 1987 1806 2044 terminatur.

1020 2095 1340 2153 Continentia
1367 2101 1571 2168 psalmi.

570 2180 814 2240 Psalmus
861 2185 963 2242 iste
989 2186 1194 2245 levatus
1232 2189 1298 2244 ad
1331 2189 1475 2245 illam
1520 2191 1841 2249 concordem
1868 2201 2080 2249 sancto-

499 2290 616 2332 rum
647 2279 884 2335 omnium
920 2283 1176 2338 unitatem
1201 2324 1216 2350 ,
1249 2283 1564 2342 divisionem
1597 2285 1794 2343 habere
1835 2301 1941 2343 non
1989 2289 2083 2344 de-

499 2367 616 2425 buit
647 2387 662 2424 :
695 2372 816 2441 quia
848 2372 1007 2430 ﬁnem
1039 2376 1198 2432 totius
1227 2379 1406 2449 operis
1436 2379 1686 2450 perduxit
1722 2380 1790 2436 ad
1831 2381 2081 2437 virtutem

500 2461 874 2532 inseparabilis
897 2465 1191 2524 Trinitatis.
1220 2470 1422 2527 Deinde
1442 2487 1548 2528 uno
1570 2487 1733 2529 sensu
1755 2475 1933 2530 omnia
1965 2488 2085 2544 per-

503 2560 692 2625 currit,
724 2568 782 2616 ut
827 2576 926 2617 nec
955 2577 1236 2630 personam
1281 2565 1551 2624 videretur
1579 2579 1783 2625 mutare
1829 2583 1928 2626 nec
1953 2584 2084 2625 cau-

504 2667 642 2708 sam.
676 2652 828 2722 Quod
873 2654 1087 2712 schema
1117 2658 1313 2714 dic‘itur
1355 2662 1612 2734 byrmos,
1660 2662 1872 2733 quando
1917 2663 2085 2720 series

502 2746 764 2804 orationis
809 2756 1049 2806 tenorem
1095 2766 1250 2807 suum
1281 2767 1447 2823 usque
1494 2755 1559 2810 ad
1591 2754 1834 2811 ultimum
1883 2763 2082 2811 servat.

503 2836 692 2895 Brevis
723 2849 826 2912 est,
869 2851 927 2897 ut
958 2842 1230 2901 fastidium
1274 2861 1380 2902 non
1409 2845 1660 2914 haberet;
1691 2849 1906 2902 musicis
1934 2863 2088 2919 orga-

504 2933 587 2986 nis
611 2933 820 3000 plenus,
845 2944 904 2990 ut
925 2936 1291 3005 spiritualibus
1317 2939 1562 2995 thalamis
1585 2939 1903 2996 redderetur
1922 2940 2090 3010 aptis-

504 3025 692 3093 simus,
723 3035 778 3080 et
805 3026 858 3081 in
885 3035 1028 3084 cmtu
1057 3043 1305 3100 supernae
1330 3029 1622 3087 Jerusalem
1654 3031 1877 3102 nuptiali
1909 3031 2090 3087 dulce-

2164 470 2278 508 eum
2324 452 2604 508 secundum
2653 450 3030 506 multitudinem
3068 452 3434 522 magnitudinis
3481 455 3615 525 ejus.
3658 455 3759 510 llic

2163 545 2272 616 jam
2293 560 2357 600 ex
2384 544 2622 614 potentia
2655 552 2709 598 et
2733 542 3097 612 magnitudine
3123 558 3217 598 sua
3251 543 3535 599 Dominum
3565 547 3762 615 praeci-

2163 637 2242 708 pit
2265 637 2463 692 debere
2508 635 2733 691 laudari.
2764 635 2851 691 Ait
2876 635 3020 692 enim
3055 651 3070 689 :
3103 635 3331 690 Laudate
3358 653 3475 690 eum
3500 637 3552 691 in
3581 647 3761 709 poten-

2186 731 2352 786 atibus
2376 733 2523 801 ejus;
2553 727 2761 784 laudate
2790 745 2902 784 eum
2932 729 3214 784 secundum
3240 729 3622 791 multitudinem
3649 749 3763 786 nta-

2167 821 2450 896 gnitudinis
2481 824 2613 895 ejus.
2667 822 2733 876 Et
2763 820 3213 893 quemadmodum
3261 821 3458 878 debeat
3503 823 3762 893 laudari,

2167 935 2338 989 usque
2366 919 2433 973 ad
2478 919 2636 974 ﬁnem
2670 917 2858 989 psalmi
2889 933 2986 986 per
3013 918 3268 989 mysticas
3312 918 3607 976 allusiones
3635 935 3767 975 con-

2169 1020 2456 1082 sequenter
2496 1011 2737 1080 exponit.
2783 1009 3089 1065 Polenlalus
3140 1009 3311 1080 ipsius
3351 1019 3474 1075 est,
3526 1009 3668 1067 sicut
3707 1013 3768 1068 in

2171 1111 2358 1160 octavo
2389 1104 2593 1172 psnlmo
2622 1103 2822 1158 dictum
2870 1112 2952 1158 est
2986 1121 2998 1157 :
3035 1103 3226 1157 Omnia
3253 1105 3514 1176 subjecisti
3556 1105 3649 1161 sub
3679 1122 3768 1176 pe-

2177 1193 2327 1248 dibus
2353 1197 2484 1266 ejus,
2531 1209 2643 1250 oves
2671 1201 2717 1248 et
2756 1193 2898 1247 boves
2924 1193 3206 1260 universas,
3251 1194 3464 1265 insuper
3490 1203 3536 1249 et
3583 1211 3770 1263 pecora

2175 1289 2344 1358 campi
2371 1286 2543 1359 (Psal.
2571 1302 2684 1353 vm,
2726 1286 2805 1357 8).
2841 1288 2906 1341 Et
2946 1286 3239 1358 Apostolus
3273 1304 3287 1340 :
3319 1287 3413 1342 Cui
3453 1305 3600 1343 omne
3625 1305 3769 1361 genss

2175 1381 2394 1450 ﬂectitur
2410 1380 2706 1446 caelestium,
2728 1380 3037 1436 terrestrium
3058 1382 3432 1452 etjnfernorum
3447 1381 3666 1453 (Philip.
3697 1399 3759 1452 tr,

2180 1471 2289 1542 10).
2307 1471 2717 1528 Consideremus
2731 1473 2893 1528 etiam
2911 1473 3083 1542 qualis
3106 1487 3193 1528 res
3209 1474 3406 1544 populo
3422 1473 3574 1530 beato
3589 1491 3764 1543 quan-

2178 1572 2338 1636 taque
2369 1565 2697 1636 przecipitur.
2725 1564 2979 1637 Sequitur
3010 1566 3177 1632 enim,
3208 1566 3417 1621 laudate
3443 1582 3558 1621 eum
3585 1583 3774 1621 secun-

2181 1656 2302 1710 dum
2329 1656 2708 1712 multitudinem
2732 1657 3100 1728 magnitudinis
3123 1661 3258 1729 ejus.
3285 1656 3438 1726 Quis,
3468 1671 3624 1727 rogo,
3651 1673 3776 1727 pos-

2108 1757 2153 1818 B
2185 1749 2258 1805 sit
2283 1765 2404 1806 eum
2435 1749 2654 1807 laudare
2691 1750 2983 1807 secundum
3012 1751 3405 1807 multitudinem
3453 1751 3775 1822 magnitudi-

2184 1844 2267 1898 nis
2313 1843 2470 1913 ejus,
2517 1859 2638 1898 cum
2687 1845 2741 1898 in
2789 1845 3084 1900 centesimo
3131 1842 3543 1914 quadragesimo
3583 1855 3775 1914 quarto

2183 1935 2388 2008 psalmo
2414 1937 2612 1992 dictum
2639 1936 2714 1992 sit
2743 1953 2760 1992 :
2792 1933 3017 2009 Magnus
3040 1935 3290 1990 Dominus
3321 1945 3370 1990 et
3392 1934 3668 1990 laudabilis
3689 1937 3770 1990 ni-

2182 2031 2300 2095 mis,
2329 2039 2378 2085 et
2407 2030 2773 2101 magnitudinis
2794 2033 2904 2103 ejus
2931 2045 3028 2084 non
3052 2038 3123 2084 est
3151 2029 3270 2099 finis
3294 2028 3463 2101 (Psal.
3485 2045 3656 2095 cxuv,
3682 2030 3768 2097 δη

2183 2123 2291 2181 Sed
2314 2125 2434 2181 vide
2456 2125 2646 2196 quibus
2673 2124 2889 2191 dicitur,
2918 2131 2974 2180 et
3002 2123 3248 2179 dubietas
3277 2123 3424 2178 nulla
3448 2122 3760 2191 remanebit,

2185 2217 2366 2288 utique
2394 2217 2778 2288 spiritualibus,
2819 2223 2876 2272 et
2914 2215 2981 2271 de
3013 2216 3126 2286 ipsa
3169 2213 3345 2285 potius
3386 2215 3556 2270 laudis
3579 2229 3770 2284 opera-

2186 2312 2330 2366 tione
2359 2311 2680 2368 valentibus.
2711 2310 2842 2366 Nam
2883 2326 3004 2366 cum
3045 2309 3302 2380 potentiae
3333 2310 3545 2366 Domini
3595 2309 3777 2366 nullus

2188 2403 2260 2460 sit
2288 2403 2429 2471 linis,
2477 2401 2770 2458 secundum
2803 2401 3218 2473 magnitudinem
3251 2415 3402 2457 suam
3432 2400 3774 2472 praedicatur,

2192 2495 2408 2566 quando
2435 2496 2552 2550 sine
2580 2495 2684 2549 ﬁne
2711 2494 3033 2550 laudabitur.

2187 2609 2189 2612 ⁴
2261 2584 2413 2640 Vers.
2444 2587 2496 2640 '5.
2529 2584 2758 2640 Laudate
2784 2601 2898 2640 eum
2929 2586 2981 2639 in
3009 2601 3132 2640 sono
3161 2585 3315 2652 tubas,
3346 2584 3559 2640 laudate
3585 2600 3701 2639 eum
3726 2586 3782 2638 in

2187 2678 2432 2749 psalterio
2452 2686 2499 2731 et
2527 2677 2745 2732 cithara.
2770 2677 2866 2734 Hic
2895 2679 3247 2735 instrumenta
3277 2679 3480 2734 musica
3509 2677 3782 2750 signiﬁca-

2188 2768 2283 2826 hili
2325 2771 2488 2826 modo
2516 2771 2580 2826 ad
2626 2771 2826 2841 aliquid
2857 2781 3129 2841 ponuntur
3172 2771 3226 2828 in
3256 2772 3499 2828 ordinem
3525 2814 3542 2840 ,
3571 2780 3630 2826 ut
3659 2771 3783 2827 tuba

2189 2873 2481 2934 concrepet
2514 2864 2664 2934 Regi,
2715 2865 3030 2934 psalterium
3059 2875 3217 2921 canat
3246 2865 3378 2931 Deo,
3421 2864 3630 2922 cithara
3661 2879 3782 2922 cum

2193 2959 2412 3030 reliquis
2451 2959 2682 3029 Sponsa.
2717 2959 2822 3015 Ista
2851 2961 2994 3014 enim
3037 2960 3109 3015 ibi
3139 2975 3245 3016 non
3274 2975 3398 3016 esse
3440 2960 3782 3015 manifestum

2190 3059 2296 3119 est,
2321 3051 2416 3107 sed
2443 3049 2560 3106 lucc
2581 3051 2756 3106 omnia
2781 3053 3023 3123 mysticis
3044 3052 3394 3108 allusionibus
3423 3052 3488 3107 ad
3509 3051 3783 3108 Christum

505 3115 630 3172 dine
658 3128 986 3176 eantaretur.
1020 3121 1250 3178 intentio
1289 3137 1417 3179 vero
1445 3123 1561 3193 ejus
1592 3115 1705 3193 ipsa
1750 3132 1852 3188 est,
1899 3134 1957 3180 ut
1989 3124 2089 3180 Do-

2197 3143 2476 3200 Domiuum
2527 3152 2738 3200 constat
2776 3159 2896 3200 esse
2925 3144 3225 3201 referenda.
3278 3143 3424 3198 Tuba
3459 3155 3547 3200 est
3576 3142 3785 3199 corneis

511 3209 688 3265 minus
717 3211 784 3268 de
813 3221 1119 3270 sanetordm
1145 3217 1555 3287 congregatione
1585 3216 1846 3283 laudetur,
1877 3217 1967 3287 qui
1993 3232 2088 3274 eos

510 3304 727 3375 imagini
757 3320 867 3362 suae
906 3309 1196 3364 restituens
1221 3349 1236 3375 ,
1270 3307 1608 3379 fragilitatem
1649 3307 1777 3364 feeit
1821 3307 2092 3379 deponere

508 3397 688 3451 carnis
709 3405 763 3452 et
783 3400 1077 3466 sanguinis.
1103 3400 1221 3456 Jam
1241 3399 1543 3456 conformes
1573 3400 1756 3472 gloria:
1784 3414 1893 3456 suae
1917 3401 1972 3456 in
2001 3402 2092 3458 illa

510 3486 843 3544 beatitudine
865 3489 1172 3561 collocavit,
1197 3499 1255 3545 ut
1277 3491 1535 3548 bonorum
1559 3493 1797 3549 omnium
1818 3494 2094 3551 abundau-

511 3581 584 3634 tia
607 3582 1008 3652 complcantur;
1044 3585 1112 3642 de
1138 3585 1334 3656 quibus
1361 3586 1492 3643 dicit
1511 3588 1800 3657 Apostolus
1831 3606 1844 3644 ε
1881 3589 1982 3655 Qui
2011 3590 2094 3645 be-

513 3675 705 3730 nedixit
727 3693 817 3732 nos
840 3677 895 3732 in
934 3679 1072 3734 omni
1098 3679 1442 3737 benedictione
1474 3682 1750 3754 spirituali,
1780 3693 1836 3738 ut
1873 3700 2094 3740 essemus

511 3769 673 3824 sancti
692 3777 740 3825 et
761 3770 1077 3828 immaculati
1097 3789 1274 3828 coram
1292 3773 1406 3844 ipso
1426 3773 1638 3847 (Ephes.
1663 3790 1700 3844 l,
1723 3775 1778 3843 5,
1800 3774 1878 3847 4).

1049 3884 1320 3957 Expositio
1351 3888 1553 3958 psalmi.

589 3973 742 4033 Vers.
771 3976 826 4034 l.
853 3975 1092 4033 Laudato
1117 3977 1394 4036 Dominum
1419 3982 1472 4035 in
1495 3981 1687 4037 sanctis
1707 3984 1852 4052 ejus;
1885 3981 2097 4037 laudate

513 4082 628 4122 eum
652 4068 706 4122 in
733 4069 1058 4138 firmamento
1081 4071 1282 4125 uirtutis
1315 4073 1448 4142 ejus.
1481 4071 1768 4143 Diligenter
1805 4072 2094 4143 inspicien-

517 4158 644 4215 dum
687 4169 772 4216 est
799 4160 934 4218 liber
972 4163 1075 4218 iste
1116 4163 1452 4220 Psalmorum
1481 4179 1586 4235 qua
1615 4165 1889 4222 suavitatis
1928 4166 2096 4234 gratia

522 4252 860 4318 terminatur,
906 4264 962 4308 et
999 4255 1447 4324 quemadmodum
1488 4257 1737 4326 reSpiciat
1783 4257 1850 4313 ad
1895 4259 2096 4328 princi-

519 4345 666 4414 pium
696 4358 874 4399 suum.
907 4345 1045 4400 Dicit
1069 4348 1212 4402 enim
1241 4348 1522 4417 propheta,
1553 4348 1782 4418 receptis
1807 4350 1858 4403 in
1890 4349 1978 4404 illa
2009 4351 2100 4406 Je-

520 4434 750 4492 rusalem
779 4438 968 4493 sanatis
994 4438 1126 4504 suis,
1159 4439 1440 4495 Dominum
1478 4441 1676 4498 debere
1719 4443 1964 4508 laudare;
1996 4445 2100 4499 sci-

2193 3238 2430 3310 partibus
2473 3236 2743 3302 adunatis,
2775 3246 2864 3292 aut
2894 3237 3076 3308 aliquo
3114 3236 3332 3292 metallo
3373 3236 3667 3306 productus
3697 3245 3780 3290 tu.

2197 3331 2376 3399 huius,
2415 3347 2447 3385 a
2487 3330 2671 3400 patulo
2701 3331 2905 3386 circulo
2934 3329 3214 3397 inchoans,
3246 3339 3301 3385 et
3326 3330 3582 3385 desinens
3610 3331 3661 3384 in
3692 3344 3783 3382 an-

2193 3429 2350 3494 gusto
2377 3420 2659 3476 foramine.
2703 3420 2828 3477 lizec
2863 3418 3052 3491 spiritu
3092 3427 3328 3475 retracto
3353 3419 3649 3488 completa,
3678 3426 3783 3474 ter-

2191 3513 2335 3570 ribili
2366 3514 2746 3582 personatione
2771 3514 3041 3578 dilatatur,
3068 3528 3190 3584 qua:
3221 3522 3314 3567 aut
3343 3511 3606 3568 bellorum
3647 3519 3769 3566 tetri-

2191 3608 2416 3679 poribus
2459 3607 2710 3674 sumitur,
2759 3617 2850 3663 aut
2896 3607 3059 3678 regiis
3102 3606 3424 3662 adventibus
3471 3614 3773 3676 apparatur.

2195 3697 2508 3754 Psalterium
2534 3713 2667 3754 vero
2701 3707 2785 3754 est
2816 3698 2870 3753 in
2898 3697 3115 3754 modum
3154 3697 3380 3753 citharas
3404 3710 3660 3753 conversa
3689 3709 3782 3766 po-

2197 3792 2342 3848 sitio.
2373 3792 2574 3849 Buccas
2600 3793 2744 3848 enim
2784 3790 3042 3864 quasdam
3087 3805 3312 3848 sonoras
3339 3790 3462 3860 ligni
3502 3796 3680 3860 gestat
3721 3788 3779 3842 in

2195 3889 2373 3959 capite
2405 3906 2418 3941 :
2455 3887 2544 3944 ubi
2575 3888 2643 3944 ab
2687 3888 2798 3944 imo
2826 3887 3126 3954 venientes,
3169 3883 3480 3940 chordarum
3520 3894 3686 3935 sonos
3715 3881 3774 3934 in

2195 3981 2363 4037 altum
2391 3981 2549 4052 rapit,
2573 3990 2629 4037 et
2652 3979 2976 4052 gratissima,
3009 3987 3270 4049 quantum
3292 3975 3500 4040 dicitur,
3529 3973 3786 4028 modula-

2195 4077 2345 4134 tione
2384 4076 2695 4148 respondet.
2740 4073 2952 4129 Cithara
2989 4073 3134 4130 euim
3164 4071 3294 4144 ligni
3338 4067 3568 4141 quodam
3594 4074 3795 4122 ventre

2199 4173 2423 4230 inferius
2441 4171 2760 4238 constituto,
2791 4185 2822 4224 a
2853 4184 3063 4226 summo
3091 4167 3416 4224 chordarum
3444 4164 3551 4219 ﬁlis
3567 4162 3800 4218 venien-
3835 4142 3858 4290 ι

2200 4269 2339 4290 δι---
2369 4279 2532 4290 μη.--
2571 4263 2758 4290 -....:..:.
2813 4274 2972 4290 ..η-η-
3011 4263 3064 4290 ι...
3098 4276 3255 4290 ...η-.-
3285 4258 3514 4290 -..οισι-ιι.
3543 4252 3805 4290 tuan-“'5.

2200 4269 2341 4325 tibus
2368 4279 2533 4323 sonos
2571 4263 2782 4335 recipit,
2812 4274 2973 4334 atque
3011 4263 3066 4318 in
3098 4276 3256 4316 unam
3285 4258 3516 4330 gratiam
3539 4252 3805 4325 jucundi-

2199 4363 2327 4417 tatis
2357 4359 2568 4417 emittit.
2590 4357 2724 4424 Quae
2746 4357 2926 4411 omnia
2957 4354 3202 4410 humanis
3222 4353 3431 4408 actibus
3459 4355 3802 4419 comparata,

2202 4454 2494 4527 ﬁguraliter
2515 4451 2586 4507 ibi
2609 4450 2859 4507 dicuntur
2878 4450 3063 4505 laudes
3086 4446 3295 4504 Domini
3315 4457 3630 4517 personare.

520 4537 647 4592 licet
676 4535 874 4608 quibus
902 4537 1019 4607 ipse
1044 4536 1267 4594 formam
1296 4539 1716 4595 conversationis
1743 4539 1994 4594 ostendit.
2024 4540 2100 4595 De
2127 4555 2176 4615 ι)
2273 4543 2427 4597 Vers.
2462 4541 2516 4595 4.
2545 4540 2778 4596 Laudare
2805 4556 2922 4595 eum
2949 4541 3004 4594 in
3031 4548 3272 4612 tympano
3301 4547 3346 4593 et
3375 4537 3551 4605 choro,
3586 4536 3814 4591 laudate

519 4644 628 4700 quo
673 4629 872 4685 dictum
915 4641 998 4685 est
1027 4648 1040 4683 :
1072 4628 1264 4686 Beatus
1303 4632 1381 4686 uir
1407 4632 1491 4702 qui
1522 4647 1622 4686 non
1655 4632 1776 4686 abiit
1805 4633 1860 4684 in
1887 4632 2100 4687 consilio

518 4723 793 4792 impiorum
819 4720 992 4793 (Psal.
1026 4738 1066 4787 r,
1097 4724 1173 4794 l),
1202 4733 1308 4780 etc.
1335 4725 1440 4796 ipsi
1470 4733 1595 4781 sunt
1623 4723 1764 4782 enim
1791 4727 1981 4796 sancti,
2009 4727 2101 4796 qui

522 4816 714 4872 eodem
743 4816 1004 4887 largiente
1026 4815 1147 4885 ejus
1171 4817 1468 4874 imitatores
1493 4831 1614 4872 esse
1635 4826 1964 4872 meruerunt.
1996 4816 2102 4874 Sed

522 4908 695 4978 qualis
725 4907 1005 4964 veneratio
1032 4908 1233 4964 sanctis
1262 4908 1540 4975 debeatur,
1562 4918 1917 4981 congruenter
1936 4923 2105 4978 expo-

527 5003 669 5057 nitur
686 5044 700 5068 ,
732 5012 789 5059 ut
808 5019 915 5059 non
938 5003 1062 5074 ipsi,
1083 5003 1180 5058 sed
1204 5001 1464 5059 Dominus
1492 5003 1684 5058 debeat
1705 5003 1771 5060 de
1797 5019 1980 5058 eorum
2013 5003 2104 5072 ju-

524 5093 844 5152 stiﬁcatioue
871 5096 1173 5167 praedicari.
1198 5095 1292 5152 Ille
1317 5096 1460 5152 enim
1486 5097 1657 5166 primo
1678 5100 1796 5151 loco
1816 5095 2106 5166 gloriﬁcari

525 5185 706 5254 debet,
754 5187 842 5257 qui
889 5187 1223 5257 praedicanda
1267 5188 1534 5244 concedit.
1582 5187 1747 5242 iustis
1786 5196 1963 5242 autem
2011 5186 2108 5241 ha-

526 5278 704 5335 benda
744 5280 1044 5336 reverentia
1089 5290 1192 5348 est,
1225 5281 1348 5350 quia
1379 5278 1559 5334 divina
1602 5291 1820 5332 munera
1853 5291 2108 5348 percepe-

528 5380 669 5426 runt.
687 5372 958 5442 Sequitur,
977 5373 1182 5426 laudate
1201 5387 1318 5426 eum
1335 5372 1390 5426 in
1412 5373 1732 5438 ﬁrmamento
1755 5371 1954 5426 virtutis
1972 5374 2104 5443 ejus.

531 5461 780 5518 Firmitas
815 5462 1024 5519 virtutis
1052 5464 1170 5534 ejus
1199 5472 1301 5529 est,
1332 5464 1454 5534 quia
1484 5462 1710 5520 exitium
1741 5477 1838 5534 pro
1868 5463 2107 5519 omnium

530 5555 702 5610 salute
722 5553 1041 5623 suscipiens,
1064 5563 1287 5610 mortem
1312 5556 1480 5623 ipsam
1503 5569 1626 5610 eum
1649 5564 1870 5610 auctore
1893 5555 2111 5625 nequis-

528 5648 670 5704 simo
697 5647 947 5716 potentia:
971 5660 1084 5701 sua:
1109 5647 1304 5700 virtute
1334 5647 1624 5715 superavit,
1656 5647 1848 5704 inferni
1879 5648 2111 5705 claustra

528 5739 752 5808 dirupit,
792 5739 1097 5794 haesitantes
1125 5739 1518 5794 resurrectione
1545 5741 1775 5810 sanavit,
1807 5749 1861 5796 et
1887 5741 2112 5801 ﬁrmiter

533 5834 816 5892 credentes
835 5847 1004 5906 usque
1023 5833 1090 5891 ad
1110 5833 1369 5890 calorum
1393 5849 1553 5905 regna
1576 5837 1842 5922 perduxit.

2203 4651 2318 4690 eum
2347 4635 2400 4688 in
2447 4635 2653 4688 chordis
2682 4643 2728 4687 et
2757 4649 2967 4705 organo.
3001 4631 3094 4689 isti
3134 4647 3348 4704 quoque
3392 4645 3584 4687 versus
3611 4631 3632 4699 (
3657 4631 3816 4686 sicut
3847 4631 3861 4706 ί

2204 4727 2403 4783 dictum
2431 4728 2536 4796 est)
2564 4739 2732 4796 usque
2757 4726 2824 4781 ad
2853 4727 3018 4782 linem
3043 4724 3112 4780 ad
3141 4724 3372 4796 hymnos
3400 4723 3678 4793 pertinent
3705 4737 3819 4778 nn-

2207 4823 2416 4892 ptiales.
2449 4820 2774 4892 Tympanum
2796 4829 2878 4876 est
2902 4819 3052 4890 quasi
3079 4818 3286 4874 duobus
3327 4815 3522 4872 modiis
3545 4815 3690 4871 solis
3719 4830 3822 4872 ca-

2205 4914 2405 4985 pitibus
2455 4912 2900 4968 convenientibus
2945 4924 3106 4980 supra
3145 4921 3240 4966 eos
3271 4907 3408 4964 tonsi
3435 4906 3572 4964 eorii
3599 4921 3825 4963 sonora

2208 5005 2508 5074 resultatio,
2539 5004 2682 5076 quod
2730 5003 2920 5059 musici
2969 5001 3350 5072 diseiplinabili
3391 5013 3650 5057 mensura
3689 5013 3828 5070 per-

2212 5099 2492 5166 cutientes,
2535 5097 2804 5168 geminata
2831 5097 3173 5153 resonatione
3204 5093 3564 5151 modulantur.
3597 5091 3831 5148 Chorus

2209 5201 2290 5247 est
2333 5191 2682 5260 plurimarum
2708 5203 2898 5247 vocum
2925 5189 2991 5245 ad
3020 5186 3298 5244 suavitatis
3333 5185 3554 5242 modum
3593 5191 3837 5254 tempa-

2209 5290 2323 5338 rata
2355 5282 2624 5338 collectio.
2657 5281 2930 5352 Sequitur,
2958 5281 3172 5336 laudate
3197 5295 3320 5338 sunt
3337 5279 3393 5334 in
3420 5277 3642 5333 chordis
3659 5287 3722 5332 et
3741 5293 3840 5334 ar-

2211 5393 2365 5448 gano.
2394 5376 2658 5444 Quoniam
2692 5385 2888 5447 prater
2917 5377 3180 5448 psalmum
3207 5383 3262 5431 et
3289 5373 3550 5430 citharam
3581 5371 3678 5443 (ns
3701 5371 3842 5445 qui-

2217 5469 2338 5524 dam
2385 5469 2594 5539 dicunt)
2628 5468 2730 5524 alia
2777 5467 3002 5523 inveniri
3031 5474 3300 5538 poterant,
3330 5479 3451 5536 quae
3476 5463 3844 5521 chordarum

2215 5562 2551 5618 tensionibus
2581 5570 2952 5631 personarent,
2984 5558 3306 5632 generaliter
3332 5557 3564 5615 chordas
3583 5560 3847 5642 ppsnit;

2216 5663 2278 5709 ut
2302 5667 2464 5709 omne
2493 5655 2667 5723 ipsum
2712 5653 3126 5708 instrumentum
3155 5651 3416 5706 musicum
3443 5647 3675 5706 Domini
3719 5653 3854 5710 lan-

2217 5749 2374 5804 dibus
2395 5749 2696 5818 deputaret.
2721 5748 2990 5820 Organum
3011 5749 3189 5818 itaque
3209 5757 3291 5802 est
3309 5747 3463 5818 quasi
3482 5747 3660 5803 turris
3675 5765 3856 5822 qua-

2218 5839 2342 5896 dam
2371 5839 2598 5898 diversis
2627 5840 2816 5897 ﬁstulis
2843 5838 3122 5906 fabricata,
3141 5836 3340 5908 quibus
3357 5836 3488 5896 ﬂatu
3511 5836 3708 5914 ιη
3739 5841 3862 5902 [οι-
