4078 6342
355 275 497 333 1055

1222 260 1229 265 ’
1321 275 1682 334 EXPOSlTlO
1719 276 1785 333 lN
1825 275 2286 335 rsumsmuu.
2328 278 2520 335 esse.
2560 278 2664 336 CL.

3492 285 3635 342 1054

350 392 484 449 lium
506 406 612 447 vox
639 390 1010 462 copiosissima
1039 391 1370 461 destinatur;
1402 405 1457 450 et
1478 406 1535 453 ut
1561 411 1679 451 eam
1703 396 1944 454 modula-
1974 398 2025 458 A
2050 405 2326 465 gratanter
2363 406 2691 467 agnoscant,
2723 404 2781 453 et
2803 397 2892 465 qui
2933 396 3109 454 adhuc
3150 399 3314 457 rudes
3346 408 3489 470 sunt,
3521 404 3636 472 pla-

351 487 427 543 tio
457 485 659 541 decora
687 495 974 554 componat
1001 527 1017 551 ,
1066 486 1260 555 linguis
1292 487 1606 556 quibusdam
1657 489 1846 557 ligneis
1876 490 1943 546 ab

349 576 606 631 interiore
638 584 789 644 parte
810 577 1159 642 construitur,
1186 593 1316 647 quas
1344 579 1806 648 disciplinabiliter
1830 596 1943 636 ma-

348 676 639 746 gistrorum
672 674 824 743 digiti
868 675 1254 745 reprimentes,
1284 677 1659 747 grandisonam
1703 677 1945 737 efﬁciunt

348 777 404 825 et
428 767 803 824 suavissimam
831 767 1176 825 cantilenam.

426 861 578 917 Vers.
613 858 667 916 5.
700 858 936 914 Laudate
973 877 1087 916 eum
1113 863 1167 916 in
1193 864 1437 933 cymbalis
1465 864 1586 921 bene
1615 866 1936 936 sonantibus,

348 953 558 1011 laudate
584 968 697 1007 eum
726 953 781 1005 in
812 953 1057 1022 cymbalis
1086 955 1210 1008 bene
1238 957 1569 1012 tinnientibus
1600 974 1619 1012 :
1649 959 1815 1013 omnis
1835 960 1939 1030 spi-

345 1048 475 1100 ritus
495 1042 674 1097 laudet
698 1040 995 1098 Dominum.
1021 1044 1089 1099 Ut
1114 1045 1204 1099 illa
1233 1049 1509 1116 superiora
1538 1064 1631 1119 per
1653 1051 1938 1107 allusioncs

345 1141 604 1207 quasdam
635 1142 702 1197 de
748 1143 951 1197 sanctis
993 1142 1135 1198 dicta
1168 1140 1490 1197 deberemus
1538 1145 1819 1212 accipere,
1871 1145 1937 1200 ad

345 1233 521 1302 ipsum
546 1251 759 1308 quoque
780 1252 842 1292 os
868 1237 1101 1292 hominis
1126 1236 1289 1291 venit.
1317 1236 1421 1293 Sed
1445 1236 1832 1293 consideranda
1856 1245 1939 1293 est

342 1329 627 1385 verborum
674 1331 902 1386 istorum
950 1330 1086 1386 tacta
1118 1330 1378 1386 discretio
1400 1369 1416 1395 ,
1448 1338 1507 1385 ut
1551 1330 1785 1400 cymbala
1816 1331 1938 1385 bene

342 1422 604 1487 sonantia,
651 1422 787 1477 labia
819 1430 998 1477 nostra
1030 1422 1324 1477 debeamus
1364 1422 1644 1491 accipere;
1675 1437 1794 1492 quae
1827 1437 1933 1477 non

342 1512 615 1569 immerito
645 1514 788 1571 inter
814 1516 1170 1571 instrumenta
1199 1518 1397 1571 musica
1433 1517 1603 1584 posita
1632 1526 1778 1583 sunt,
1811 1520 1934 1589 quia

338 1614 393 1661 et
424 1606 715 1662 similitudo
739 1609 984 1676 quaedam
1015 1616 1097 1663 cst
1123 1608 1513 1680 cymbalorum,
1548 1618 1603 1664 et
1632 1625 1724 1679 per
1751 1625 1813 1665 ea
1843 1626 1935 1663 vo-

338 1711 429 1753 ces
458 1698 705 1754 humana:
731 1698 1066 1755 harmoniam
1103 1699 1330 1755 reddere
1368 1700 1750 1756 suavissimam
1780 1715 1931 1755 com-

2049 490 2269 546 nissime
2294 490 2435 545 dicta
2465 491 2581 549 sine
2610 489 2904 547 otl‘ensione
2935 492 3252 563 percipiant.

2509 653 2781 710 Conclusio
2810 655 3161 711 Psalmorum.

2116 766 2416 838 Explicitus
2455 778 2537 825 est
2574 770 2802 826 decorus
2844 776 2900 825 et
2930 768 3189 826 mirabilis
3228 769 3362 827 ordo
3390 771 3635 828 Psalmo-

2043 878 2183 930 rum,
2219 879 2443 920 numero
2469 864 2685 935 quidem
2712 864 2941 933 mystico
2970 865 3315 933 terminatus,
3333 867 3425 921 sed
3463 866 3634 922 sacris

2042 955 2336 1012 virtutibus
2362 957 2630 1025 inﬁnitus;
2664 956 3000 1014 solummodo
3024 956 3097 1011 illi
3126 958 3191 1011 ad
3217 957 3517 1012 dimensum
3542 973 3633 1012 co-

2043 1049 2244 1119 gnitus,
2277 1050 2364 1118 qui
2399 1065 2615 1105 arenam
2653 1051 2836 1116 maris,
2870 1049 3165 1119 pluviarum
3194 1057 3390 1120 guttas,
3421 1058 3631 1104 creatu-

2041 1156 2223 1195 rarum
2250 1142 2487 1196 omnium
2516 1152 2736 1197 naturas
2762 1142 3137 1197 dinumerabili
3162 1143 3457 1211 quantitate
3484 1157 3631 1196 com-

2042 1232 2310 1301 plectitur.
2352 1234 2456 1289 Sed
2487 1235 2731 1303 quamvis
2758 1250 2788 1289 a
2820 1234 2973 1289 nobis
3011 1250 3075 1288 ex
3107 1243 3218 1288 toto
3245 1233 3629 1303 comprehendi

2052 1340 2158 1380 non
2188 1326 2376 1395 possit,
2410 1335 2587 1382 tamen
2617 1327 2822 1385 utiliter
2860 1328 3140 1396 quaeritur,
3177 1327 3300 1396 quia
3329 1335 3633 1397 perscruta-

2040 1427 2125 1474 tus
2167 1435 2383 1491 semper
2411 1421 2681 1491 copiosior
2727 1421 3017 1476 invenitur.
3050 1421 3256 1487 Qnanta
3283 1421 3424 1475 enim
3455 1419 3629 1475 adhuc

2039 1513 2165 1569 hinc
2197 1529 2330 1570 nova
2360 1514 2588 1570 dicenda
2617 1522 2765 1579 sunt,
2794 1523 3113 1583 quantorum
3153 1514 3391 1569 fidelium
3418 1514 3631 1583 ingenia

2038 1620 2207 1675 usque
2234 1606 2301 1660 ad
2330 1606 2493 1662 linem
2521 1606 2702 1661 saeculi
2738 1604 2952 1660 curiosa
2976 1604 3261 1660 sedulitate
3290 1604 3627 1660 labombunt.

2036 1696 2140 1753 Sed
2175 1708 2351 1753 tamen
2383 1698 2484 1754 ista
2527 1699 2723 1753 veritas
2756 1705 2880 1752 tunc
2923 1696 3235 1765 plenissime
3265 1694 3629 1766 dignoscenda

338 1788 652 1856 probantur.
682 1790 971 1845 Harmonia
1003 1799 1086 1846 est
1128 1791 1272 1846 enim
1302 1790 1635 1847 diversarum
1666 1805 1844 1846 rerum
1876 1791 1930 1845 in
1960 1793 2009 1856 B
2035 1800 2119 1848 est
2144 1834 2160 1858 ,
2207 1791 2424 1863 quando
2468 1792 2585 1861 ipse
2630 1792 2888 1848 Dominus
2932 1789 3435 1859 contemplationem
3478 1801 3627 1842 suam

337 1897 498 1939 unam
546 1885 974 1940 convenientiam
1005 1885 1224 1941 redacta
1264 1886 1569 1956 copulatio;
1603 1884 1745 1955 quod
1777 1893 1831 1940 et
1876 1885 1929 1939 in

336 1990 473 2031 voce
502 1975 734 2032 humana
776 1986 987 2032 constat
1022 1978 1269 2034 accidere
1295 2019 1310 2043 ,
1353 1976 1565 2048 quando
1604 1986 1657 2032 et
1690 1986 1929 2045 tempora

335 2068 450 2137 ipsa
478 2076 531 2123 et
558 2069 777 2140 syllaba:
799 2070 864 2124 ad
893 2085 1050 2125 unam
1072 2069 1222 2125 vocis
1250 2070 1598 2125 concordiam
1626 2067 1932 2139 perducun-

340 2168 446 2212 tur.
487 2158 741 2230 Cymbala
780 2176 907 2233 ergo
936 2170 1120 2217 nostra
1149 2170 1274 2217 sunt
1300 2162 1437 2216 labia
1466 2176 1716 2231 percussa
1746 2161 1812 2216 ad
1842 2174 1932 2215 so-

340 2265 467 2305 num
490 2252 635 2306 vocis
655 2252 1061 2311 distiuctissime
1092 2253 1519 2325 temperandum,
1547 2269 1666 2323 qua:
1697 2262 1820 2308 tunc
1844 2268 1931 2307 sa-

336 2342 581 2400 lutariter
621 2354 851 2413 sonant,
886 2347 1098 2417 quando
1137 2348 1191 2402 in
1233 2347 1419 2403 laudes
1454 2347 1662 2401 Domini
1691 2347 1931 2402 deretis-

335 2437 470 2492 sime
501 2449 927 2495 commoventur.
974 2440 1220 2512 Cymbala
1248 2456 1461 2511 quoque
1490 2441 1611 2495 bene
1639 2440 1927 2508 tinnientia,

336 2537 463 2584 sunt
488 2545 553 2585 ex
578 2531 857 2601 permixtis
884 2534 1116 2589 metallis
1138 2534 1469 2605 parvissimae
1493 2534 1681 2604 phiala:
1709 2549 1929 2604 compo-

335 2624 474 2692 sitae,
504 2626 801 2682 ventricula
830 2642 926 2683 sua
965 2628 1018 2682 in
1054 2627 1311 2683 lateribus
1343 2628 1622 2693 habentes,
1653 2643 1771 2697 qua:
1798 2627 1931 2681 arti-

341 2714 521 2772 ﬁciosa
552 2716 919 2774 modulatione
944 2720 1167 2785 collism,
1210 2721 1575 2776 acutissimum
1608 2736 1797 2775 sonum
1829 2719 1929 2774 dea

338 2807 570 2867 lcetabili
596 2815 981 2869 consonatione
1014 2814 1322 2869 restituunt.
1366 2813 1473 2870 Sed
1510 2812 1759 2883 quoniam
1805 2827 1928 2867 san-

336 2901 610 2959 ctissimus
637 2904 901 2975 propheta
923 2906 1171 2961 universa
1200 2922 1317 2977 quae
1339 2905 1479 2961 dicta
1504 2916 1648 2970 sunt,
1678 2904 1926 2975 spiritua-

337 2996 460 3053 liter
479 2998 697 3054 volebat
719 2999 961 3070 intelligi,
991 3001 1266 3071 aptissimo
1290 3001 1485 3056 librum
1514 3000 1617 3055 ﬁne
1641 2998 1924 3069 conclusit,

337 3091 499 3145 omnis
526 3092 744 3162 spiritus
789 3092 962 3147 laudet
993 3094 1293 3148 Dominum.
1348 3094 1461 3148 Non
1497 3094 1678 3163 utique
1720 3107 1847 3148 caro
1876 3099 1929 3146 et

2039 1894 2301 1955 prazstare
2328 1886 2656 1957 dignabitur.
2688 1886 2785 1941 Hie
2816 1892 2994 1940 autem
3032 1892 3176 1939 totus
3218 1882 3350 1938 ordo
3394 1881 3632 1937 Psalmo-

2032 1994 2176 2047 rum,
2205 1986 2471 2048 quantum
2497 1981 2787 2034 humanum
2821 1978 3094 2045 ingenium
3120 1977 3386 2047 vestigare
3425 1984 3630 2045 praeva-

2032 2071 2171 2136 luit,
2223 2072 2423 2141 duplici
2457 2072 2716 2143 mysterio
2765 2070 3004 2126 noscitur
3032 2084 3151 2125 esse
3192 2070 3472 2124 decursus.
3504 2067 3631 2121 Pri-

2032 2179 2178 2220 mum
2205 2205 2220 2231 ,
2254 2167 2387 2221 sicut
2420 2165 2736 2221 auctoritate
2783 2165 2999 2219 Patrum
3029 2164 3230 2219 dictum
3259 2170 3341 2218 est
3366 2205 3381 2231 ,
3413 2161 3547 2217 Novi
3577 2169 3632 2217 et

2037 2252 2248 2311 Veteris
2270 2256 2600 2311 Testamenti
2630 2264 2963 2311 sacramenta
2987 2254 3381 2324 complectitur.
3410 2252 3627 2320 Septem

2031 2346 2122 2416 qui
2132 2362 2233 2417 ppc
2256 2347 2486 2403 decades
2509 2345 2816 2402 referuntur
2836 2345 2902 2400 ad
2931 2344 3236 2411 sabbatum,
3256 2343 3395 2413 quod
3425 2342 3491 2396 ad
3522 2343 3633 2410 pri-

2052 2456 2193 2498 mam
2225 2440 2370 2495 illam
2413 2440 2647 2511 pertinet
2672 2440 2791 2495 sine
2816 2438 3147 2494 dubitatione
3171 2437 3453 2493 culturam.
3496 2434 3632 2490 Octo

2042 2550 2170 2590 vero
2199 2542 2381 2590 nostro
2421 2531 2652 2602 tempori
2682 2532 3025 2601 deputantur,
3058 2529 3148 2600 qui
3179 2525 3629 2584 resurrectionem

2037 2627 2247 2682 Domini
2270 2625 2359 2680 die
2386 2634 2573 2681 octava
2601 2624 2687 2694 pia
2714 2622 3000 2679 devotione
3026 2636 3363 2678 veneramur.
3384 2618 3632 2675 Secundo

2036 2732 2270 2787 quoque,
2300 2715 2524 2771 Domino
2552 2716 2812 2785 largiente
2831 2714 3225 2783 prospeximus,
3257 2711 3398 2783 quod
3412 2721 3627 2766 centum

2035 2808 2417 2880 quinquaginta
2462 2806 2654 2862 diebus
2699 2806 3026 2876 superducto
3071 2804 3272 2860 diluvio
3317 2794 3631 2858 criminibus

2037 2901 2147 2957 suis
2180 2911 2324 2956 terra
2354 2900 2522 2955 diluta
2544 2907 2646 2955 est.
2675 2899 2764 2956 Sic
2794 2897 3125 2954 Psalmorum
3150 2896 3440 2968 spiritualis
3472 2897 3631 2966 abys—

2038 3010 2130 3051 sus
2162 2994 2394 3063 peccatis
2423 2994 2701 3064 inquinata
2730 2992 2893 3049 corda
2923 2992 3227 3048 mortalium
3256 3005 3425 3062 usque
3449 2989 3516 3045 ad
3540 2989 3630 3060 ju-

2038 3088 2163 3143 dicii
2211 3096 2420 3157 tempus
2463 3096 2717 3158 perpetua
2755 3086 3134 3142 emundatione
3181 3084 3456 3157 puriﬁcat;
3487 3093 3542 3139 et
3570 3084 3630 3139 lit

335 3181 575 3253 sanguis,
604 3198 711 3239 non
734 3184 914 3239 mundi
944 3185 1193 3251 ambitus,
1223 3201 1328 3241 non
1357 3186 1608 3241 illecebra
1630 3185 1928 3252 saecularis;
1962 3180 2008 3243 C
2040 3182 2196 3237 nobis
2223 3196 2287 3236 ex
2325 3181 2439 3251 ipso
2481 3181 2716 3236 salutare
2743 3180 3024 3247 diluvium,
3051 3179 3191 3250 quod
3236 3189 3473 3235 nostrum
3505 3192 3630 3234 sen-

334 3271 431 3328 sed
476 3272 609 3329 illud
639 3274 781 3345 quod
826 3277 990 3331 estin
1028 3287 1216 3331 natura
1250 3293 1427 3333 rerum
1473 3277 1753 3333 sublimius
1776 3318 1792 3344 ,
1827 3277 1927 3332 hoc

334 3363 519 3421 laudet
564 3367 880 3435 Dominum;
912 3371 1054 3439 quod
1097 3372 1336 3428 coelestia
1368 3372 1551 3442 utique
1590 3373 1750 3443 sapit,
1785 3372 1928 3444 quod

337 3465 543 3512 acterna
560 3460 778 3527 praemia
795 3462 1143 3531 concupiscit.
1160 3464 1497 3534 Quapropter
1509 3465 1762 3521 universo
1776 3467 1927 3535 operi

339 3548 562 3606 brevem
587 3552 988 3626 perfectamque
1016 3556 1336 3611 sententiam
1365 3556 1528 3620 dedit.
1562 3564 1619 3612 ut
1643 3558 1927 3613 Dominum

339 3639 670 3699 Salvatorem
700 3645 1050 3715 spiritualiter
1080 3647 1312 3703 debeant
1340 3660 1530 3704 cuncta
1561 3648 1798 3704 laudare.
1836 3650 1929 3706 llis

345 3733 504 3803 igitur
519 3734 754 3791 decursis
778 3737 940 3792 totius
960 3738 1178 3795 musicae
1196 3739 1493 3810 disciplinae
1514 3742 1782 3811 assignata
1808 3756 1930 3811 per-

336 3825 501 3883 fectio
536 3837 639 3884 est.
670 3828 854 3886 Flatus
883 3830 936 3886 in
969 3832 1113 3898 tuba,
1141 3834 1327 3904 pulsus
1362 3837 1417 3890 in
1447 3835 1675 3903 cithara,
1708 3836 1929 3891 tinnitus

334 3919 389 3975 in
433 3922 717 3992 cymbalis,
760 3937 861 3978 vox
893 3926 945 3979 in
989 3925 1176 3991 choro,
1208 3928 1470 3997 spirituali
1499 3928 1777 3983 harmonia
1805 3927 1925 3983 dul-

334 4014 584 4071 cissimus
615 4016 705 4072 ille
733 4027 1047 4083 concentus,
1093 4019 1183 4090 qui
1215 4036 1319 4075 non
1348 4019 1567 4075 auribus
1595 4019 1802 4075 carneis
1832 4036 1925 4076 au-

333 4109 498 4177 ditur,
527 4110 621 4166 sed
651 4112 1105 4181 contemplatione
1132 4114 1436 4183 purissima:
1464 4114 1660 4168 mentis
1691 4112 1925 4167 adverti-

334 4210 439 4256 tur.
485 4200 619 4257 Nam
668 4205 1107 4260 commemoratio
1155 4205 1590 4277 syllogismorum
1617 4244 1632 4272 ,
1685 4205 1827 4260 sicut
1869 4204 1925 4259 in

334 4293 508 4363 primo
544 4297 751 4365 psalmo
775 4308 948 4367 coepta
974 4306 1077 4365 est,
1110 4298 1265 4368 parili
1293 4299 1446 4354 nobis
1485 4298 1589 4354 fine
1616 4298 1919 4356 claudatur.

330 4388 377 4444 A
405 4390 709 4460 categorico
749 4390 1036 4462 siquidem,
1067 4392 1159 4462 qui
1204 4400 1286 4447 est
1328 4392 1647 4461 purissimus
1689 4400 1745 4448 et
1778 4391 1925 4457 prius

286 4524 296 4537 .
328 4496 460 4552 ccps
487 4485 725 4541 omnium
754 4486 1205 4557 syllogismorum,
1245 4486 1489 4541 dedimus
1520 4496 1680 4556 prout
1705 4495 1921 4555 oporte-

330 4574 421 4630 bat
465 4576 673 4633 tnitium
704 4595 718 4632 :
751 4593 891 4634 nunc
918 4578 1078 4634 etiam
1124 4594 1257 4651 opus
1295 4580 1541 4634 nostrum
1567 4579 1617 4633 in
1648 4580 1763 4647 ipso
1791 4594 1920 4632 con-
1949 4552 2005 4615 D

329 4666 614 4725 cludimus.
635 4670 801 4725 Decet
817 4671 960 4745 enim
978 4671 1136 4726 tinem
1161 4671 1487 4740 respondere
1510 4670 1776 4741 principio
1798 4683 1917 4740 suo,

330 4760 544 4828 quando
567 4763 620 4815 in
642 4762 837 4817 litteris
859 4763 1028 4818 sacris
1052 4762 1251 4820 debent
1272 4764 1372 4820 sibi
1396 4764 1574 4820 omnia
1596 4763 1931 4817 convenien-.

332 4851 401 4903 tia
448 4850 695 4919 reperiri.
737 4852 832 4907 llic
861 4862 1047 4908 autem
1086 4856 1421 4925 categoricus
1451 4855 1792 4925 syllogismus
1838 4830 1931 4910 est.

331 4939 487 4993 nobis
535 4941 713 4996 taliter
767 4943 1143 5011 colligendus:
1180 4946 1464 5003 Dominum
1515 4946 1695 5001 laudet
1744 4946 1921 5002 omnis

332 5031 575 5098 spiritus.
618 5032 787 5098 Quem
840 5034 998 5089 debet
1028 5037 1244 5091 laudare
1283 5038 1459 5092 omnis
1489 5039 1709 5103 spiritus
1732 5078 1747 5104 ,
1781 5038 1921 5093 Deus

334 5136 494 5175 verus
523 5130 623 5176 est.
669 5123 928 5181 Dominus
969 5127 1128 5196 igitur
1158 5128 1297 5184 Dens
1339 5144 1500 5185 verus
1545 5140 1647 5186 est.
1681 5130 1921 5187 Mirabile

330 5214 491 5284 plane
533 5213 746 5272 dicendi
781 5232 965 5287 genus,
1000 5226 1058 5274 ut
1096 5219 1161 5273 ad
1194 5221 1324 5275 illud
1372 5223 1717 5278 reluctantem
1749 5225 1920 5279 conli-

331 5307 496 5364 tendo
526 5309 725 5377 trahat,
769 5312 835 5366 ad
875 5312 1017 5382 quod
1049 5314 1196 5381 prius
1222 5313 1416 5384 aliquis
1458 5316 1801 5383 acquiescere
1830 5331 1919 5372 re-

330 5401 577 5469 spuebat.
628 5402 771 5460 Ecce
796 5403 864 5460 de
906 5405 1253 5475 grammatica
1281 5415 1332 5460 ct
1373 5406 1437 5460 de
1467 5407 1820 5479 etymol0giis,
1853 5408 1921 5464 de

329 5496 698 5555 schematibus
719 5542 734 5567 ,
768 5498 834 5555 de
874 5508 987 5555 arte
1012 5499 1275 5555 rhetorica
1302 5542 1317 5568 ,
1348 5499 1414 5554 de
1452 5499 1641 5569 topicis
1663 5540 1680 5565 ,
1712 5500 1778 5555 dc
1806 5509 1921 5558 arte

330 5589 632 5661 dialectica,
655 5592 723 5648 de
747 5591 1167 5658 delinitionibus,
1188 5590 1255 5647 de
1272 5591 1492 5658 musica,
1513 5589 1580 5645 de
1602 5594 1916 5661 geometria,

330 5683 402 5736 de
436 5688 783 5751 astronomia,
814 5696 868 5744 et
913 5686 979 5742 de
1006 5686 1237 5757 propriis
1280 5683 1637 5741 locutionibus
1669 5684 1799 5754 legis
1838 5686 1922 5740 di-

246 5780 249 5781 '
334 5775 495 5844 vince,
524 5779 717 5835 seriem
756 5782 1008 5837 refertam
1039 5796 1160 5839 esse
1196 5781 1631 5848 monstravimus,
1660 5789 1919 5851 quantum

324 5862 594 5957 Dominus
623 5880 877 5944 praestare
903 5873 1148 5946 dignatus
1169 5880 1284 5950 εει,
1313 5882 1371 5936 ut
1396 5874 1489 5953 qui
1514 5872 1640 5937 talia
1666 5874 1919 5951 legerint.
1954 5938 2019 5956 η..

404 6020 445 6039 ,δ’
488 6016 603 6033 δη...»

2038 3294 2157 3333 sum
2194 3277 2404 3333 delictis
2429 3275 2706 3331 sordidum
2736 3274 2914 3330 reddit
2943 3273 3204 3328 ablutum.
3233 3271 3370 3338 Quid
3399 3272 3542 3326 enim
3575 3271 3628 3326 in

2036 3369 2141 3426 isto
2165 3367 2368 3427 cmlesti
2390 3367 2621 3422 armario
2644 3366 3040 3435 Scripturarum
3065 3364 3365 3418 divinarum
3386 3362 3631 3417 invenire

2035 3479 2144 3519 non
2173 3462 2374 3533 possis?
2392 3459 2642 3516 Genesim
2666 3473 2894 3530 quatras,
2926 3458 3013 3513 hic
3038 3455 3492 3527 quemadmodum
3515 3454 3629 3510 lue-

2034 3557 2105 3614 rit
2135 3556 2365 3611 mundus
2412 3554 2702 3610 fabricatus
2742 3551 3053 3622 exponitur.
3102 3550 3425 3618 P'mphetam
3455 3547 3625 3615 dicas,

2034 3650 2154 3719 quis
2178 3649 2244 3704 dc
2270 3648 2641 3703 incarnatione
2670 3644 2881 3701 Domini
2909 3650 3055 3698 tanta
3082 3642 3293 3697 locutus
3318 3641 3432 3696 cst?
3455 3639 3627 3694 Evan-

2032 3740 2230 3812 gelium
2260 3740 2463 3809 cupias,
2494 3738 2799 3808 passionem
2846 3744 2899 3789 et
2946 3734 3398 3791 resurrectionem
3428 3729 3630 3786 Christi

2033 3833 2245 3889 Domini
2276 3831 2572 3886 innumeris
2599 3829 2731 3883 locis
2770 3826 3049 3882 evidenter
3097 3823 3354 3881 ostendit.
3394 3827 3626 3891 Aposto-

2033 3925 2145 3980 lum
2188 3924 2345 3991 velis,
2375 3922 2496 3977 audi
2538 3920 2837 3985 doctorem,
2884 3918 3005 3972 audi
3052 3916 3422 3981 miserentem,
3452 3914 3628 3984 quiet

2031 4017 2204 4073 futura
2246 4014 2446 4085 judicia
2478 4021 2697 4083 propter
2741 4011 3105 4068 correctiones
3137 4008 3413 4079 praedicat,
3446 4015 3502 4061 ct
3529 4022 3625 4075 pro

2031 4108 2404 4181 peccatoribus
2436 4106 2744 4173 frequenter
2788 4113 2997 4158 exorat.
3031 4102 3097 4157 Et
3126 4116 3193 4158 ne
3236 4100 3446 4170 longius
3475 4099 3626 4155 ditl‘e—

2031 4218 2169 4268 ram,
2201 4201 2456 4272 quidquid
2498 4199 2551 4253 in
2596 4199 2758 4267 coelo,
2803 4198 2856 4253 in
2902 4206 3069 4265 terra,
3099 4196 3152 4252 in
3184 4195 3339 4261 mari,
3368 4193 3454 4249 vel
3484 4192 3627 4262 apud

2030 4298 2228 4354 inferos
2255 4297 2449 4367 agitur,
2484 4295 2527 4350 si
2571 4293 2879 4349 cnutissimc
2925 4292 3092 4362 legas,
3123 4290 3302 4345 omnia
3352 4287 3465 4343 suis
3497 4285 3626 4340 locis

2027 4392 2201 4464 posita
2223 4395 2593 4459 competenter
2614 4388 2880 4458 agnoscis.
2903 4385 3080 4442 Testis
3102 4392 3187 4441 est
3206 4379 3485 4439 Athanasii
3508 4378 3623 4448 epi-

2030 4485 2176 4554 scopi
2208 4497 2387 4537 scrmo
2416 4480 2730 4552 magniﬁcus
2770 4478 2944 4552 (Tom.
2972 4475 3023 4543 1,
3070 4478 3218 4546 epist.
3249 4475 3315 4529 ad
3358 4470 3625 4527 Marcelli-

2028 4593 2169 4641 num,
2220 4592 2339 4646 pag.
2370 4572 2519 4643 959),
2564 4574 2652 4642 qui
2681 4572 2908 4626 virtutes
2954 4569 3289 4624 Psalmorum
3335 4561 3623 4631 indagabili

2028 4668 2255 4723 veritate
2281 4664 2601 4729 discutiens,
2629 4662 2808 4718 omnia
2849 4661 2955 4715 illic
2980 4671 3104 4713 esse
3130 4656 3339 4727 probat,
3368 4668 3627 4725 qumcun‘

2029 4776 2129 4830 que
2161 4768 2364 4814 sanctae
2393 4756 2686 4826 Scriptura:
2726 4753 2931 4808 ambitu
2959 4748 3327 4807 continentur.
3369 4745 3622 4802 Naturam

2030 4867 2244 4927 quoque
2276 4851 2391 4918 Dei,
2419 4851 2463 4904 si
2494 4850 2575 4904 fas
2618 4856 2720 4914 est,
2747 4847 2958 4903 duobus
2999 4841 3181 4900 verbis
3210 4840 3339 4896 facit
3364 4838 3626 4894 subintel-

2030 4947 2120 5019 ligi
2156 4964 2167 4998 :
2206 4945 2314 5015 Ego
2344 4942 2515 5008 hodie,
2562 4955 2682 5011 qua)
2732 4938 2892 4994 nullis
2924 4936 3098 5003 libris,
3140 4933 3301 4989 nullis
3346 4931 3623 4988 codicibus

2032 5039 2290 5111 przevalet
2316 5034 2724 5107 comprehendi,
2753 5033 2890 5087 sicut
2933 5039 2985 5084 et
3012 5027 3338 5097 explicatum
3367 5034 3449 5081 est
3478 5023 3622 5095 quod

2030 5133 2269 5189 breviter
2293 5130 2509 5196 dicitur,
2538 5138 2591 5184 et
2618 5143 2682 5182 ex
2711 5127 2886 5196 aliqua
2914 5133 3065 5194 parte
3092 5121 3346 5177 sensibile
3374 5119 3515 5191 quod
3543 5129 3622 5174 ta-

2032 5233 2203 5280 cetur.
2225 5224 2279 5277 In
2306 5221 2542 5278 secundo
2555 5222 2754 5291 quippe
2770 5218 2975 5288 psalmo
2992 5216 3148 5270 Pater
3162 5214 3292 5270 dicit
3318 5213 3383 5268 ad
3403 5212 3616 5268 Filium:
3651 5254 3661 5290 η.

2030 5314 2146 5391 Ego
2167 5316 2318 5371 hodie
2339 5313 2492 5388 genui
2520 5321 2565 5367 te
2594 5310 2767 5384 (Psal.
2795 5326 2852 5376 ιι,
2876 5309 2951 5381 7).
2979 5308 3033 5365 In
3060 5307 3176 5364 istis
3201 5305 3465 5378 siquidem
3487 5305 3621 5361 duo-
3645 5308 3653 5365 ἶ

2030 5410 2131 5466 bus
2154 5409 2332 5464 verbis
2360 5405 2627 5462 subtiliter
2656 5403 2943 5474 signiﬁcat,
2967 5399 3110 5472 quod
3139 5400 3427 5455 humanum
3458 5397 3621 5453 intel-

2031 5501 2225 5557 lectum
2255 5497 2637 5554 transcendere
2665 5509 2823 5565 posse
2846 5494 3112 5550 videatur.
3137 5493 3348 5549 Novum
3377 5499 3432 5546 et
3453 5490 3618 5546 Vetus

2031 5596 2432 5651 Testamentum
2476 5599 2618 5645 tanta
2646 5590 2975 5660 proprietate
3008 5587 3400 5658 complectitur,
3429 5592 3489 5639 ut
3534 5597 3619 5638 re-

2028 5700 2155 5741 vera
2180 5683 2511 5753 spiritualem
2542 5682 2922 5738 bibliothecam
2955 5682 3007 5737 in
3037 5681 3140 5736 hoc
3167 5680 3305 5735 libro
3345 5674 3616 5744 intelligas

2029 5794 2149 5835 esse
2176 5785 2559 5834 constructam.
2582 5777 2713 5833 Nam
2738 5779 2784 5831 si
2818 5776 3095 5846 paradisus
3122 5769 3491 5830 desiderabilis
3518 5770 3616 5824 ha-

2028 5870 2202 5943 betur,
2232 5870 2374 5945 quod
2402 5884 2526 5933 eum
2569 5879 2794 5949 quatuor
2818 5869 3103 5929 ﬂuminum
3126 5867 3312 5945 lapsus
3336 5873 3620 5962 amorum
