  <div class='ocr_page' id='page_1' title='image "/cluster/home/n/w/nwhite01/storage/ocr_20150623/70/hvd.32044015469356/533.png"; bbox 0 0 4078 6342; ppageno 0'>
   <div class='ocr_carea' id='block_1_1' title="bbox 409 263 3699 360">
    <p class='ocr_par' dir='ltr' id='par_1_1' title="bbox 409 263 3699 360">
     <span class='ocr_line' id='line_1_1' title="bbox 409 263 3699 360; baseline -0.012 -2"><span class='ocrx_word' id='word_1_1' title='bbox 409 301 548 360; x_wconf 77' lang='lat'><strong>1055</strong></span> <span class='ocrx_word' id='word_1_2' title='bbox 1554 285 1622 344; x_wconf 80' lang='grc' dir='ltr'><strong>Μ.</strong></span> <span class='ocrx_word' id='word_1_3' title='bbox 1666 279 2010 343; x_wconf 77' lang='lat' dir='ltr'><strong>AURELIUS</strong></span> <span class='ocrx_word' id='word_1_4' title='bbox 2045 271 2536 336; x_wconf 69' lang='lat' dir='ltr'><strong>CASSIODORUS.</strong></span> <span class='ocrx_word' id='word_1_5' title='bbox 3555 263 3699 322; x_wconf 75' lang='grc'><strong>1056</strong></span> 
     </span>
    </p>
   </div>
   <div class='ocr_carea' id='block_1_2' title="bbox 409 379 3703 493">
    <p class='ocr_par' dir='ltr' id='par_1_2' title="bbox 409 379 3703 493">
     <span class='ocr_line' id='line_1_2' title="bbox 409 379 3703 493; baseline -0.012 -19"><span class='ocrx_word' id='word_1_6' title='bbox 409 419 540 493; x_wconf 87' lang='lat' dir='ltr'><strong>[ed.,</strong></span> <span class='ocrx_word' id='word_1_7' title='bbox 567 411 842 486; x_wconf 80' lang='lat' dir='ltr'><strong>emanare]</strong></span> <span class='ocrx_word' id='word_1_8' title='bbox 885 415 1199 476; x_wconf 87' lang='lat' dir='ltr'><strong>noscuntur,</strong></span> <span class='ocrx_word' id='word_1_9' title='bbox 1233 412 1433 478; x_wconf 81' lang='lat' dir='ltr'><strong>quanto</strong></span> <span class='ocrx_word' id='word_1_10' title='bbox 1461 404 1669 461; x_wconf 99' lang='lat' dir='ltr'><strong>beatior</strong></span> <span class='ocrx_word' id='word_1_11' title='bbox 1714 411 1796 458; x_wconf 89' lang='lat' dir='ltr'><strong>est</strong></span> <span class='ocrx_word' id='word_1_12' title='bbox 1823 399 2000 454; x_wconf 87' lang='lat' dir='ltr'><strong>anima</strong></span> <span class='ocrx_word' id='word_1_13' title='bbox 2025 395 2082 455; x_wconf 75' lang='grc' dir='ltr'><strong>Δ</strong></span> <span class='ocrx_word' id='word_1_14' title='bbox 2105 394 2379 451; x_wconf 86' lang='lat' dir='ltr'><strong>conﬁtenti</strong></span> <span class='ocrx_word' id='word_1_15' title='bbox 2406 434 2422 460; x_wconf 91' lang='lat'><strong>,</strong></span> <span class='ocrx_word' id='word_1_16' title='bbox 2467 398 2640 447; x_wconf 85' lang='lat' dir='ltr'><strong>estote</strong></span> <span class='ocrx_word' id='word_1_17' title='bbox 2668 383 2933 491; x_wconf 76' lang='lat' dir='ltr'><strong>benevoli.</strong></span> <span class='ocrx_word' id='word_1_18' title='bbox 2967 380 3195 493; x_wconf 63' lang='lat' dir='ltr'><strong>Difﬁcile</strong></span> <span class='ocrx_word' id='word_1_19' title='bbox 3239 394 3374 452; x_wconf 88' lang='lat' dir='ltr'><strong>opus</strong></span> <span class='ocrx_word' id='word_1_20' title='bbox 3391 379 3703 493; x_wconf 69' lang='lat' dir='ltr'><strong>humanum</strong></span> 
     </span>
    </p>
   </div>
   <div class='ocr_carea' id='block_1_3' title="bbox 411 493 1994 583">
    <p class='ocr_par' dir='ltr' id='par_1_3' title="bbox 411 493 1994 583">
     <span class='ocr_line' id='line_1_3' title="bbox 411 493 1994 583; baseline -0.013 -15"><span class='ocrx_word' id='word_1_21' title='bbox 411 527 530 583; x_wconf 68' lang='lat' dir='ltr'><strong>quae</strong></span> <span class='ocrx_word' id='word_1_22' title='bbox 559 518 774 566; x_wconf 91' lang='lat' dir='ltr'><strong>centum</strong></span> <span class='ocrx_word' id='word_1_23' title='bbox 801 502 1183 577; x_wconf 79' lang='lat' dir='ltr'><strong>quinquaginta</strong></span> <span class='ocrx_word' id='word_1_24' title='bbox 1223 499 1558 554; x_wconf 86' lang='lat' dir='ltr'><strong>Psalmorum</strong></span> <span class='ocrx_word' id='word_1_25' title='bbox 1589 494 1824 551; x_wconf 80' lang='lat' dir='ltr'><strong>fontibus</strong></span> <span class='ocrx_word' id='word_1_26' title='bbox 1869 493 1994 548; x_wconf 90' lang='lat' dir='ltr'><strong>irri-</strong></span> 
     </span>
    </p>
   </div>
   <div class='ocr_carea' id='block_1_4' title="bbox 412 589 1996 672">
    <p class='ocr_par' dir='ltr' id='par_1_4' title="bbox 412 589 1996 672">
     <span class='ocr_line' id='line_1_4' title="bbox 412 589 1996 672; baseline -0.008 -15"><span class='ocrx_word' id='word_1_27' title='bbox 412 611 588 672; x_wconf 72' lang='lat' dir='ltr'><strong>gatur.</strong></span> <span class='ocrx_word' id='word_1_28' title='bbox 616 599 726 657; x_wconf 84' lang='lat' dir='ltr'><strong>Nec</strong></span> <span class='ocrx_word' id='word_1_29' title='bbox 769 599 940 654; x_wconf 88' lang='lat' dir='ltr'><strong>solum</strong></span> <span class='ocrx_word' id='word_1_30' title='bbox 966 595 1104 652; x_wconf 88' lang='lat' dir='ltr'><strong>intra</strong></span> <span class='ocrx_word' id='word_1_31' title='bbox 1131 593 1274 648; x_wconf 92' lang='lat' dir='ltr'><strong>hunc</strong></span> <span class='ocrx_word' id='word_1_32' title='bbox 1298 605 1582 647; x_wconf 85' lang='lat' dir='ltr'><strong>numerum</strong></span> <span class='ocrx_word' id='word_1_33' title='bbox 1619 589 1797 645; x_wconf 89' lang='lat' dir='ltr'><strong>divina</strong></span> <span class='ocrx_word' id='word_1_34' title='bbox 1824 589 1996 644; x_wconf 80' lang='lat' dir='ltr'><strong>virtus</strong></span> 
     </span>
    </p>
   </div>
   <div class='ocr_carea' id='block_1_5' title="bbox 413 682 2000 766">
    <p class='ocr_par' dir='ltr' id='par_1_5' title="bbox 413 682 2000 766">
     <span class='ocr_line' id='line_1_5' title="bbox 413 682 2000 766; baseline -0.009 -16"><span class='ocrx_word' id='word_1_35' title='bbox 413 703 632 766; x_wconf 83' lang='lat' dir='ltr'><strong>operata</strong></span> <span class='ocrx_word' id='word_1_36' title='bbox 657 697 760 761; x_wconf 89' lang='lat' dir='ltr'><strong>est,</strong></span> <span class='ocrx_word' id='word_1_37' title='bbox 792 689 956 746; x_wconf 90' lang='lat' dir='ltr'><strong>multa</strong></span> <span class='ocrx_word' id='word_1_38' title='bbox 983 687 1142 744; x_wconf 83' lang='lat' dir='ltr'><strong>latius</strong></span> <span class='ocrx_word' id='word_1_39' title='bbox 1173 685 1333 758; x_wconf 80' lang='lat'><strong>503</strong></span> <span class='ocrx_word' id='word_1_40' title='bbox 1362 692 1567 756; x_wconf 90' lang='lat' dir='ltr'><strong>patent,</strong></span> <span class='ocrx_word' id='word_1_41' title='bbox 1608 682 1720 738; x_wconf 84' lang='lat' dir='ltr'><strong>sive</strong></span> <span class='ocrx_word' id='word_1_42' title='bbox 1755 697 1876 752; x_wconf 86' lang='lat' dir='ltr'><strong>quae</strong></span> <span class='ocrx_word' id='word_1_43' title='bbox 1904 695 2000 750; x_wconf 84' lang='lat' dir='ltr'><strong>pro</strong></span> 
     </span>
    </p>
   </div>
   <div class='ocr_carea' id='block_1_6' title="bbox 414 773 2002 858">
    <p class='ocr_par' dir='ltr' id='par_1_6' title="bbox 414 773 2002 858">
     <span class='ocr_line' id='line_1_6' title="bbox 414 773 2002 858; baseline -0.008 -18"><span class='ocrx_word' id='word_1_44' title='bbox 414 794 563 858; x_wconf 88' lang='lat' dir='ltr'><strong>parte</strong></span> <span class='ocrx_word' id='word_1_45' title='bbox 590 782 861 839; x_wconf 87' lang='lat' dir='ltr'><strong>intellecta</strong></span> <span class='ocrx_word' id='word_1_46' title='bbox 884 773 1031 848; x_wconf 82' lang='lat' dir='ltr'><strong>suni‘,</strong></span> <span class='ocrx_word' id='word_1_47' title='bbox 1075 779 1190 835; x_wconf 82' lang='lat' dir='ltr'><strong>sive</strong></span> <span class='ocrx_word' id='word_1_48' title='bbox 1211 792 1331 849; x_wconf 90' lang='lat' dir='ltr'><strong>quae</strong></span> <span class='ocrx_word' id='word_1_49' title='bbox 1368 777 1546 832; x_wconf 90' lang='lat' dir='ltr'><strong>adhuc</strong></span> <span class='ocrx_word' id='word_1_50' title='bbox 1570 774 1811 832; x_wconf 79' lang='lat' dir='ltr'><strong>funditus</strong></span> <span class='ocrx_word' id='word_1_51' title='bbox 1852 774 2002 844; x_wconf 89' lang='lat' dir='ltr'><strong>igno-</strong></span> 
     </span>
    </p>
   </div>
   <div class='ocr_carea' id='block_1_7' title="bbox 414 866 2006 936">
    <p class='ocr_par' dir='ltr' id='par_1_7' title="bbox 414 866 2006 936">
     <span class='ocr_line' id='line_1_7' title="bbox 414 866 2006 936; baseline -0.01 -2"><span class='ocrx_word' id='word_1_52' title='bbox 414 887 598 934; x_wconf 86' lang='lat' dir='ltr'><strong>rantur</strong></span> <span class='ocrx_word' id='word_1_53' title='bbox 622 877 832 934; x_wconf 88' lang='lat' dir='ltr'><strong>diversa</strong></span> <span class='ocrx_word' id='word_1_54' title='bbox 858 873 1138 930; x_wconf 90' lang='lat' dir='ltr'><strong>miracula.</strong></span> <span class='ocrx_word' id='word_1_55' title='bbox 1167 871 1300 928; x_wconf 81' lang='lat' dir='ltr'><strong>Nam</strong></span> <span class='ocrx_word' id='word_1_56' title='bbox 1323 879 1378 928; x_wconf 91' lang='lat' dir='ltr'><strong>et</strong></span> <span class='ocrx_word' id='word_1_57' title='bbox 1400 871 1454 926; x_wconf 92' lang='lat' dir='ltr'><strong>in</strong></span> <span class='ocrx_word' id='word_1_58' title='bbox 1479 869 1586 924; x_wconf 87' lang='lat' dir='ltr'><strong>illis</strong></span> <span class='ocrx_word' id='word_1_59' title='bbox 1611 877 1825 924; x_wconf 86' lang='lat' dir='ltr'><strong>centum</strong></span> <span class='ocrx_word' id='word_1_60' title='bbox 1846 866 2006 936; x_wconf 88' lang='lat' dir='ltr'><strong>quiu-</strong></span> 
     </span>
    </p>
   </div>
   <div class='ocr_carea' id='block_1_8' title="bbox 411 961 2005 1042">
    <p class='ocr_par' dir='ltr' id='par_1_8' title="bbox 411 961 2005 1042">
     <span class='ocr_line' id='line_1_8' title="bbox 411 961 2005 1042; baseline -0.007 -15"><span class='ocrx_word' id='word_1_61' title='bbox 411 973 663 1042; x_wconf 78' lang='lat' dir='ltr'><strong>quaginta</strong></span> <span class='ocrx_word' id='word_1_62' title='bbox 703 970 874 1026; x_wconf 89' lang='lat' dir='ltr'><strong>tribus</strong></span> <span class='ocrx_word' id='word_1_63' title='bbox 920 968 1156 1040; x_wconf 86' lang='lat' dir='ltr'><strong>piscibus</strong></span> <span class='ocrx_word' id='word_1_64' title='bbox 1181 981 1318 1038; x_wconf 90' lang='lat' dir='ltr'><strong>quos</strong></span> <span class='ocrx_word' id='word_1_65' title='bbox 1364 965 1728 1035; x_wconf 88' lang='lat' dir='ltr'><strong>apostolorum</strong></span> <span class='ocrx_word' id='word_1_66' title='bbox 1773 962 1908 1018; x_wconf 88' lang='lat' dir='ltr'><strong>retia</strong></span> <span class='ocrx_word' id='word_1_67' title='bbox 1936 961 2005 1016; x_wconf 90' lang='lat' dir='ltr'><strong>de</strong></span> 
     </span>
    </p>
   </div>
   <div class='ocr_carea' id='block_1_9' title="bbox 419 1055 2008 1135">
    <p class='ocr_par' dir='ltr' id='par_1_9' title="bbox 419 1055 2008 1135">
     <span class='ocr_line' id='line_1_9' title="bbox 419 1055 2008 1135; baseline -0.008 -15"><span class='ocrx_word' id='word_1_68' title='bbox 419 1063 593 1135; x_wconf 80' lang='lat' dir='ltr'><strong>pelagi</strong></span> <span class='ocrx_word' id='word_1_69' title='bbox 617 1061 982 1133; x_wconf 80' lang='lat' dir='ltr'><strong>profunditate</strong></span> <span class='ocrx_word' id='word_1_70' title='bbox 1011 1067 1290 1116; x_wconf 83' lang='lat' dir='ltr'><strong>traxerunt</strong></span> <span class='ocrx_word' id='word_1_71' title='bbox 1308 1058 1490 1132; x_wconf 82' lang='lat' dir='ltr'><strong>(Joan.</strong></span> <span class='ocrx_word' id='word_1_72' title='bbox 1520 1072 1630 1124; x_wconf 70' lang='grc' dir='ltr'><strong>χιιι,</strong></span> <span class='ocrx_word' id='word_1_73' title='bbox 1660 1055 1770 1125; x_wconf 82' lang='lat' dir='ltr'><strong>ll),</strong></span> <span class='ocrx_word' id='word_1_74' title='bbox 1795 1062 2008 1109; x_wconf 87' lang='lat' dir='ltr'><strong>sancto-</strong></span> 
     </span>
    </p>
   </div>
   <div class='ocr_carea' id='block_1_10' title="bbox 419 1148 2008 1226">
    <p class='ocr_par' dir='ltr' id='par_1_10' title="bbox 419 1148 2008 1226">
     <span class='ocr_line' id='line_1_10' title="bbox 419 1148 2008 1226; baseline -0.006 -14"><span class='ocrx_word' id='word_1_75' title='bbox 419 1173 536 1213; x_wconf 88' lang='lat' dir='ltr'><strong>rum</strong></span> <span class='ocrx_word' id='word_1_76' title='bbox 565 1171 824 1212; x_wconf 90' lang='lat' dir='ltr'><strong>numerus</strong></span> <span class='ocrx_word' id='word_1_77' title='bbox 848 1155 1273 1226; x_wconf 88' lang='lat' dir='ltr'><strong>comprehensus</strong></span> <span class='ocrx_word' id='word_1_78' title='bbox 1299 1155 1607 1224; x_wconf 80' lang='lat' dir='ltr'><strong>exponitur.</strong></span> <span class='ocrx_word' id='word_1_79' title='bbox 1649 1150 1716 1206; x_wconf 89' lang='lat' dir='ltr'><strong>Et</strong></span> <span class='ocrx_word' id='word_1_80' title='bbox 1748 1163 1870 1205; x_wconf 88' lang='lat' dir='ltr'><strong>arca</strong></span> <span class='ocrx_word' id='word_1_81' title='bbox 1896 1148 2008 1204; x_wconf 85' lang='lat' dir='ltr'><strong>Noe</strong></span> 
     </span>
    </p>
   </div>
   <div class='ocr_carea' id='block_1_11' title="bbox 420 1243 2010 1324">
    <p class='ocr_par' dir='ltr' id='par_1_11' title="bbox 420 1243 2010 1324">
     <span class='ocr_line' id='line_1_11' title="bbox 420 1243 2010 1324; baseline -0.008 -16"><span class='ocrx_word' id='word_1_82' title='bbox 420 1254 473 1308; x_wconf 93' lang='lat' dir='ltr'><strong>in</strong></span> <span class='ocrx_word' id='word_1_83' title='bbox 503 1263 687 1324; x_wconf 87' lang='lat' dir='ltr'><strong>typum</strong></span> <span class='ocrx_word' id='word_1_84' title='bbox 714 1259 914 1307; x_wconf 68' lang='lat' dir='ltr'><strong>sanctas</strong></span> <span class='ocrx_word' id='word_1_85' title='bbox 954 1248 1208 1307; x_wconf 79' lang='lat' dir='ltr'><strong>Ecclesiae</strong></span> <span class='ocrx_word' id='word_1_86' title='bbox 1235 1247 1492 1305; x_wconf 87' lang='lat' dir='ltr'><strong>trecentis</strong></span> <span class='ocrx_word' id='word_1_87' title='bbox 1519 1245 1714 1302; x_wconf 85' lang='lat' dir='ltr'><strong>cubitis</strong></span> <span class='ocrx_word' id='word_1_88' title='bbox 1751 1245 1806 1300; x_wconf 91' lang='lat' dir='ltr'><strong>in</strong></span> <span class='ocrx_word' id='word_1_89' title='bbox 1833 1243 2010 1313; x_wconf 83' lang='lat' dir='ltr'><strong>longi-</strong></span> 
     </span>
    </p>
   </div>
   <div class='ocr_carea' id='block_1_12' title="bbox 421 1336 2010 1415">
    <p class='ocr_par' dir='ltr' id='par_1_12' title="bbox 421 1336 2010 1415">
     <span class='ocr_line' id='line_1_12' title="bbox 421 1336 2010 1415; baseline -0.007 -15"><span class='ocrx_word' id='word_1_90' title='bbox 421 1343 626 1413; x_wconf 86' lang='lat' dir='ltr'><strong>tudine,</strong></span> <span class='ocrx_word' id='word_1_91' title='bbox 648 1343 1032 1415; x_wconf 77' lang='lat' dir='ltr'><strong>quinquaginta</strong></span> <span class='ocrx_word' id='word_1_92' title='bbox 1051 1343 1105 1397; x_wconf 93' lang='lat' dir='ltr'><strong>in</strong></span> <span class='ocrx_word' id='word_1_93' title='bbox 1127 1340 1434 1408; x_wconf 84' lang='lat' dir='ltr'><strong>latitudine,</strong></span> <span class='ocrx_word' id='word_1_94' title='bbox 1452 1348 1508 1396; x_wconf 89' lang='lat' dir='ltr'><strong>et</strong></span> <span class='ocrx_word' id='word_1_95' title='bbox 1525 1338 1741 1408; x_wconf 81' lang='lat' dir='ltr'><strong>triginta</strong></span> <span class='ocrx_word' id='word_1_96' title='bbox 1756 1337 1808 1392; x_wconf 92' lang='lat' dir='ltr'><strong>in</strong></span> <span class='ocrx_word' id='word_1_97' title='bbox 1827 1336 2010 1391; x_wconf 86' lang='lat' dir='ltr'><strong>altitu-</strong></span> 
     </span>
    </p>
   </div>
   <div class='ocr_carea' id='block_1_13' title="bbox 421 1427 2016 1507">
    <p class='ocr_par' dir='ltr' id='par_1_13' title="bbox 421 1427 2016 1507">
     <span class='ocr_line' id='line_1_13' title="bbox 421 1427 2016 1507; baseline -0.006 -16"><span class='ocrx_word' id='word_1_98' title='bbox 421 1435 547 1492; x_wconf 90' lang='lat' dir='ltr'><strong>dine</strong></span> <span class='ocrx_word' id='word_1_99' title='bbox 570 1435 764 1507; x_wconf 90' lang='lat' dir='ltr'><strong>legitur</strong></span> <span class='ocrx_word' id='word_1_100' title='bbox 788 1435 1048 1493; x_wconf 88' lang='lat' dir='ltr'><strong>l&#39;abricata</strong></span> <span class='ocrx_word' id='word_1_101' title='bbox 1077 1433 1235 1504; x_wconf 86' lang='lat' dir='ltr'><strong>(Gen.</strong></span> <span class='ocrx_word' id='word_1_102' title='bbox 1264 1449 1340 1497; x_wconf 80' lang='lat' dir='ltr'><strong>vi,</strong></span> <span class='ocrx_word' id='word_1_103' title='bbox 1371 1431 1461 1501; x_wconf 81' lang='grc'><strong>15)</strong></span> <span class='ocrx_word' id='word_1_104' title='bbox 1493 1449 1508 1487; x_wconf 91' lang='lat'><strong>:</strong></span> <span class='ocrx_word' id='word_1_105' title='bbox 1539 1431 1680 1486; x_wconf 90' lang='lat' dir='ltr'><strong>unde</strong></span> <span class='ocrx_word' id='word_1_106' title='bbox 1703 1429 1868 1484; x_wconf 84' lang='lat' dir='ltr'><strong>multa</strong></span> <span class='ocrx_word' id='word_1_107' title='bbox 1895 1427 2016 1483; x_wconf 85' lang='lat' dir='ltr'><strong>Ori-</strong></span> 
     </span>
    </p>
   </div>
   <div class='ocr_carea' id='block_1_14' title="bbox 423 1523 2019 1602">
    <p class='ocr_par' dir='ltr' id='par_1_14' title="bbox 423 1523 2019 1602">
     <span class='ocr_line' id='line_1_14' title="bbox 423 1523 2019 1602; baseline -0.004 -18"><span class='ocrx_word' id='word_1_108' title='bbox 423 1543 586 1600; x_wconf 88' lang='lat' dir='ltr'><strong>genes</strong></span> <span class='ocrx_word' id='word_1_109' title='bbox 612 1529 838 1602; x_wconf 89' lang='lat' dir='ltr'><strong>mystica</strong></span> <span class='ocrx_word' id='word_1_110' title='bbox 866 1529 886 1598; x_wconf 94' lang='lat'><strong>(</strong></span> <span class='ocrx_word' id='word_1_111' title='bbox 912 1538 970 1585; x_wconf 87' lang='lat' dir='ltr'><strong>ut</strong></span> <span class='ocrx_word' id='word_1_112' title='bbox 998 1527 1178 1597; x_wconf 88' lang='lat' dir='ltr'><strong>solet)</strong></span> <span class='ocrx_word' id='word_1_113' title='bbox 1219 1526 1558 1595; x_wconf 84' lang='lat' dir='ltr'><strong>expositione</strong></span> <span class='ocrx_word' id='word_1_114' title='bbox 1585 1525 1852 1581; x_wconf 83' lang='lat' dir='ltr'><strong>tractavit.</strong></span> <span class='ocrx_word' id='word_1_115' title='bbox 1883 1523 2019 1592; x_wconf 85' lang='lat' dir='ltr'><strong>Qua-</strong></span> 
     </span>
    </p>
   </div>
   <div class='ocr_carea' id='block_1_15' title="bbox 426 1617 2019 1694">
    <p class='ocr_par' dir='ltr' id='par_1_15' title="bbox 426 1617 2019 1694">
     <span class='ocr_line' id='line_1_15' title="bbox 426 1617 2019 1694; baseline -0.004 -16"><span class='ocrx_word' id='word_1_116' title='bbox 426 1632 645 1694; x_wconf 86' lang='lat' dir='ltr'><strong>propter</strong></span> <span class='ocrx_word' id='word_1_117' title='bbox 680 1621 1046 1678; x_wconf 88' lang='lat' dir='ltr'><strong>indubitantcr</strong></span> <span class='ocrx_word' id='word_1_118' title='bbox 1071 1629 1296 1690; x_wconf 83' lang='lat' dir='ltr'><strong>apparet</strong></span> <span class='ocrx_word' id='word_1_119' title='bbox 1328 1619 1640 1676; x_wconf 86' lang='lat' dir='ltr'><strong>Creatorem</strong></span> <span class='ocrx_word' id='word_1_120' title='bbox 1668 1626 1829 1689; x_wconf 90' lang='lat' dir='ltr'><strong>atque</strong></span> <span class='ocrx_word' id='word_1_121' title='bbox 1854 1617 2019 1687; x_wconf 84' lang='lat' dir='ltr'><strong>Opili-</strong></span> 
     </span>
    </p>
   </div>
   <div class='ocr_carea' id='block_1_16' title="bbox 425 1709 2011 1782">
    <p class='ocr_par' dir='ltr' id='par_1_16' title="bbox 425 1709 2011 1782">
     <span class='ocr_line' id='line_1_16' title="bbox 425 1709 2011 1782; baseline -0.004 -11"><span class='ocrx_word' id='word_1_122' title='bbox 425 1709 773 1781; x_wconf 55' lang='lat' dir='ltr'><strong>cem‘rerum,</strong></span> <span class='ocrx_word' id='word_1_123' title='bbox 816 1729 939 1770; x_wconf 89' lang='lat' dir='ltr'><strong>cum</strong></span> <span class='ocrx_word' id='word_1_124' title='bbox 979 1711 1218 1770; x_wconf 66' lang='lat' dir='ltr'><strong>caelestia</strong></span> <span class='ocrx_word' id='word_1_125' title='bbox 1244 1720 1435 1770; x_wconf 86' lang='lat' dir='ltr'><strong>cuncta</strong></span> <span class='ocrx_word' id='word_1_126' title='bbox 1479 1721 1796 1781; x_wconf 88' lang='lat' dir='ltr'><strong>terrenaque</strong></span> <span class='ocrx_word' id='word_1_127' title='bbox 1823 1710 2011 1782; x_wconf 88' lang='lat' dir='ltr'><strong>dispo-</strong></span> 
     </span>
    </p>
   </div>
   <div class='ocr_carea' id='block_1_17' title="bbox 2099 472 3707 557">
    <p class='ocr_par' dir='ltr' id='par_1_17' title="bbox 2099 472 3707 557">
     <span class='ocr_line' id='line_1_17' title="bbox 2099 472 3707 557; baseline -0.011 -13"><span class='ocrx_word' id='word_1_128' title='bbox 2099 487 2387 557; x_wconf 85' lang='lat' dir='ltr'><strong>reperitur,</strong></span> <span class='ocrx_word' id='word_1_129' title='bbox 2411 483 2553 555; x_wconf 90' lang='lat' dir='ltr'><strong>quod</strong></span> <span class='ocrx_word' id='word_1_130' title='bbox 2576 496 2682 538; x_wconf 90' lang='lat' dir='ltr'><strong>non</strong></span> <span class='ocrx_word' id='word_1_131' title='bbox 2711 479 2944 552; x_wconf 89' lang='lat' dir='ltr'><strong>patiatur</strong></span> <span class='ocrx_word' id='word_1_132' title='bbox 2964 476 3196 548; x_wconf 87' lang='lat' dir='ltr'><strong>aliquam</strong></span> <span class='ocrx_word' id='word_1_133' title='bbox 3216 473 3592 545; x_wconf 63' lang='lat' dir='ltr'><strong>qumstionem,</strong></span> <span class='ocrx_word' id='word_1_134' title='bbox 3612 472 3707 528; x_wconf 80' lang='lat' dir='ltr'><strong>Ja-</strong></span> 
     </span>
    </p>
   </div>
   <div class='ocr_carea' id='block_1_18' title="bbox 2100 564 3709 648">
    <p class='ocr_par' dir='ltr' id='par_1_18' title="bbox 2100 564 3709 648">
     <span class='ocr_line' id='line_1_18' title="bbox 2100 564 3709 648; baseline -0.01 -13"><span class='ocrx_word' id='word_1_135' title='bbox 2100 581 2238 635; x_wconf 88' lang='lat' dir='ltr'><strong>cobo</strong></span> <span class='ocrx_word' id='word_1_136' title='bbox 2275 576 2520 648; x_wconf 89' lang='lat' dir='ltr'><strong>apostolo</strong></span> <span class='ocrx_word' id='word_1_137' title='bbox 2554 579 2886 644; x_wconf 85' lang='lat' dir='ltr'><strong>protestante</strong></span> <span class='ocrx_word' id='word_1_138' title='bbox 2917 585 2934 623; x_wconf 90' lang='lat'><strong>:</strong></span> <span class='ocrx_word' id='word_1_139' title='bbox 2967 567 3029 624; x_wconf 90' lang='lat' dir='ltr'><strong>Si</strong></span> <span class='ocrx_word' id='word_1_140' title='bbox 3068 568 3180 638; x_wconf 88' lang='lat' dir='ltr'><strong>quis</strong></span> <span class='ocrx_word' id='word_1_141' title='bbox 3209 567 3263 621; x_wconf 87' lang='lat' dir='ltr'><strong>in</strong></span> <span class='ocrx_word' id='word_1_142' title='bbox 3291 565 3444 622; x_wconf 77' lang='lat' dir='ltr'><strong>verbo</strong></span> <span class='ocrx_word' id='word_1_143' title='bbox 3473 581 3580 619; x_wconf 85' lang='lat' dir='ltr'><strong>non</strong></span> <span class='ocrx_word' id='word_1_144' title='bbox 3623 564 3709 633; x_wconf 77' lang='lat' dir='ltr'><strong>of-</strong></span> 
     </span>
    </p>
   </div>
   <div class='ocr_carea' id='block_1_19' title="bbox 2102 657 3710 744">
    <p class='ocr_par' dir='ltr' id='par_1_19' title="bbox 2102 657 3710 744">
     <span class='ocr_line' id='line_1_19' title="bbox 2102 657 3710 744; baseline -0.009 -17"><span class='ocrx_word' id='word_1_145' title='bbox 2102 673 2338 744; x_wconf 80' lang='lat' dir='ltr'><strong>fenderit,</strong></span> <span class='ocrx_word' id='word_1_146' title='bbox 2368 670 2449 724; x_wconf 82' lang='lat' dir='ltr'><strong>hic</strong></span> <span class='ocrx_word' id='word_1_147' title='bbox 2478 669 2732 741; x_wconf 73' lang='lat' dir='ltr'><strong>perfectus</strong></span> <span class='ocrx_word' id='word_1_148' title='bbox 2754 673 2826 720; x_wconf 82' lang='lat' dir='ltr'><strong>est</strong></span> <span class='ocrx_word' id='word_1_149' title='bbox 2847 664 2928 718; x_wconf 86' lang='lat' dir='ltr'><strong>vir</strong></span> <span class='ocrx_word' id='word_1_150' title='bbox 2945 659 3083 733; x_wconf 80' lang='lat' dir='ltr'><strong>(Jac.</strong></span> <span class='ocrx_word' id='word_1_151' title='bbox 3115 677 3194 728; x_wconf 89' lang='grc' dir='ltr'><strong>ιιι,</strong></span> <span class='ocrx_word' id='word_1_152' title='bbox 3222 660 3305 731; x_wconf 75' lang='lat'><strong>2).</strong></span> <span class='ocrx_word' id='word_1_153' title='bbox 3326 657 3484 727; x_wconf 86' lang='lat' dir='ltr'><strong>Quod</strong></span> <span class='ocrx_word' id='word_1_154' title='bbox 3505 657 3552 712; x_wconf 93' lang='lat' dir='ltr'><strong>si</strong></span> <span class='ocrx_word' id='word_1_155' title='bbox 3576 673 3710 713; x_wconf 86' lang='lat' dir='ltr'><strong>non-</strong></span> 
     </span>
    </p>
   </div>
   <div class='ocr_carea' id='block_1_20' title="bbox 2105 747 3713 824">
    <p class='ocr_par' dir='ltr' id='par_1_20' title="bbox 2105 747 3713 824">
     <span class='ocr_line' id='line_1_20' title="bbox 2105 747 3713 824; baseline -0.012 -2"><span class='ocrx_word' id='word_1_156' title='bbox 2105 765 2240 822; x_wconf 90' lang='lat' dir='ltr'><strong>nulli</strong></span> <span class='ocrx_word' id='word_1_157' title='bbox 2282 765 2450 820; x_wconf 89' lang='lat' dir='ltr'><strong>sacris</strong></span> <span class='ocrx_word' id='word_1_158' title='bbox 2479 759 2675 818; x_wconf 85' lang='lat' dir='ltr'><strong>litteris</strong></span> <span class='ocrx_word' id='word_1_159' title='bbox 2703 755 3002 815; x_wconf 85' lang='lat' dir='ltr'><strong>calumnias</strong></span> <span class='ocrx_word' id='word_1_160' title='bbox 3051 761 3278 824; x_wconf 81' lang='lat' dir='ltr'><strong>parant,</strong></span> <span class='ocrx_word' id='word_1_161' title='bbox 3313 749 3442 822; x_wconf 89' lang='lat' dir='ltr'><strong>quid</strong></span> <span class='ocrx_word' id='word_1_162' title='bbox 3481 747 3713 804; x_wconf 79' lang='lat' dir='ltr'><strong>inﬁrmis</strong></span> 
     </span>
    </p>
   </div>
   <div class='ocr_carea' id='block_1_21' title="bbox 2113 843 3715 924">
    <p class='ocr_par' dir='ltr' id='par_1_21' title="bbox 2113 843 3715 924">
     <span class='ocr_line' id='line_1_21' title="bbox 2113 843 3715 924; baseline -0.012 -10"><span class='ocrx_word' id='word_1_163' title='bbox 2113 875 2220 914; x_wconf 90' lang='lat' dir='ltr'><strong>non</strong></span> <span class='ocrx_word' id='word_1_164' title='bbox 2251 856 2471 924; x_wconf 80' lang='lat' dir='ltr'><strong>faciant,</strong></span> <span class='ocrx_word' id='word_1_165' title='bbox 2503 867 2639 924; x_wconf 88' lang='lat' dir='ltr'><strong>quos</strong></span> <span class='ocrx_word' id='word_1_166' title='bbox 2659 850 2914 908; x_wconf 89' lang='lat' dir='ltr'><strong>audacter</strong></span> <span class='ocrx_word' id='word_1_167' title='bbox 2939 844 3230 903; x_wconf 84' lang='lat' dir='ltr'><strong>accusant?</strong></span> <span class='ocrx_word' id='word_1_168' title='bbox 3261 843 3475 899; x_wconf 84' lang='lat' dir='ltr'><strong>Prolata</strong></span> <span class='ocrx_word' id='word_1_169' title='bbox 3498 854 3715 910; x_wconf 86' lang='lat' dir='ltr'><strong>semper</strong></span> 
     </span>
    </p>
   </div>
   <div class='ocr_carea' id='block_1_22' title="bbox 2107 935 3715 1012">
    <p class='ocr_par' dir='ltr' id='par_1_22' title="bbox 2107 935 3715 1012">
     <span class='ocr_line' id='line_1_22' title="bbox 2107 935 3715 1012; baseline -0.011 -6"><span class='ocrx_word' id='word_1_170' title='bbox 2107 951 2176 1007; x_wconf 86' lang='lat' dir='ltr'><strong>ad</strong></span> <span class='ocrx_word' id='word_1_171' title='bbox 2201 949 2439 1004; x_wconf 89' lang='lat' dir='ltr'><strong>animum</strong></span> <span class='ocrx_word' id='word_1_172' title='bbox 2465 945 2696 1002; x_wconf 89' lang='lat' dir='ltr'><strong>dicentis</strong></span> <span class='ocrx_word' id='word_1_173' title='bbox 2717 940 2950 1012; x_wconf 86' lang='lat' dir='ltr'><strong>aptanda</strong></span> <span class='ocrx_word' id='word_1_174' title='bbox 2980 947 3125 996; x_wconf 87' lang='lat' dir='ltr'><strong>sunt.</strong></span> <span class='ocrx_word' id='word_1_175' title='bbox 3149 936 3282 993; x_wconf 87' lang='lat' dir='ltr'><strong>Nam</strong></span> <span class='ocrx_word' id='word_1_176' title='bbox 3312 937 3360 993; x_wconf 87' lang='lat' dir='ltr'><strong>si</strong></span> <span class='ocrx_word' id='word_1_177' title='bbox 3383 935 3563 991; x_wconf 88' lang='lat' dir='ltr'><strong>omnia</strong></span> <span class='ocrx_word' id='word_1_178' title='bbox 3585 948 3715 990; x_wconf 90' lang='lat' dir='ltr'><strong>con-</strong></span> 
     </span>
    </p>
   </div>
   <div class='ocr_carea' id='block_1_23' title="bbox 2112 1024 3719 1097">
    <p class='ocr_par' dir='ltr' id='par_1_23' title="bbox 2112 1024 3719 1097">
     <span class='ocr_line' id='line_1_23' title="bbox 2112 1024 3719 1097; baseline -0.012 0"><span class='ocrx_word' id='word_1_179' title='bbox 2112 1041 2342 1097; x_wconf 89' lang='lat' dir='ltr'><strong>tentiosa</strong></span> <span class='ocrx_word' id='word_1_180' title='bbox 2375 1036 2728 1093; x_wconf 87' lang='lat' dir='ltr'><strong>altercatione</strong></span> <span class='ocrx_word' id='word_1_181' title='bbox 2757 1034 3039 1090; x_wconf 86' lang='lat' dir='ltr'><strong>destruere</strong></span> <span class='ocrx_word' id='word_1_182' title='bbox 3065 1028 3336 1093; x_wconf 86' lang='lat' dir='ltr'><strong>volumus,</strong></span> <span class='ocrx_word' id='word_1_183' title='bbox 3370 1027 3512 1096; x_wconf 87' lang='lat' dir='ltr'><strong>piam</strong></span> <span class='ocrx_word' id='word_1_184' title='bbox 3553 1024 3719 1081; x_wconf 85' lang='lat' dir='ltr'><strong>devo-</strong></span> 
     </span>
    </p>
   </div>
   <div class='ocr_carea' id='block_1_24' title="bbox 2111 1118 3720 1198">
    <p class='ocr_par' dir='ltr' id='par_1_24' title="bbox 2111 1118 3720 1198">
     <span class='ocr_line' id='line_1_24' title="bbox 2111 1118 3720 1198; baseline -0.009 -10"><span class='ocrx_word' id='word_1_185' title='bbox 2111 1134 2315 1189; x_wconf 89' lang='lat' dir='ltr'><strong>tionem</strong></span> <span class='ocrx_word' id='word_1_186' title='bbox 2338 1131 2551 1186; x_wconf 91' lang='lat' dir='ltr'><strong>incauta</strong></span> <span class='ocrx_word' id='word_1_187' title='bbox 2594 1129 2774 1198; x_wconf 90' lang='lat' dir='ltr'><strong>potius</strong></span> <span class='ocrx_word' id='word_1_188' title='bbox 2795 1122 3222 1180; x_wconf 88' lang='lat' dir='ltr'><strong>contradictione</strong></span> <span class='ocrx_word' id='word_1_189' title='bbox 3247 1119 3584 1176; x_wconf 81' lang='lat' dir='ltr'><strong>damnamus.</strong></span> <span class='ocrx_word' id='word_1_190' title='bbox 3611 1118 3720 1174; x_wconf 88' lang='lat' dir='ltr'><strong>Sed</strong></span> 
     </span>
    </p>
   </div>
   <div class='ocr_carea' id='block_1_25' title="bbox 2109 1208 3723 1296">
    <p class='ocr_par' dir='ltr' id='par_1_25' title="bbox 2109 1208 3723 1296">
     <span class='ocr_line' id='line_1_25' title="bbox 2109 1208 3723 1296; baseline -0.01 -16"><span class='ocrx_word' id='word_1_191' title='bbox 2109 1223 2220 1296; x_wconf 84' lang='lat' dir='ltr'><strong>jam</strong></span> <span class='ocrx_word' id='word_1_192' title='bbox 2267 1231 2478 1292; x_wconf 84' lang='lat' dir='ltr'><strong>tempus</strong></span> <span class='ocrx_word' id='word_1_193' title='bbox 2509 1228 2592 1277; x_wconf 87' lang='lat' dir='ltr'><strong>est</strong></span> <span class='ocrx_word' id='word_1_194' title='bbox 2633 1218 2701 1274; x_wconf 90' lang='lat' dir='ltr'><strong>ad</strong></span> <span class='ocrx_word' id='word_1_195' title='bbox 2743 1217 3029 1273; x_wconf 88' lang='lat' dir='ltr'><strong>Dominum</strong></span> <span class='ocrx_word' id='word_1_196' title='bbox 3058 1211 3225 1270; x_wconf 89' lang='lat' dir='ltr'><strong>corda</strong></span> <span class='ocrx_word' id='word_1_197' title='bbox 3265 1221 3578 1268; x_wconf 86' lang='lat' dir='ltr'><strong>convertere</strong></span> <span class='ocrx_word' id='word_1_198' title='bbox 3603 1250 3619 1276; x_wconf 92' lang='lat'><strong>,</strong></span> <span class='ocrx_word' id='word_1_199' title='bbox 3649 1208 3723 1264; x_wconf 84' lang='lat' dir='ltr'><strong>ad</strong></span> 
     </span>
    </p>
   </div>
   <div class='ocr_carea' id='block_1_26' title="bbox 2121 1304 3720 1389">
    <p class='ocr_par' dir='ltr' id='par_1_26' title="bbox 2121 1304 3720 1389">
     <span class='ocr_line' id='line_1_26' title="bbox 2121 1304 3720 1389; baseline -0.01 -14"><span class='ocrx_word' id='word_1_200' title='bbox 2121 1333 2280 1389; x_wconf 91' lang='lat' dir='ltr'><strong>quem</strong></span> <span class='ocrx_word' id='word_1_201' title='bbox 2309 1317 2482 1387; x_wconf 86' lang='lat' dir='ltr'><strong>magis</strong></span> <span class='ocrx_word' id='word_1_202' title='bbox 2512 1314 2672 1371; x_wconf 88' lang='lat' dir='ltr'><strong>debet</strong></span> <span class='ocrx_word' id='word_1_203' title='bbox 2697 1314 2874 1369; x_wconf 90' lang='lat' dir='ltr'><strong>omnis</strong></span> <span class='ocrx_word' id='word_1_204' title='bbox 2905 1310 3134 1366; x_wconf 88' lang='lat' dir='ltr'><strong>intentio</strong></span> <span class='ocrx_word' id='word_1_205' title='bbox 3165 1306 3398 1373; x_wconf 85' lang='lat' dir='ltr'><strong>tendere,</strong></span> <span class='ocrx_word' id='word_1_206' title='bbox 3427 1315 3483 1363; x_wconf 90' lang='lat' dir='ltr'><strong>et</strong></span> <span class='ocrx_word' id='word_1_207' title='bbox 3509 1304 3720 1362; x_wconf 87' lang='lat' dir='ltr'><strong>laboris</strong></span> 
     </span>
    </p>
   </div>
   <div class='ocr_carea' id='block_1_27' title="bbox 2121 1407 2723 1480">
    <p class='ocr_par' dir='ltr' id='par_1_27' title="bbox 2121 1407 2723 1480">
     <span class='ocr_line' id='line_1_27' title="bbox 2121 1407 2723 1480; baseline -0.007 -14"><span class='ocrx_word' id='word_1_208' title='bbox 2121 1410 2386 1466; x_wconf 85' lang='lat' dir='ltr'><strong>terminus</strong></span> <span class='ocrx_word' id='word_1_209' title='bbox 2417 1407 2723 1480; x_wconf 75' lang='lat' dir='ltr'><strong>pervenire.</strong></span> 
     </span>
    </p>
   </div>
   <div class='ocr_carea' id='block_1_28' title="bbox 2779 1541 3074 1598">
    <p class='ocr_par' dir='ltr' id='par_1_28' title="bbox 2779 1541 3074 1598">
     <span class='ocr_line' id='line_1_28' title="bbox 2779 1541 3074 1598; baseline -0.003 -1"><span class='ocrx_word' id='word_1_210' title='bbox 2779 1541 3074 1598; x_wconf 81' lang='lat' dir='ltr'><strong>ORATIO.</strong></span> 
     </span>
    </p>
   </div>
   <div class='ocr_carea' id='block_1_29' title="bbox 2205 1630 3734 1708">
    <p class='ocr_par' dir='ltr' id='par_1_29' title="bbox 2205 1630 3734 1708">
     <span class='ocr_line' id='line_1_29' title="bbox 2205 1630 3734 1708; baseline -0.008 -11"><span class='ocrx_word' id='word_1_211' title='bbox 2205 1639 2309 1708; x_wconf 90' lang='lat' dir='ltr'><strong>Tu,</strong></span> <span class='ocrx_word' id='word_1_212' title='bbox 2341 1639 2567 1696; x_wconf 88' lang='lat' dir='ltr'><strong>Domine</strong></span> <span class='ocrx_word' id='word_1_213' title='bbox 2593 1653 2755 1695; x_wconf 88' lang='lat' dir='ltr'><strong>verus</strong></span> <span class='ocrx_word' id='word_1_214' title='bbox 2796 1637 2986 1692; x_wconf 88' lang='lat' dir='ltr'><strong>doctor</strong></span> <span class='ocrx_word' id='word_1_215' title='bbox 3015 1643 3068 1690; x_wconf 90' lang='lat' dir='ltr'><strong>et</strong></span> <span class='ocrx_word' id='word_1_216' title='bbox 3115 1633 3406 1704; x_wconf 67' lang='lat' dir='ltr'><strong>praestitor,</strong></span> <span class='ocrx_word' id='word_1_217' title='bbox 3438 1630 3734 1686; x_wconf 80' lang='lat' dir='ltr'><strong>advocatus</strong></span> 
     </span>
    </p>
   </div>
   <div class='ocr_carea' id='block_1_30' title="bbox 2133 1723 3734 1804">
    <p class='ocr_par' dir='ltr' id='par_1_30' title="bbox 2133 1723 3734 1804">
     <span class='ocr_line' id='line_1_30' title="bbox 2133 1723 3734 1804; baseline -0.008 -14"><span class='ocrx_word' id='word_1_218' title='bbox 2133 1743 2187 1790; x_wconf 92' lang='lat' dir='ltr'><strong>et</strong></span> <span class='ocrx_word' id='word_1_219' title='bbox 2222 1733 2415 1804; x_wconf 82' lang='lat' dir='ltr'><strong>judex,</strong></span> <span class='ocrx_word' id='word_1_220' title='bbox 2465 1732 2682 1803; x_wconf 85' lang='lat' dir='ltr'><strong>largitor</strong></span> <span class='ocrx_word' id='word_1_221' title='bbox 2711 1739 2764 1785; x_wconf 89' lang='lat' dir='ltr'><strong>et</strong></span> <span class='ocrx_word' id='word_1_222' title='bbox 2794 1729 3050 1796; x_wconf 90' lang='lat' dir='ltr'><strong>monitor,</strong></span> <span class='ocrx_word' id='word_1_223' title='bbox 3084 1725 3339 1783; x_wconf 88' lang='lat' dir='ltr'><strong>terribilis</strong></span> <span class='ocrx_word' id='word_1_224' title='bbox 3367 1731 3422 1780; x_wconf 90' lang='lat' dir='ltr'><strong>et</strong></span> <span class='ocrx_word' id='word_1_225' title='bbox 3471 1723 3734 1790; x_wconf 88' lang='lat' dir='ltr'><strong>clemens,</strong></span> 
     </span>
    </p>
   </div>
   <div class='ocr_carea' id='block_1_31' title="bbox 428 1779 3734 1896">
    <p class='ocr_par' dir='ltr' id='par_1_31' title="bbox 428 1779 3734 1896">
     <span class='ocr_line' id='line_1_31' title="bbox 759 1779 3732 1799; baseline -0.009 18"><span class='ocrx_word' id='word_1_226' title='bbox 759 1779 767 1781; x_wconf 44' lang='lat'>_</span> <span class='ocrx_word' id='word_1_227' title='bbox 1712 1779 1723 1781; x_wconf 56' lang='lat'><strong><em>‘</em></strong></span> <span class='ocrx_word' id='word_1_228' title='bbox 1914 1779 1927 1782; x_wconf 77' lang='lat'><strong><em>&#39;</em></strong></span> <span class='ocrx_word' id='word_1_229' title='bbox 2134 1779 2187 1790; x_wconf 72' lang='grc' dir='ltr'><strong>ν’</strong></span> <span class='ocrx_word' id='word_1_230' title='bbox 2253 1779 2415 1799; x_wconf 67' lang='grc' dir='ltr'><strong>*ν’-’πῖ</strong></span> <span class='ocrx_word' id='word_1_231' title='bbox 2465 1779 2530 1787; x_wconf 85' lang='grc'><strong>--·-</strong></span> <span class='ocrx_word' id='word_1_232' title='bbox 2584 1779 2674 1787; x_wconf 70' lang='grc' dir='ltr'><strong>--ν-</strong></span> <span class='ocrx_word' id='word_1_233' title='bbox 2713 1779 2763 1785; x_wconf 79' lang='grc'><strong>--</strong></span> <span class='ocrx_word' id='word_1_234' title='bbox 2794 1779 3050 1796; x_wconf 74' lang='lat' dir='ltr'><strong>&quot;&quot;“&quot;&quot;r</strong></span> <span class='ocrx_word' id='word_1_235' title='bbox 3089 1779 3287 1783; x_wconf 46' lang='grc' dir='ltr'><strong>ηντη</strong></span> <span class='ocrx_word' id='word_1_236' title='bbox 3380 1779 3392 1780; x_wconf 44' lang='grc' dir='ltr'>ί</span> <span class='ocrx_word' id='word_1_237' title='bbox 3717 1779 3732 1790; x_wconf 86' lang='grc'><em>.</em></span> 
     </span>
     <span class='ocr_line' id='line_1_32' title="bbox 428 1779 3734 1896; baseline -0.008 3"><span class='ocrx_word' id='word_1_238' title='bbox 428 1816 603 1873; x_wconf 63' lang='lat' dir='ltr'><strong>nere&quot;</strong></span> <span class='ocrx_word' id='word_1_239' title='bbox 645 1806 745 1863; x_wconf 73' lang='lat' dir='ltr'><strong>sub</strong></span> <span class='ocrx_word' id='word_1_240' title='bbox 784 1821 1059 1873; x_wconf 59' lang='lat' dir='ltr'><strong>mensura’</strong></span> <span class='ocrx_word' id='word_1_241' title='bbox 1105 1814 1162 1860; x_wconf 62' lang='grc'><strong>⁸⁸</strong></span> <span class='ocrx_word' id='word_1_242' title='bbox 1199 1819 1445 1874; x_wconf 52' lang='lat' dir='ltr'><strong>&quot;umero,</strong></span> <span class='ocrx_word' id='word_1_243' title='bbox 1476 1813 1531 1861; x_wconf 55' lang='lat' dir='ltr'><strong>et</strong></span> <span class='ocrx_word' id='word_1_244' title='bbox 1561 1803 1796 1874; x_wconf 60' lang='lat' dir='ltr'><strong>pondere</strong></span> <span class='ocrx_word' id='word_1_245' title='bbox 1826 1802 2022 1860; x_wconf 53' lang='lat' dir='ltr'><strong>redsse</strong></span> <span class='ocrx_word' id='word_1_246' title='bbox 2056 1779 2098 1839; x_wconf 71' lang='grc' dir='ltr'>Β</span> <span class='ocrx_word' id='word_1_247' title='bbox 2128 1779 2428 1896; x_wconf 55' lang='lat' dir='ltr'><strong>coriipiens</strong></span> <span class='ocrx_word' id='word_1_248' title='bbox 2475 1834 2529 1883; x_wconf 91' lang='lat' dir='ltr'><strong>et</strong></span> <span class='ocrx_word' id='word_1_249' title='bbox 2544 1779 2902 1890; x_wconf 55' lang='lat' dir='ltr'><strong>oconsolator,</strong></span> <span class='ocrx_word' id='word_1_250' title='bbox 2935 1823 3026 1893; x_wconf 92' lang='lat' dir='ltr'><strong>qui</strong></span> <span class='ocrx_word' id='word_1_251' title='bbox 3072 1819 3232 1876; x_wconf 64' lang='lat' dir='ltr'><strong>cmcis</strong></span> <span class='ocrx_word' id='word_1_252' title='bbox 3264 1816 3534 1873; x_wconf 89' lang='lat' dir='ltr'><strong>mentibus</strong></span> <span class='ocrx_word' id='word_1_253' title='bbox 3563 1815 3734 1871; x_wconf 83' lang='lat' dir='ltr'><strong>donas</strong></span> 
     </span>
    </p>
   </div>
   <div class='ocr_carea' id='block_1_32' title="bbox 431 1896 2024 1968">
    <p class='ocr_par' dir='ltr' id='par_1_32' title="bbox 431 1896 2024 1968">
     <span class='ocr_line' id='line_1_33' title="bbox 431 1896 2024 1968; baseline 0 -15"><span class='ocrx_word' id='word_1_254' title='bbox 431 1898 612 1954; x_wconf 87' lang='lat' dir='ltr'><strong>omnia</strong></span> <span class='ocrx_word' id='word_1_255' title='bbox 640 1911 970 1968; x_wconf 68' lang='lat' dir='ltr'><strong>quaecunque</strong></span> <span class='ocrx_word' id='word_1_256' title='bbox 1011 1904 1192 1952; x_wconf 89' lang='lat' dir='ltr'><strong>creata</strong></span> <span class='ocrx_word' id='word_1_257' title='bbox 1232 1905 1377 1964; x_wconf 91' lang='lat' dir='ltr'><strong>sunt,</strong></span> <span class='ocrx_word' id='word_1_258' title='bbox 1407 1896 1544 1952; x_wconf 87' lang='lat' dir='ltr'><strong>sicut</strong></span> <span class='ocrx_word' id='word_1_259' title='bbox 1583 1897 2024 1967; x_wconf 85' lang='lat' dir='ltr'><strong>Sapientissimus</strong></span> 
     </span>
    </p>
   </div>
   <div class='ocr_carea' id='block_1_33' title="bbox 431 1988 2025 2060">
    <p class='ocr_par' dir='ltr' id='par_1_33' title="bbox 431 1988 2025 2060">
     <span class='ocr_line' id='line_1_34' title="bbox 431 1988 2025 2060; baseline -0.001 -14"><span class='ocrx_word' id='word_1_260' title='bbox 431 1989 562 2046; x_wconf 90' lang='lat' dir='ltr'><strong>dicit</strong></span> <span class='ocrx_word' id='word_1_261' title='bbox 592 2007 607 2045; x_wconf 87' lang='lat'>:</span> <span class='ocrx_word' id='word_1_262' title='bbox 643 1988 832 2044; x_wconf 87' lang='lat' dir='ltr'><strong>Omnia</strong></span> <span class='ocrx_word' id='word_1_263' title='bbox 855 1988 912 2044; x_wconf 87' lang='lat' dir='ltr'><strong>in</strong></span> <span class='ocrx_word' id='word_1_264' title='bbox 951 2005 1211 2056; x_wconf 84' lang='lat' dir='ltr'><strong>mensura,</strong></span> <span class='ocrx_word' id='word_1_265' title='bbox 1237 1997 1283 2042; x_wconf 86' lang='lat' dir='ltr'><strong>et</strong></span> <span class='ocrx_word' id='word_1_266' title='bbox 1303 2004 1539 2055; x_wconf 85' lang='lat' dir='ltr'><strong>numero,</strong></span> <span class='ocrx_word' id='word_1_267' title='bbox 1585 1997 1632 2042; x_wconf 90' lang='lat' dir='ltr'><strong>et</strong></span> <span class='ocrx_word' id='word_1_268' title='bbox 1662 1989 1885 2060; x_wconf 84' lang='lat' dir='ltr'><strong>pondere</strong></span> <span class='ocrx_word' id='word_1_269' title='bbox 1914 1990 2025 2044; x_wconf 83' lang='lat' dir='ltr'><strong>dis-</strong></span> 
     </span>
    </p>
   </div>
   <div class='ocr_carea' id='block_1_34' title="bbox 435 2081 2030 2156">
    <p class='ocr_par' dir='ltr' id='par_1_34' title="bbox 435 2081 2030 2156">
     <span class='ocr_line' id='line_1_35' title="bbox 435 2081 2030 2156; baseline -0.001 -17"><span class='ocrx_word' id='word_1_270' title='bbox 435 2084 654 2156; x_wconf 78' lang='lat' dir='ltr'><strong>posuisti</strong></span> <span class='ocrx_word' id='word_1_271' title='bbox 699 2083 870 2155; x_wconf 85' lang='lat' dir='ltr'><strong>(Sap.</strong></span> <span class='ocrx_word' id='word_1_272' title='bbox 916 2098 990 2149; x_wconf 78' lang='lat' dir='ltr'><strong>xi,</strong></span> <span class='ocrx_word' id='word_1_273' title='bbox 1021 2082 1085 2138; x_wconf 73' lang='lat' dir='ltr'><strong>2i</strong></span> <span class='ocrx_word' id='word_1_274' title='bbox 1111 2082 1154 2152; x_wconf 96' lang='lat'><strong>).</strong></span> <span class='ocrx_word' id='word_1_275' title='bbox 1186 2081 1338 2137; x_wconf 85' lang='lat' dir='ltr'><strong>Nunc</strong></span> <span class='ocrx_word' id='word_1_276' title='bbox 1383 2089 1604 2152; x_wconf 89' lang='lat' dir='ltr'><strong>propter</strong></span> <span class='ocrx_word' id='word_1_277' title='bbox 1631 2081 1885 2136; x_wconf 84' lang='lat' dir='ltr'><strong>virtutem</strong></span> <span class='ocrx_word' id='word_1_278' title='bbox 1914 2096 2030 2138; x_wconf 91' lang='lat' dir='ltr'><strong>me-</strong></span> 
     </span>
    </p>
   </div>
   <div class='ocr_carea' id='block_1_35' title="bbox 439 2172 2030 2244">
    <p class='ocr_par' dir='ltr' id='par_1_35' title="bbox 439 2172 2030 2244">
     <span class='ocr_line' id='line_1_36' title="bbox 439 2172 2030 2244; baseline -0.001 -13"><span class='ocrx_word' id='word_1_279' title='bbox 439 2175 626 2231; x_wconf 77' lang='lat' dir='ltr'><strong>moriae</strong></span> <span class='ocrx_word' id='word_1_280' title='bbox 653 2174 888 2230; x_wconf 84' lang='lat' dir='ltr'><strong>breviter</strong></span> <span class='ocrx_word' id='word_1_281' title='bbox 913 2172 1246 2242; x_wconf 88' lang='lat' dir='ltr'><strong>intimemus,</strong></span> <span class='ocrx_word' id='word_1_282' title='bbox 1272 2187 1392 2244; x_wconf 63' lang='lat' dir='ltr'><strong>quae</strong></span> <span class='ocrx_word' id='word_1_283' title='bbox 1413 2185 1574 2244; x_wconf 86' lang='lat' dir='ltr'><strong>supra</strong></span> <span class='ocrx_word' id='word_1_284' title='bbox 1600 2172 1760 2228; x_wconf 85' lang='lat' dir='ltr'><strong>latius</strong></span> <span class='ocrx_word' id='word_1_285' title='bbox 1779 2173 2030 2229; x_wconf 87' lang='lat' dir='ltr'><strong>videntur</strong></span> 
     </span>
    </p>
   </div>
   <div class='ocr_carea' id='block_1_36' title="bbox 435 2265 2032 2334">
    <p class='ocr_par' dir='ltr' id='par_1_36' title="bbox 435 2265 2032 2334">
     <span class='ocr_line' id='line_1_37' title="bbox 435 2265 2032 2334; baseline -0.004 -9"><span class='ocrx_word' id='word_1_286' title='bbox 435 2266 629 2325; x_wconf 81' lang='lat' dir='ltr'><strong>ell&#39;usa.</strong></span> <span class='ocrx_word' id='word_1_287' title='bbox 672 2266 908 2322; x_wconf 89' lang='lat' dir='ltr'><strong>Primum</strong></span> <span class='ocrx_word' id='word_1_288' title='bbox 937 2265 1252 2322; x_wconf 86' lang='lat' dir='ltr'><strong>meminisse</strong></span> <span class='ocrx_word' id='word_1_289' title='bbox 1279 2279 1378 2322; x_wconf 91' lang='lat' dir='ltr'><strong>nos</strong></span> <span class='ocrx_word' id='word_1_290' title='bbox 1417 2265 1672 2320; x_wconf 88' lang='lat' dir='ltr'><strong>convenit</strong></span> <span class='ocrx_word' id='word_1_291' title='bbox 1695 2265 1835 2334; x_wconf 91' lang='lat' dir='ltr'><strong>quod</strong></span> <span class='ocrx_word' id='word_1_292' title='bbox 1864 2265 1930 2320; x_wconf 90' lang='lat' dir='ltr'><strong>de</strong></span> <span class='ocrx_word' id='word_1_293' title='bbox 1963 2265 2032 2319; x_wconf 88' lang='lat' dir='ltr'><strong>ti-</strong></span> 
     </span>
    </p>
   </div>
   <div class='ocr_carea' id='block_1_37' title="bbox 439 2358 2033 2419">
    <p class='ocr_par' dir='ltr' id='par_1_37' title="bbox 439 2358 2033 2419">
     <span class='ocr_line' id='line_1_38' title="bbox 439 2358 2033 2419; baseline -0.003 0"><span class='ocrx_word' id='word_1_294' title='bbox 439 2363 673 2419; x_wconf 80' lang='lat' dir='ltr'><strong>tulorum</strong></span> <span class='ocrx_word' id='word_1_295' title='bbox 716 2361 932 2419; x_wconf 87' lang='lat' dir='ltr'><strong>diversa</strong></span> <span class='ocrx_word' id='word_1_296' title='bbox 973 2361 1235 2417; x_wconf 88' lang='lat' dir='ltr'><strong>varietate</strong></span> <span class='ocrx_word' id='word_1_297' title='bbox 1275 2367 1548 2416; x_wconf 89' lang='lat' dir='ltr'><strong>narratum</strong></span> <span class='ocrx_word' id='word_1_298' title='bbox 1595 2367 1697 2415; x_wconf 89' lang='lat' dir='ltr'><strong>est.</strong></span> <span class='ocrx_word' id='word_1_299' title='bbox 1739 2358 2033 2415; x_wconf 82' lang='lat' dir='ltr'><strong>Recordari</strong></span> 
     </span>
    </p>
   </div>
   <div class='ocr_carea' id='block_1_38' title="bbox 437 2451 2033 2524">
    <p class='ocr_par' dir='ltr' id='par_1_38' title="bbox 437 2451 2033 2524">
     <span class='ocr_line' id='line_1_39' title="bbox 437 2451 2033 2524; baseline -0.003 -13"><span class='ocrx_word' id='word_1_300' title='bbox 437 2454 603 2511; x_wconf 89' lang='lat' dir='ltr'><strong>etiam</strong></span> <span class='ocrx_word' id='word_1_301' title='bbox 630 2453 890 2511; x_wconf 84' lang='lat' dir='ltr'><strong>debemus</strong></span> <span class='ocrx_word' id='word_1_302' title='bbox 930 2466 1190 2524; x_wconf 86' lang='lat' dir='ltr'><strong>personas</strong></span> <span class='ocrx_word' id='word_1_303' title='bbox 1220 2453 1274 2508; x_wconf 88' lang='lat' dir='ltr'><strong>in</strong></span> <span class='ocrx_word' id='word_1_304' title='bbox 1309 2461 1459 2509; x_wconf 78' lang='lat' dir='ltr'><strong>textu</strong></span> <span class='ocrx_word' id='word_1_305' title='bbox 1500 2451 1838 2508; x_wconf 90' lang='lat' dir='ltr'><strong>Psalmorum</strong></span> <span class='ocrx_word' id='word_1_306' title='bbox 1866 2452 2033 2523; x_wconf 87' lang='lat' dir='ltr'><strong>aptis-</strong></span> 
     </span>
    </p>
   </div>
   <div class='ocr_carea' id='block_1_39' title="bbox 439 2547 2036 2618">
    <p class='ocr_par' dir='ltr' id='par_1_39' title="bbox 439 2547 2036 2618">
     <span class='ocr_line' id='line_1_40' title="bbox 439 2547 2036 2618; baseline -0.001 -14"><span class='ocrx_word' id='word_1_307' title='bbox 439 2549 579 2605; x_wconf 85' lang='lat' dir='ltr'><strong>sime</strong></span> <span class='ocrx_word' id='word_1_308' title='bbox 599 2556 980 2614; x_wconf 90' lang='lat' dir='ltr'><strong>commutatas,</strong></span> <span class='ocrx_word' id='word_1_309' title='bbox 1005 2547 1489 2618; x_wconf 88' lang='lat' dir='ltr'><strong>conclusionesque</strong></span> <span class='ocrx_word' id='word_1_310' title='bbox 1510 2562 1695 2604; x_wconf 91' lang='lat' dir='ltr'><strong>eorum</strong></span> <span class='ocrx_word' id='word_1_311' title='bbox 1715 2558 1904 2604; x_wconf 89' lang='lat' dir='ltr'><strong>contra</strong></span> <span class='ocrx_word' id='word_1_312' title='bbox 1926 2549 2036 2603; x_wconf 83' lang='lat' dir='ltr'><strong>hae-</strong></span> 
     </span>
    </p>
   </div>
   <div class='ocr_carea' id='block_1_40' title="bbox 441 2639 2038 2711">
    <p class='ocr_par' dir='ltr' id='par_1_40' title="bbox 441 2639 2038 2711">
     <span class='ocr_line' id='line_1_41' title="bbox 441 2639 2038 2711; baseline -0.001 -14"><span class='ocrx_word' id='word_1_313' title='bbox 441 2642 638 2697; x_wconf 88' lang='lat' dir='ltr'><strong>reticos</strong></span> <span class='ocrx_word' id='word_1_314' title='bbox 665 2641 899 2697; x_wconf 80' lang='lat' dir='ltr'><strong>maxime</strong></span> <span class='ocrx_word' id='word_1_315' title='bbox 927 2639 1094 2696; x_wconf 78' lang='lat' dir='ltr'><strong>fuisse</strong></span> <span class='ocrx_word' id='word_1_316' title='bbox 1120 2640 1398 2696; x_wconf 82' lang='lat' dir='ltr'><strong>formatas.</strong></span> <span class='ocrx_word' id='word_1_317' title='bbox 1441 2639 1540 2696; x_wconf 83' lang='lat' dir='ltr'><strong>Vel</strong></span> <span class='ocrx_word' id='word_1_318' title='bbox 1581 2656 1748 2711; x_wconf 90' lang='lat' dir='ltr'><strong>quare</strong></span> <span class='ocrx_word' id='word_1_319' title='bbox 1778 2639 2038 2710; x_wconf 87' lang='lat' dir='ltr'><strong>alphabe-</strong></span> 
     </span>
    </p>
   </div>
   <div class='ocr_carea' id='block_1_41' title="bbox 443 2730 2038 2805">
    <p class='ocr_par' dir='ltr' id='par_1_41' title="bbox 443 2730 2038 2805">
     <span class='ocr_line' id='line_1_42' title="bbox 443 2730 2038 2805; baseline 0.001 -17"><span class='ocrx_word' id='word_1_320' title='bbox 443 2743 554 2789; x_wconf 91' lang='lat' dir='ltr'><strong>tum</strong></span> <span class='ocrx_word' id='word_1_321' title='bbox 602 2733 889 2790; x_wconf 72' lang='lat' dir='ltr'><strong>llebmum</strong></span> <span class='ocrx_word' id='word_1_322' title='bbox 921 2740 1150 2804; x_wconf 89' lang='lat' dir='ltr'><strong>ponatur</strong></span> <span class='ocrx_word' id='word_1_323' title='bbox 1178 2733 1232 2796; x_wconf 82' lang='lat' dir='ltr'><strong>in</strong></span> <span class='ocrx_word' id='word_1_324' title='bbox 1261 2733 1500 2805; x_wconf 81' lang='lat' dir='ltr'><strong>psalmis.</strong></span> <span class='ocrx_word' id='word_1_325' title='bbox 1545 2730 1655 2790; x_wconf 87' lang='lat' dir='ltr'><strong>Cur</strong></span> <span class='ocrx_word' id='word_1_326' title='bbox 1695 2733 1763 2791; x_wconf 85' lang='lat' dir='ltr'><strong>de</strong></span> <span class='ocrx_word' id='word_1_327' title='bbox 1796 2733 2038 2804; x_wconf 84' lang='lat' dir='ltr'><strong>partibus</strong></span> 
     </span>
    </p>
   </div>
   <div class='ocr_carea' id='block_1_42' title="bbox 444 2825 2038 2897">
    <p class='ocr_par' dir='ltr' id='par_1_42' title="bbox 444 2825 2038 2897">
     <span class='ocr_line' id='line_1_43' title="bbox 444 2825 2038 2897; baseline 0 -14"><span class='ocrx_word' id='word_1_328' title='bbox 444 2827 773 2897; x_wconf 84' lang='lat' dir='ltr'><strong>psalmorum</strong></span> <span class='ocrx_word' id='word_1_329' title='bbox 811 2843 950 2884; x_wconf 88' lang='lat' dir='ltr'><strong>unus</strong></span> <span class='ocrx_word' id='word_1_330' title='bbox 983 2827 1261 2884; x_wconf 78' lang='lat' dir='ltr'><strong>coniectus</strong></span> <span class='ocrx_word' id='word_1_331' title='bbox 1298 2840 1423 2882; x_wconf 87' lang='lat' dir='ltr'><strong>esse</strong></span> <span class='ocrx_word' id='word_1_332' title='bbox 1451 2825 1717 2883; x_wconf 89' lang='lat' dir='ltr'><strong>videatur.</strong></span> <span class='ocrx_word' id='word_1_333' title='bbox 1743 2827 1924 2896; x_wconf 86' lang='lat' dir='ltr'><strong>Quare</strong></span> <span class='ocrx_word' id='word_1_334' title='bbox 1952 2828 2038 2883; x_wconf 84' lang='lat' dir='ltr'><strong>in-</strong></span> 
     </span>
    </p>
   </div>
   <div class='ocr_carea' id='block_1_43' title="bbox 446 2919 2039 2992">
    <p class='ocr_par' dir='ltr' id='par_1_43' title="bbox 446 2919 2039 2992">
     <span class='ocr_line' id='line_1_44' title="bbox 446 2919 2039 2992; baseline 0 -16"><span class='ocrx_word' id='word_1_335' title='bbox 446 2919 738 2978; x_wconf 86' lang='lat' dir='ltr'><strong>tercalares</strong></span> <span class='ocrx_word' id='word_1_336' title='bbox 757 2920 949 2991; x_wconf 88' lang='lat' dir='ltr'><strong>psalmi</strong></span> <span class='ocrx_word' id='word_1_337' title='bbox 971 2921 1084 2976; x_wconf 89' lang='lat' dir='ltr'><strong>sint</strong></span> <span class='ocrx_word' id='word_1_338' title='bbox 1105 2921 1282 2992; x_wconf 89' lang='lat' dir='ltr'><strong>positi.</strong></span> <span class='ocrx_word' id='word_1_339' title='bbox 1309 2920 1487 2988; x_wconf 89' lang='lat' dir='ltr'><strong>Quare</strong></span> <span class='ocrx_word' id='word_1_340' title='bbox 1513 2921 1762 2991; x_wconf 87' lang='lat' dir='ltr'><strong>repetitio</strong></span> <span class='ocrx_word' id='word_1_341' title='bbox 1782 2936 2039 2977; x_wconf 89' lang='lat' dir='ltr'><strong>versuum</strong></span> 
     </span>
    </p>
   </div>
   <div class='ocr_carea' id='block_1_44' title="bbox 447 3015 2042 3088">
    <p class='ocr_par' dir='ltr' id='par_1_44' title="bbox 447 3015 2042 3088">
     <span class='ocr_line' id='line_1_45' title="bbox 447 3015 2042 3088; baseline 0.001 -17"><span class='ocrx_word' id='word_1_342' title='bbox 447 3017 714 3086; x_wconf 89' lang='lat' dir='ltr'><strong>reperitur</strong></span> <span class='ocrx_word' id='word_1_343' title='bbox 753 3017 810 3073; x_wconf 91' lang='lat' dir='ltr'><strong>in</strong></span> <span class='ocrx_word' id='word_1_344' title='bbox 855 3017 1099 3088; x_wconf 86' lang='lat' dir='ltr'><strong>psalmis.</strong></span> <span class='ocrx_word' id='word_1_345' title='bbox 1147 3016 1228 3073; x_wconf 92' lang='lat' dir='ltr'><strong>De</strong></span> <span class='ocrx_word' id='word_1_346' title='bbox 1277 3015 1718 3087; x_wconf 84' lang='lat' dir='ltr'><strong>interpretatione</strong></span> <span class='ocrx_word' id='word_1_347' title='bbox 1763 3017 2042 3072; x_wconf 90' lang='lat' dir='ltr'><strong>nominum</strong></span> 
     </span>
    </p>
   </div>
   <div class='ocr_carea' id='block_1_45' title="bbox 449 3095 2046 3180">
    <p class='ocr_par' dir='ltr' id='par_1_45' title="bbox 449 3095 2046 3180">
     <span class='ocr_line' id='line_1_46' title="bbox 449 3095 2046 3180; baseline 0 -18"><span class='ocrx_word' id='word_1_348' title='bbox 449 3107 822 3165; x_wconf 77' lang='lat' dir='ltr'><strong>Hebraeorum.</strong></span> <span class='ocrx_word' id='word_1_349' title='bbox 841 3109 917 3165; x_wconf 89' lang='lat' dir='ltr'><strong>De</strong></span> <span class='ocrx_word' id='word_1_350' title='bbox 946 3109 1028 3165; x_wconf 90' lang='lat' dir='ltr'><strong>his</strong></span> <span class='ocrx_word' id='word_1_351' title='bbox 1048 3109 1141 3180; x_wconf 91' lang='lat' dir='ltr'><strong>qui</strong></span> <span class='ocrx_word' id='word_1_352' title='bbox 1165 3109 1392 3165; x_wconf 88' lang='lat' dir='ltr'><strong>uniﬁnes</strong></span> <span class='ocrx_word' id='word_1_353' title='bbox 1419 3109 1776 3179; x_wconf 88' lang='lat' dir='ltr'><strong>appellantur.</strong></span> <span class='ocrx_word' id='word_1_354' title='bbox 1796 3095 1871 3163; x_wconf 74' lang='lat' dir='ltr'><strong>De</strong></span> <span class='ocrx_word' id='word_1_355' title='bbox 1897 3109 2046 3178; x_wconf 90' lang='lat' dir='ltr'><strong>quin-</strong></span> 
     </span>
    </p>
   </div>
   <div class='ocr_carea' id='block_1_46' title="bbox 2127 1907 3718 1989">
    <p class='ocr_par' dir='ltr' id='par_1_46' title="bbox 2127 1907 3718 1989">
     <span class='ocr_line' id='line_1_47' title="bbox 2127 1907 3718 1989; baseline -0.01 -13"><span class='ocrx_word' id='word_1_356' title='bbox 2127 1927 2433 1989; x_wconf 89' lang='lat' dir='ltr'><strong>aspcctum;</strong></span> <span class='ocrx_word' id='word_1_357' title='bbox 2469 1918 2561 1988; x_wconf 87' lang='lat' dir='ltr'><strong>qui</strong></span> <span class='ocrx_word' id='word_1_358' title='bbox 2583 1917 2713 1972; x_wconf 79' lang='lat' dir='ltr'><strong>iacis</strong></span> <span class='ocrx_word' id='word_1_359' title='bbox 2739 1913 2966 1971; x_wconf 88' lang='lat' dir='ltr'><strong>inﬁrmis</strong></span> <span class='ocrx_word' id='word_1_360' title='bbox 2995 1911 3249 1985; x_wconf 88' lang='lat' dir='ltr'><strong>possibile</strong></span> <span class='ocrx_word' id='word_1_361' title='bbox 3280 1909 3418 1980; x_wconf 88' lang='lat' dir='ltr'><strong>quod</strong></span> <span class='ocrx_word' id='word_1_362' title='bbox 3443 1907 3718 1979; x_wconf 66' lang='lat' dir='ltr'><strong>praecipis;</strong></span> 
     </span>
    </p>
   </div>
   <div class='ocr_carea' id='block_1_47' title="bbox 2129 2002 3726 2086">
    <p class='ocr_par' dir='ltr' id='par_1_47' title="bbox 2129 2002 3726 2086">
     <span class='ocr_line' id='line_1_48' title="bbox 2129 2002 3726 2086; baseline -0.009 -17"><span class='ocrx_word' id='word_1_363' title='bbox 2129 2014 2218 2086; x_wconf 91' lang='lat' dir='ltr'><strong>qui</strong></span> <span class='ocrx_word' id='word_1_364' title='bbox 2249 2014 2330 2069; x_wconf 89' lang='lat' dir='ltr'><strong>sic</strong></span> <span class='ocrx_word' id='word_1_365' title='bbox 2360 2013 2480 2084; x_wconf 91' lang='lat' dir='ltr'><strong>pius</strong></span> <span class='ocrx_word' id='word_1_366' title='bbox 2505 2027 2584 2081; x_wconf 88' lang='lat' dir='ltr'><strong>es,</strong></span> <span class='ocrx_word' id='word_1_367' title='bbox 2611 2022 2667 2067; x_wconf 93' lang='lat' dir='ltr'><strong>ut</strong></span> <span class='ocrx_word' id='word_1_368' title='bbox 2696 2010 2909 2066; x_wconf 87' lang='lat' dir='ltr'><strong>assidue</strong></span> <span class='ocrx_word' id='word_1_369' title='bbox 2935 2008 3111 2080; x_wconf 85' lang='lat' dir='ltr'><strong>rogari</strong></span> <span class='ocrx_word' id='word_1_370' title='bbox 3137 2005 3311 2072; x_wconf 84' lang='lat' dir='ltr'><strong>velis;</strong></span> <span class='ocrx_word' id='word_1_371' title='bbox 3342 2006 3414 2060; x_wconf 91' lang='lat' dir='ltr'><strong>sic</strong></span> <span class='ocrx_word' id='word_1_372' title='bbox 3441 2002 3726 2058; x_wconf 89' lang='lat' dir='ltr'><strong>muniﬁcus</strong></span> 
     </span>
    </p>
   </div>
   <div class='ocr_carea' id='block_1_48' title="bbox 2131 2093 3726 2172">
    <p class='ocr_par' dir='ltr' id='par_1_48' title="bbox 2131 2093 3726 2172">
     <span class='ocr_line' id='line_1_49' title="bbox 2131 2093 3726 2172; baseline -0.009 -12"><span class='ocrx_word' id='word_1_373' title='bbox 2131 2114 2190 2160; x_wconf 91' lang='lat' dir='ltr'><strong>ut</strong></span> <span class='ocrx_word' id='word_1_374' title='bbox 2219 2103 2490 2159; x_wconf 89' lang='lat' dir='ltr'><strong>neminem</strong></span> <span class='ocrx_word' id='word_1_375' title='bbox 2521 2102 2810 2172; x_wconf 90' lang='lat' dir='ltr'><strong>desperare</strong></span> <span class='ocrx_word' id='word_1_376' title='bbox 2850 2098 3072 2171; x_wconf 87' lang='lat' dir='ltr'><strong>patiaris</strong></span> <span class='ocrx_word' id='word_1_377' title='bbox 3105 2114 3119 2152; x_wconf 88' lang='lat'><strong>:</strong></span> <span class='ocrx_word' id='word_1_378' title='bbox 3153 2097 3294 2153; x_wconf 85' lang='lat' dir='ltr'><strong>dona</strong></span> <span class='ocrx_word' id='word_1_379' title='bbox 3323 2093 3464 2165; x_wconf 86' lang='lat' dir='ltr'><strong>quod</strong></span> <span class='ocrx_word' id='word_1_380' title='bbox 3490 2101 3543 2148; x_wconf 92' lang='lat' dir='ltr'><strong>te</strong></span> <span class='ocrx_word' id='word_1_381' title='bbox 3582 2105 3726 2163; x_wconf 64' lang='lat' dir='ltr'><strong>prae-</strong></span> 
     </span>
    </p>
   </div>
   <div class='ocr_carea' id='block_1_49' title="bbox 2133 2182 3742 2263">
    <p class='ocr_par' dir='ltr' id='par_1_49' title="bbox 2133 2182 3742 2263">
     <span class='ocr_line' id='line_1_50' title="bbox 2133 2182 3742 2263; baseline -0.011 -11"><span class='ocrx_word' id='word_1_382' title='bbox 2133 2204 2311 2252; x_wconf 89' lang='lat' dir='ltr'><strong>stante</strong></span> <span class='ocrx_word' id='word_1_383' title='bbox 2335 2195 2472 2250; x_wconf 92' lang='lat' dir='ltr'><strong>bene</strong></span> <span class='ocrx_word' id='word_1_384' title='bbox 2495 2192 2808 2263; x_wconf 66' lang='lat' dir='ltr'><strong>qumrimus,</strong></span> <span class='ocrx_word' id='word_1_385' title='bbox 2838 2198 2892 2246; x_wconf 89' lang='lat' dir='ltr'><strong>et</strong></span> <span class='ocrx_word' id='word_1_386' title='bbox 2920 2189 3009 2245; x_wconf 92' lang='lat' dir='ltr'><strong>illa</strong></span> <span class='ocrx_word' id='word_1_387' title='bbox 3039 2187 3273 2243; x_wconf 81' lang='lat' dir='ltr'><strong>maxime</strong></span> <span class='ocrx_word' id='word_1_388' title='bbox 3300 2200 3422 2255; x_wconf 74' lang='lat' dir='ltr'><strong>quae</strong></span> <span class='ocrx_word' id='word_1_389' title='bbox 3448 2192 3628 2238; x_wconf 87' lang='lat' dir='ltr'><strong>nostra</strong></span> <span class='ocrx_word' id='word_1_390' title='bbox 3649 2182 3742 2236; x_wconf 85' lang='lat' dir='ltr'><strong>in-</strong></span> 
     </span>
    </p>
   </div>
   <div class='ocr_carea' id='block_1_50' title="bbox 2135 2275 3739 2352">
    <p class='ocr_par' dir='ltr' id='par_1_50' title="bbox 2135 2275 3739 2352">
     <span class='ocr_line' id='line_1_51' title="bbox 2135 2275 3739 2352; baseline -0.008 -10"><span class='ocrx_word' id='word_1_391' title='bbox 2135 2286 2392 2344; x_wconf 90' lang='lat' dir='ltr'><strong>ﬁrmitate</strong></span> <span class='ocrx_word' id='word_1_392' title='bbox 2419 2285 2716 2342; x_wconf 90' lang='lat' dir='ltr'><strong>nescimus.</strong></span> <span class='ocrx_word' id='word_1_393' title='bbox 2749 2283 2904 2352; x_wconf 87' lang='lat' dir='ltr'><strong>Quod</strong></span> <span class='ocrx_word' id='word_1_394' title='bbox 2951 2298 3016 2338; x_wconf 77' lang='lat' dir='ltr'><strong>ex</strong></span> <span class='ocrx_word' id='word_1_395' title='bbox 3060 2290 3152 2336; x_wconf 92' lang='lat' dir='ltr'><strong>tuo</strong></span> <span class='ocrx_word' id='word_1_396' title='bbox 3179 2279 3412 2336; x_wconf 83' lang='lat' dir='ltr'><strong>diximus</strong></span> <span class='ocrx_word' id='word_1_397' title='bbox 3437 2318 3454 2345; x_wconf 90' lang='lat'><strong>,</strong></span> <span class='ocrx_word' id='word_1_398' title='bbox 3487 2275 3739 2344; x_wconf 88' lang='lat' dir='ltr'><strong>suscipe;</strong></span> 
     </span>
    </p>
   </div>
   <div class='ocr_carea' id='block_1_51' title="bbox 2139 2373 3744 2452">
    <p class='ocr_par' dir='ltr' id='par_1_51' title="bbox 2139 2373 3744 2452">
     <span class='ocr_line' id='line_1_52' title="bbox 2139 2373 3744 2452; baseline -0.011 -15"><span class='ocrx_word' id='word_1_399' title='bbox 2139 2381 2283 2452; x_wconf 91' lang='lat' dir='ltr'><strong>quod</strong></span> <span class='ocrx_word' id='word_1_400' title='bbox 2312 2394 2378 2435; x_wconf 81' lang='lat' dir='ltr'><strong>ex</strong></span> <span class='ocrx_word' id='word_1_401' title='bbox 2409 2379 2566 2436; x_wconf 89' lang='lat' dir='ltr'><strong>nobis</strong></span> <span class='ocrx_word' id='word_1_402' title='bbox 2603 2379 2913 2448; x_wconf 90' lang='lat' dir='ltr'><strong>ignoranter</strong></span> <span class='ocrx_word' id='word_1_403' title='bbox 2940 2373 3281 2443; x_wconf 87' lang='lat' dir='ltr'><strong>protulimus,</strong></span> <span class='ocrx_word' id='word_1_404' title='bbox 3313 2382 3508 2440; x_wconf 88' lang='lat' dir='ltr'><strong>parce;</strong></span> <span class='ocrx_word' id='word_1_405' title='bbox 3541 2376 3597 2423; x_wconf 91' lang='lat' dir='ltr'><strong>et</strong></span> <span class='ocrx_word' id='word_1_406' title='bbox 3621 2381 3744 2435; x_wconf 88' lang='lat' dir='ltr'><strong>per-</strong></span> 
     </span>
    </p>
   </div>
   <div class='ocr_carea' id='block_1_52' title="bbox 2139 2459 3746 2536">
    <p class='ocr_par' dir='ltr' id='par_1_52' title="bbox 2139 2459 3746 2536">
     <span class='ocr_line' id='line_1_53' title="bbox 2139 2459 3746 2536; baseline -0.013 -6"><span class='ocrx_word' id='word_1_407' title='bbox 2139 2474 2241 2530; x_wconf 90' lang='lat' dir='ltr'><strong>duc</strong></span> <span class='ocrx_word' id='word_1_408' title='bbox 2278 2488 2377 2529; x_wconf 93' lang='lat' dir='ltr'><strong>nos</strong></span> <span class='ocrx_word' id='word_1_409' title='bbox 2415 2469 2481 2526; x_wconf 90' lang='lat' dir='ltr'><strong>ad</strong></span> <span class='ocrx_word' id='word_1_410' title='bbox 2510 2468 2656 2524; x_wconf 90' lang='lat' dir='ltr'><strong>illam</strong></span> <span class='ocrx_word' id='word_1_411' title='bbox 2688 2463 3198 2536; x_wconf 89' lang='lat' dir='ltr'><strong>contemplationem</strong></span> <span class='ocrx_word' id='word_1_412' title='bbox 3226 2461 3312 2517; x_wconf 88' lang='lat' dir='ltr'><strong>ubi</strong></span> <span class='ocrx_word' id='word_1_413' title='bbox 3338 2459 3449 2532; x_wconf 79' lang='lat' dir='ltr'><strong>iam</strong></span> <span class='ocrx_word' id='word_1_414' title='bbox 3480 2471 3592 2512; x_wconf 89' lang='lat' dir='ltr'><strong>non</strong></span> <span class='ocrx_word' id='word_1_415' title='bbox 3621 2469 3746 2524; x_wconf 86' lang='lat' dir='ltr'><strong>pos-</strong></span> 
     </span>
    </p>
   </div>
   <div class='ocr_carea' id='block_1_53' title="bbox 2138 2545 3751 2627">
    <p class='ocr_par' dir='ltr' id='par_1_53' title="bbox 2138 2545 3751 2627">
     <span class='ocr_line' id='line_1_54' title="bbox 2138 2545 3751 2627; baseline -0.013 -6"><span class='ocrx_word' id='word_1_416' title='bbox 2138 2565 2306 2622; x_wconf 89' lang='lat' dir='ltr'><strong>simus</strong></span> <span class='ocrx_word' id='word_1_417' title='bbox 2349 2576 2557 2619; x_wconf 87' lang='lat' dir='ltr'><strong>errare.</strong></span> <span class='ocrx_word' id='word_1_418' title='bbox 2590 2559 2738 2616; x_wconf 89' lang='lat' dir='ltr'><strong>Dona</strong></span> <span class='ocrx_word' id='word_1_419' title='bbox 2783 2556 2965 2612; x_wconf 76' lang='lat' dir='ltr'><strong>facere</strong></span> <span class='ocrx_word' id='word_1_420' title='bbox 2993 2569 3112 2627; x_wconf 69' lang='lat' dir='ltr'><strong>qua:</strong></span> <span class='ocrx_word' id='word_1_421' title='bbox 3157 2562 3211 2609; x_wconf 90' lang='lat' dir='ltr'><strong>te</strong></span> <span class='ocrx_word' id='word_1_422' title='bbox 3255 2552 3556 2622; x_wconf 88' lang='lat' dir='ltr'><strong>inspirante</strong></span> <span class='ocrx_word' id='word_1_423' title='bbox 3603 2545 3751 2618; x_wconf 89' lang='lat' dir='ltr'><strong>loqui</strong></span> 
     </span>
    </p>
   </div>
   <div class='ocr_carea' id='block_1_54' title="bbox 2141 2644 3753 2727">
    <p class='ocr_par' dir='ltr' id='par_1_54' title="bbox 2141 2644 3753 2727">
     <span class='ocr_line' id='line_1_55' title="bbox 2141 2644 3753 2727; baseline -0.011 -16"><span class='ocrx_word' id='word_1_424' title='bbox 2141 2653 2499 2727; x_wconf 72' lang='lat' dir='ltr'><strong>praesumpsi;</strong></span> <span class='ocrx_word' id='word_1_425' title='bbox 2533 2652 2672 2706; x_wconf 91' lang='lat' dir='ltr'><strong>dona</strong></span> <span class='ocrx_word' id='word_1_426' title='bbox 2693 2645 2954 2719; x_wconf 89' lang='lat' dir='ltr'><strong>compleri</strong></span> <span class='ocrx_word' id='word_1_427' title='bbox 2984 2661 3103 2717; x_wconf 72' lang='lat' dir='ltr'><strong>quae</strong></span> <span class='ocrx_word' id='word_1_428' title='bbox 3123 2645 3258 2700; x_wconf 90' lang='lat' dir='ltr'><strong>alios</strong></span> <span class='ocrx_word' id='word_1_429' title='bbox 3281 2644 3578 2698; x_wconf 89' lang='lat' dir='ltr'><strong>observare</strong></span> <span class='ocrx_word' id='word_1_430' title='bbox 3599 2653 3753 2694; x_wconf 87' lang='lat' dir='ltr'><strong>com-</strong></span> 
     </span>
    </p>
   </div>
   <div class='ocr_carea' id='block_1_55' title="bbox 2142 2731 3756 2816">
    <p class='ocr_par' dir='ltr' id='par_1_55' title="bbox 2142 2731 3756 2816">
     <span class='ocr_line' id='line_1_56' title="bbox 2142 2731 3756 2816; baseline -0.012 -12"><span class='ocrx_word' id='word_1_431' title='bbox 2142 2749 2328 2804; x_wconf 91' lang='lat' dir='ltr'><strong>monui</strong></span> <span class='ocrx_word' id='word_1_432' title='bbox 2359 2763 2372 2799; x_wconf 90' lang='lat'><strong>:</strong></span> <span class='ocrx_word' id='word_1_433' title='bbox 2407 2753 2466 2800; x_wconf 89' lang='lat' dir='ltr'><strong>ut</strong></span> <span class='ocrx_word' id='word_1_434' title='bbox 2501 2745 2592 2816; x_wconf 91' lang='lat' dir='ltr'><strong>qui</strong></span> <span class='ocrx_word' id='word_1_435' title='bbox 2625 2739 2922 2812; x_wconf 68' lang='lat' dir='ltr'><strong>praestitisti</strong></span> <span class='ocrx_word' id='word_1_436' title='bbox 2950 2740 3093 2810; x_wconf 91' lang='lat' dir='ltr'><strong>pium</strong></span> <span class='ocrx_word' id='word_1_437' title='bbox 3117 2750 3471 2801; x_wconf 86' lang='lat' dir='ltr'><strong>sermonem,</strong></span> <span class='ocrx_word' id='word_1_438' title='bbox 3499 2731 3756 2804; x_wconf 85' lang='lat' dir='ltr'><strong>probabi-</strong></span> 
     </span>
    </p>
   </div>
   <div class='ocr_carea' id='block_1_56' title="bbox 2142 2825 3757 2912">
    <p class='ocr_par' dir='ltr' id='par_1_56' title="bbox 2142 2825 3757 2912">
     <span class='ocr_line' id='line_1_57' title="bbox 2142 2825 3757 2912; baseline -0.012 -13"><span class='ocrx_word' id='word_1_439' title='bbox 2142 2843 2251 2899; x_wconf 92' lang='lat' dir='ltr'><strong>lem</strong></span> <span class='ocrx_word' id='word_1_440' title='bbox 2299 2854 2512 2912; x_wconf 89' lang='lat' dir='ltr'><strong>quoque</strong></span> <span class='ocrx_word' id='word_1_441' title='bbox 2544 2837 2795 2894; x_wconf 80' lang='lat' dir='ltr'><strong>conferas</strong></span> <span class='ocrx_word' id='word_1_442' title='bbox 2839 2834 2942 2890; x_wconf 88' lang='lat' dir='ltr'><strong>tuis</strong></span> <span class='ocrx_word' id='word_1_443' title='bbox 2989 2832 3203 2888; x_wconf 78' lang='lat' dir='ltr'><strong>famulis</strong></span> <span class='ocrx_word' id='word_1_444' title='bbox 3231 2831 3524 2887; x_wconf 90' lang='lat' dir='ltr'><strong>actionem.</strong></span> <span class='ocrx_word' id='word_1_445' title='bbox 3562 2825 3757 2882; x_wconf 80' lang='lat' dir='ltr'><strong>Libera</strong></span> 
     </span>
    </p>
   </div>
   <div class='ocr_carea' id='block_1_57' title="bbox 2147 2918 3760 3005">
    <p class='ocr_par' dir='ltr' id='par_1_57' title="bbox 2147 2918 3760 3005">
     <span class='ocr_line' id='line_1_58' title="bbox 2147 2918 3760 3005; baseline -0.011 -15"><span class='ocrx_word' id='word_1_446' title='bbox 2147 2947 2269 3005; x_wconf 91' lang='lat' dir='ltr'><strong>nos,</strong></span> <span class='ocrx_word' id='word_1_447' title='bbox 2299 2939 2508 2987; x_wconf 87' lang='lat' dir='ltr'><strong>amator</strong></span> <span class='ocrx_word' id='word_1_448' title='bbox 2535 2929 2838 2994; x_wconf 92' lang='lat' dir='ltr'><strong>hominum,</strong></span> <span class='ocrx_word' id='word_1_449' title='bbox 2867 2926 2934 2982; x_wconf 91' lang='lat' dir='ltr'><strong>ab</strong></span> <span class='ocrx_word' id='word_1_450' title='bbox 2974 2926 3065 2981; x_wconf 87' lang='lat' dir='ltr'><strong>illo</strong></span> <span class='ocrx_word' id='word_1_451' title='bbox 3092 2923 3354 2996; x_wconf 90' lang='lat' dir='ltr'><strong>periculo,</strong></span> <span class='ocrx_word' id='word_1_452' title='bbox 3388 2937 3474 2990; x_wconf 84' lang='lat' dir='ltr'><strong>ne,</strong></span> <span class='ocrx_word' id='word_1_453' title='bbox 3504 2921 3650 2976; x_wconf 91' lang='lat' dir='ltr'><strong>sicut</strong></span> <span class='ocrx_word' id='word_1_454' title='bbox 3678 2918 3760 2974; x_wconf 84' lang='lat' dir='ltr'><strong>di-</strong></span> 
     </span>
    </p>
   </div>
   <div class='ocr_carea' id='block_1_58' title="bbox 2147 3013 3760 3098">
    <p class='ocr_par' dir='ltr' id='par_1_58' title="bbox 2147 3013 3760 3098">
     <span class='ocr_line' id='line_1_59' title="bbox 2147 3013 3760 3098; baseline -0.012 -14"><span class='ocrx_word' id='word_1_455' title='bbox 2147 3029 2222 3084; x_wconf 91' lang='lat' dir='ltr'><strong>cit</strong></span> <span class='ocrx_word' id='word_1_456' title='bbox 2248 3026 2561 3098; x_wconf 80' lang='lat' dir='ltr'><strong>ApOStolus,</strong></span> <span class='ocrx_word' id='word_1_457' title='bbox 2605 3024 2728 3076; x_wconf 87' lang='lat' dir='ltr'><strong>dum</strong></span> <span class='ocrx_word' id='word_1_458' title='bbox 2757 3020 2875 3077; x_wconf 84' lang='lat' dir='ltr'><strong>aliis</strong></span> <span class='ocrx_word' id='word_1_459' title='bbox 2915 3019 3161 3092; x_wconf 72' lang='lat' dir='ltr'><strong>prwdico,</strong></span> <span class='ocrx_word' id='word_1_460' title='bbox 3208 3018 3319 3088; x_wconf 83' lang='lat' dir='ltr'><strong>ipse</strong></span> <span class='ocrx_word' id='word_1_461' title='bbox 3346 3015 3596 3087; x_wconf 79' lang='lat' dir='ltr'><strong>reprobus</strong></span> <span class='ocrx_word' id='word_1_462' title='bbox 3622 3013 3760 3068; x_wconf 79' lang='lat' dir='ltr'><strong>inve-</strong></span> 
     </span>
    </p>
   </div>
   <div class='ocr_carea' id='block_1_59' title="bbox 2149 3108 3761 3190">
    <p class='ocr_par' dir='ltr' id='par_1_59' title="bbox 2149 3108 3761 3190">
     <span class='ocr_line' id='line_1_60' title="bbox 2149 3108 3761 3190; baseline -0.01 -14"><span class='ocrx_word' id='word_1_463' title='bbox 2149 3123 2268 3176; x_wconf 87' lang='lat' dir='ltr'><strong>niar</strong></span> <span class='ocrx_word' id='word_1_464' title='bbox 2293 3118 2350 3190; x_wconf 90' lang='grc' dir='ltr'><strong>(Ι</strong></span> <span class='ocrx_word' id='word_1_465' title='bbox 2380 3118 2500 3175; x_wconf 88' lang='lat' dir='ltr'><strong>Cor.</strong></span> <span class='ocrx_word' id='word_1_466' title='bbox 2531 3134 2606 3186; x_wconf 71' lang='grc' dir='ltr'><strong>ιι,</strong></span> <span class='ocrx_word' id='word_1_467' title='bbox 2635 3116 2752 3188; x_wconf 73' lang='lat'><strong>27).</strong></span> <span class='ocrx_word' id='word_1_468' title='bbox 2775 3115 2946 3184; x_wconf 90' lang='lat' dir='ltr'><strong>Quam</strong></span> <span class='ocrx_word' id='word_1_469' title='bbox 2971 3111 3170 3170; x_wconf 88' lang='lat' dir='ltr'><strong>inﬁrmi</strong></span> <span class='ocrx_word' id='word_1_470' title='bbox 3197 3125 3382 3167; x_wconf 87' lang='lat' dir='ltr'><strong>sumus</strong></span> <span class='ocrx_word' id='word_1_471' title='bbox 3409 3119 3465 3166; x_wconf 91' lang='lat' dir='ltr'><strong>tu</strong></span> <span class='ocrx_word' id='word_1_472' title='bbox 3493 3108 3761 3164; x_wconf 83' lang='lat' dir='ltr'><strong>veraciter</strong></span> 
     </span>
    </p>
   </div>
   <div class='ocr_carea' id='block_1_60' title="bbox 449 3173 2039 3285">
    <p class='ocr_par' dir='ltr' id='par_1_60' title="bbox 449 3173 2039 3272">
     <span class='ocr_line' id='line_1_61' title="bbox 449 3173 2039 3272; baseline 0.002 -17"><span class='ocrx_word' id='word_1_473' title='bbox 449 3198 628 3256; x_wconf 90' lang='lat' dir='ltr'><strong>decim</strong></span> <span class='ocrx_word' id='word_1_474' title='bbox 650 3200 871 3272; x_wconf 78' lang='lat' dir='ltr'><strong>psalmis</strong></span> <span class='ocrx_word' id='word_1_475' title='bbox 899 3173 1222 3272; x_wconf 76' lang='lat' dir='ltr'><strong>gradalibus.</strong></span> <span class='ocrx_word' id='word_1_476' title='bbox 1242 3201 1418 3270; x_wconf 87' lang='lat' dir='ltr'><strong>Quare</strong></span> <span class='ocrx_word' id='word_1_477' title='bbox 1445 3173 1817 3271; x_wconf 55' lang='lat' dir='ltr'><strong>ptenitentium</strong></span> <span class='ocrx_word' id='word_1_478' title='bbox 1839 3173 2039 3272; x_wconf 84' lang='lat' dir='ltr'><strong>septem</strong></span> 
     </span>
    </p>
   </div>
   <div class='ocr_carea' id='block_1_61' title="bbox 2148 3173 3763 3285">
    <p class='ocr_par' dir='ltr' id='par_1_61' title="bbox 2153 3173 3763 3285">
     <span class='ocr_line' id='line_1_62' title="bbox 2153 3173 3763 3285; baseline -0.01 -13"><span class='ocrx_word' id='word_1_479' title='bbox 2153 3173 2326 3282; x_wconf 49' lang='lat' dir='ltr'><strong>nosti‘;</strong></span> <span class='ocrx_word' id='word_1_480' title='bbox 2363 3213 2508 3285; x_wconf 89' lang='lat' dir='ltr'><strong>quali</strong></span> <span class='ocrx_word' id='word_1_481' title='bbox 2547 3173 2725 3268; x_wconf 48' lang='lat' dir='ltr'><strong>hoste,</strong></span> <span class='ocrx_word' id='word_1_482' title='bbox 2747 3209 3115 3280; x_wconf 87' lang='lat' dir='ltr'><strong>deprimamur</strong></span> <span class='ocrx_word' id='word_1_483' title='bbox 3139 3205 3412 3277; x_wconf 85' lang='lat' dir='ltr'><strong>agnoscis.</strong></span> <span class='ocrx_word' id='word_1_484' title='bbox 3462 3203 3542 3258; x_wconf 90' lang='lat' dir='ltr'><strong>Te</strong></span> <span class='ocrx_word' id='word_1_485' title='bbox 3571 3200 3763 3273; x_wconf 63' lang='lat' dir='ltr'><strong>quaerit</strong></span> 
     </span>
    </p>
   </div>
   <div class='ocr_carea' id='block_1_62' title="bbox 453 3295 2045 3366">
    <p class='ocr_par' dir='ltr' id='par_1_62' title="bbox 453 3295 2045 3366">
     <span class='ocr_line' id='line_1_63' title="bbox 453 3295 2045 3366; baseline 0.003 -20"><span class='ocrx_word' id='word_1_486' title='bbox 453 3295 645 3364; x_wconf 76' lang='lat' dir='ltr'><strong>psalmi</strong></span> <span class='ocrx_word' id='word_1_487' title='bbox 675 3309 796 3351; x_wconf 90' lang='lat' dir='ltr'><strong>esse</strong></span> <span class='ocrx_word' id='word_1_488' title='bbox 826 3295 1143 3351; x_wconf 85' lang='lat' dir='ltr'><strong>doceantur.</strong></span> <span class='ocrx_word' id='word_1_489' title='bbox 1184 3295 1362 3364; x_wconf 91' lang='lat' dir='ltr'><strong>Quare</strong></span> <span class='ocrx_word' id='word_1_490' title='bbox 1393 3295 1799 3351; x_wconf 89' lang='lat' dir='ltr'><strong>lamentantium</strong></span> <span class='ocrx_word' id='word_1_491' title='bbox 1839 3311 1938 3366; x_wconf 91' lang='lat' dir='ltr'><strong>pro</strong></span> <span class='ocrx_word' id='word_1_492' title='bbox 1967 3296 2045 3351; x_wconf 87' lang='lat' dir='ltr'><strong>ci-</strong></span> 
     </span>
    </p>
   </div>
   <div class='ocr_carea' id='block_1_63' title="bbox 454 3385 2051 3458">
    <p class='ocr_par' dir='ltr' id='par_1_63' title="bbox 454 3385 2051 3458">
     <span class='ocr_line' id='line_1_64' title="bbox 454 3385 2051 3458; baseline 0.003 -19"><span class='ocrx_word' id='word_1_493' title='bbox 454 3385 617 3442; x_wconf 84' lang='lat' dir='ltr'><strong>vitate</strong></span> <span class='ocrx_word' id='word_1_494' title='bbox 632 3387 932 3443; x_wconf 82' lang='lat' dir='ltr'><strong>Jerusalem</strong></span> <span class='ocrx_word' id='word_1_495' title='bbox 949 3402 1070 3442; x_wconf 90' lang='lat' dir='ltr'><strong>cum</strong></span> <span class='ocrx_word' id='word_1_496' title='bbox 1094 3388 1347 3458; x_wconf 80' lang='lat' dir='ltr'><strong>lacrymis</strong></span> <span class='ocrx_word' id='word_1_497' title='bbox 1361 3387 1522 3444; x_wconf 89' lang='lat' dir='ltr'><strong>verba</strong></span> <span class='ocrx_word' id='word_1_498' title='bbox 1539 3386 1850 3443; x_wconf 85' lang='lat' dir='ltr'><strong>funduntur.</strong></span> <span class='ocrx_word' id='word_1_499' title='bbox 1870 3388 2051 3454; x_wconf 83' lang='lat' dir='ltr'><strong>Quare</strong></span> 
     </span>
    </p>
   </div>
   <div class='ocr_carea' id='block_1_64' title="bbox 458 3478 2054 3550">
    <p class='ocr_par' dir='ltr' id='par_1_64' title="bbox 458 3478 2054 3550">
     <span class='ocr_line' id='line_1_65' title="bbox 458 3478 2054 3550; baseline 0.001 -16"><span class='ocrx_word' id='word_1_500' title='bbox 458 3479 594 3535; x_wconf 90' lang='lat' dir='ltr'><strong>ordo</strong></span> <span class='ocrx_word' id='word_1_501' title='bbox 626 3478 955 3550; x_wconf 88' lang='lat' dir='ltr'><strong>psalmorum</strong></span> <span class='ocrx_word' id='word_1_502' title='bbox 988 3479 1042 3534; x_wconf 90' lang='lat' dir='ltr'><strong>in</strong></span> <span class='ocrx_word' id='word_1_503' title='bbox 1081 3479 1329 3536; x_wconf 90' lang='lat' dir='ltr'><strong>laudibus</strong></span> <span class='ocrx_word' id='word_1_504' title='bbox 1367 3479 1580 3536; x_wconf 92' lang='lat' dir='ltr'><strong>Domini</strong></span> <span class='ocrx_word' id='word_1_505' title='bbox 1609 3480 1768 3536; x_wconf 82' lang='lat' dir='ltr'><strong>fuerit</strong></span> <span class='ocrx_word' id='word_1_506' title='bbox 1797 3479 2054 3536; x_wconf 87' lang='lat' dir='ltr'><strong>termina-</strong></span> 
     </span>
    </p>
   </div>
   <div class='ocr_carea' id='block_1_65' title="bbox 458 3569 2052 3643">
    <p class='ocr_par' dir='ltr' id='par_1_65' title="bbox 458 3569 2052 3643">
     <span class='ocr_line' id='line_1_66' title="bbox 458 3569 2052 3643; baseline 0.003 -17"><span class='ocrx_word' id='word_1_507' title='bbox 458 3580 579 3638; x_wconf 92' lang='lat' dir='ltr'><strong>tus;</strong></span> <span class='ocrx_word' id='word_1_508' title='bbox 618 3571 708 3628; x_wconf 87' lang='lat' dir='ltr'><strong>ubi</strong></span> <span class='ocrx_word' id='word_1_509' title='bbox 739 3579 870 3641; x_wconf 87' lang='lat' dir='ltr'><strong>quot</strong></span> <span class='ocrx_word' id='word_1_510' title='bbox 898 3569 1073 3628; x_wconf 89' lang='lat' dir='ltr'><strong>modis</strong></span> <span class='ocrx_word' id='word_1_511' title='bbox 1118 3570 1422 3642; x_wconf 64' lang='lat' dir='ltr'><strong>praedicitur</strong></span> <span class='ocrx_word' id='word_1_512' title='bbox 1463 3573 1766 3643; x_wconf 83' lang='lat' dir='ltr'><strong>exponitur,</strong></span> <span class='ocrx_word' id='word_1_513' title='bbox 1799 3588 1921 3629; x_wconf 91' lang='lat' dir='ltr'><strong>cum</strong></span> <span class='ocrx_word' id='word_1_514' title='bbox 1969 3583 2052 3630; x_wconf 79' lang='lat' dir='ltr'><strong>ta-</strong></span> 
     </span>
    </p>
   </div>
   <div class='ocr_carea' id='block_1_66' title="bbox 460 3664 2056 3739">
    <p class='ocr_par' dir='ltr' id='par_1_66' title="bbox 460 3664 2056 3739">
     <span class='ocr_line' id='line_1_67' title="bbox 460 3664 2056 3739; baseline 0.003 -19"><span class='ocrx_word' id='word_1_515' title='bbox 460 3679 583 3720; x_wconf 90' lang='lat' dir='ltr'><strong>men</strong></span> <span class='ocrx_word' id='word_1_516' title='bbox 627 3665 892 3736; x_wconf 69' lang='lat' dir='ltr'><strong>prasconia</strong></span> <span class='ocrx_word' id='word_1_517' title='bbox 922 3664 1092 3736; x_wconf 91' lang='lat' dir='ltr'><strong>ipsius</strong></span> <span class='ocrx_word' id='word_1_518' title='bbox 1118 3664 1280 3721; x_wconf 87' lang='lat' dir='ltr'><strong>nullis</strong></span> <span class='ocrx_word' id='word_1_519' title='bbox 1321 3664 1489 3732; x_wconf 87' lang='lat' dir='ltr'><strong>libris,</strong></span> <span class='ocrx_word' id='word_1_520' title='bbox 1537 3667 1698 3723; x_wconf 89' lang='lat' dir='ltr'><strong>nullis</strong></span> <span class='ocrx_word' id='word_1_521' title='bbox 1721 3668 1928 3739; x_wconf 92' lang='lat' dir='ltr'><strong>possint</strong></span> <span class='ocrx_word' id='word_1_522' title='bbox 1955 3666 2056 3724; x_wconf 87' lang='lat' dir='ltr'><strong>htt-</strong></span> 
     </span>
    </p>
   </div>
   <div class='ocr_carea' id='block_1_67' title="bbox 460 3757 2052 3832">
    <p class='ocr_par' dir='ltr' id='par_1_67' title="bbox 460 3757 2052 3832">
     <span class='ocr_line' id='line_1_68' title="bbox 460 3757 2052 3832; baseline 0.004 -20"><span class='ocrx_word' id='word_1_523' title='bbox 460 3758 636 3814; x_wconf 89' lang='lat' dir='ltr'><strong>mauis</strong></span> <span class='ocrx_word' id='word_1_524' title='bbox 666 3757 870 3815; x_wconf 86' lang='lat' dir='ltr'><strong>viribus</strong></span> <span class='ocrx_word' id='word_1_525' title='bbox 895 3757 1170 3829; x_wconf 82' lang='lat' dir='ltr'><strong>explicari.</strong></span> <span class='ocrx_word' id='word_1_526' title='bbox 1197 3757 1288 3814; x_wconf 88' lang='lat' dir='ltr'><strong>Sic</strong></span> <span class='ocrx_word' id='word_1_527' title='bbox 1311 3759 1542 3814; x_wconf 87' lang='lat' dir='ltr'><strong>varietas</strong></span> <span class='ocrx_word' id='word_1_528' title='bbox 1573 3760 1670 3816; x_wconf 91' lang='lat' dir='ltr'><strong>ista</strong></span> <span class='ocrx_word' id='word_1_529' title='bbox 1696 3759 2052 3832; x_wconf 81' lang='lat' dir='ltr'><strong>Psalmorum,</strong></span> 
     </span>
    </p>
   </div>
   <div class='ocr_carea' id='block_1_68' title="bbox 459 3849 2057 3933">
    <p class='ocr_par' dir='ltr' id='par_1_68' title="bbox 459 3849 2057 3933">
     <span class='ocr_line' id='line_1_69' title="bbox 459 3849 2057 3933; baseline 0.005 -29"><span class='ocrx_word' id='word_1_530' title='bbox 459 3850 966 3933; x_wconf 81' lang='lat' dir='ltr'><strong>autpretiosissimo</strong></span> <span class='ocrx_word' id='word_1_531' title='bbox 995 3849 1162 3921; x_wconf 89' lang='lat' dir='ltr'><strong>lapidi</strong></span> <span class='ocrx_word' id='word_1_532' title='bbox 1194 3851 1424 3920; x_wconf 85' lang='lat' dir='ltr'><strong>topazio,</strong></span> <span class='ocrx_word' id='word_1_533' title='bbox 1457 3859 1549 3907; x_wconf 89' lang='lat' dir='ltr'><strong>aut</strong></span> <span class='ocrx_word' id='word_1_534' title='bbox 1576 3853 1942 3922; x_wconf 86' lang='lat' dir='ltr'><strong>pulcherrimo</strong></span> <span class='ocrx_word' id='word_1_535' title='bbox 1964 3869 2057 3924; x_wconf 82' lang='lat' dir='ltr'><strong>pa-</strong></span> 
     </span>
    </p>
   </div>
   <div class='ocr_carea' id='block_1_69' title="bbox 460 3945 2056 4018">
    <p class='ocr_par' dir='ltr' id='par_1_69' title="bbox 460 3945 2056 4018">
     <span class='ocr_line' id='line_1_70' title="bbox 460 3945 2056 4018; baseline 0.004 -18"><span class='ocrx_word' id='word_1_536' title='bbox 460 3947 588 4002; x_wconf 61' lang='lat' dir='ltr'><strong>viini</strong></span> <span class='ocrx_word' id='word_1_537' title='bbox 610 3961 848 4017; x_wconf 90' lang='lat' dir='ltr'><strong>congrue</strong></span> <span class='ocrx_word' id='word_1_538' title='bbox 874 3945 1100 4003; x_wconf 78' lang='lat' dir='ltr'><strong>forsitan</strong></span> <span class='ocrx_word' id='word_1_539' title='bbox 1127 3957 1488 4018; x_wconf 88' lang='lat' dir='ltr'><strong>comparatur,</strong></span> <span class='ocrx_word' id='word_1_540' title='bbox 1508 3947 1595 4016; x_wconf 84' lang='lat' dir='ltr'><strong>qui</strong></span> <span class='ocrx_word' id='word_1_541' title='bbox 1629 3949 1786 4005; x_wconf 88' lang='lat' dir='ltr'><strong>toties</strong></span> <span class='ocrx_word' id='word_1_542' title='bbox 1809 3947 2056 4006; x_wconf 84' lang='lat' dir='ltr'><strong>diversos</strong></span> 
     </span>
    </p>
   </div>
   <div class='ocr_carea' id='block_1_70' title="bbox 459 4037 2060 4111">
    <p class='ocr_par' dir='ltr' id='par_1_70' title="bbox 459 4037 2060 4111">
     <span class='ocr_line' id='line_1_71' title="bbox 459 4037 2060 4111; baseline 0.001 -16"><span class='ocrx_word' id='word_1_543' title='bbox 459 4037 695 4095; x_wconf 85' lang='lat' dir='ltr'><strong>reddunt</strong></span> <span class='ocrx_word' id='word_1_544' title='bbox 724 4041 935 4096; x_wconf 88' lang='lat' dir='ltr'><strong>colores</strong></span> <span class='ocrx_word' id='word_1_545' title='bbox 963 4041 1204 4111; x_wconf 89' lang='lat' dir='ltr'><strong>corporis</strong></span> <span class='ocrx_word' id='word_1_546' title='bbox 1247 4040 1352 4106; x_wconf 88' lang='lat' dir='ltr'><strong>sui,</strong></span> <span class='ocrx_word' id='word_1_547' title='bbox 1391 4041 1600 4109; x_wconf 91' lang='lat' dir='ltr'><strong>quoties</strong></span> <span class='ocrx_word' id='word_1_548' title='bbox 1632 4039 1686 4094; x_wconf 91' lang='lat' dir='ltr'><strong>in</strong></span> <span class='ocrx_word' id='word_1_549' title='bbox 1728 4039 1808 4096; x_wconf 89' lang='lat' dir='ltr'><strong>eis</strong></span> <span class='ocrx_word' id='word_1_550' title='bbox 1850 4039 2060 4097; x_wconf 72' lang='lat' dir='ltr'><strong>delirus</strong></span> 
     </span>
    </p>
   </div>
   <div class='ocr_carea' id='block_1_71' title="bbox 465 4133 2067 4205">
    <p class='ocr_par' dir='ltr' id='par_1_71' title="bbox 465 4133 2067 4205">
     <span class='ocr_line' id='line_1_72' title="bbox 465 4133 2067 4205; baseline 0.001 -17"><span class='ocrx_word' id='word_1_551' title='bbox 465 4134 626 4190; x_wconf 80' lang='lat' dir='ltr'><strong>fuerit</strong></span> <span class='ocrx_word' id='word_1_552' title='bbox 653 4134 840 4190; x_wconf 90' lang='lat' dir='ltr'><strong>oculus</strong></span> <span class='ocrx_word' id='word_1_553' title='bbox 866 4133 1144 4190; x_wconf 87' lang='lat' dir='ltr'><strong>intuentis.</strong></span> <span class='ocrx_word' id='word_1_554' title='bbox 1177 4133 1322 4200; x_wconf 65' lang='lat' dir='ltr'><strong>Haec,</strong></span> <span class='ocrx_word' id='word_1_555' title='bbox 1351 4145 1608 4204; x_wconf 87' lang='lat' dir='ltr'><strong>quantum</strong></span> <span class='ocrx_word' id='word_1_556' title='bbox 1643 4133 1900 4190; x_wconf 90' lang='lat' dir='ltr'><strong>Dominus</strong></span> <span class='ocrx_word' id='word_1_557' title='bbox 1922 4149 2067 4205; x_wconf 64' lang='lat' dir='ltr'><strong>praso</strong></span> 
     </span>
    </p>
   </div>
   <div class='ocr_carea' id='block_1_72' title="bbox 465 4225 2066 4298">
    <p class='ocr_par' dir='ltr' id='par_1_72' title="bbox 465 4225 2066 4298">
     <span class='ocr_line' id='line_1_73' title="bbox 465 4225 2066 4298; baseline 0.003 -19"><span class='ocrx_word' id='word_1_558' title='bbox 465 4237 611 4280; x_wconf 88' lang='lat' dir='ltr'><strong>stare</strong></span> <span class='ocrx_word' id='word_1_559' title='bbox 649 4225 897 4298; x_wconf 88' lang='lat' dir='ltr'><strong>dignatus</strong></span> <span class='ocrx_word' id='word_1_560' title='bbox 932 4234 1017 4281; x_wconf 90' lang='lat' dir='ltr'><strong>est</strong></span> <span class='ocrx_word' id='word_1_561' title='bbox 1039 4267 1052 4291; x_wconf 90' lang='lat'><strong>,</strong></span> <span class='ocrx_word' id='word_1_562' title='bbox 1099 4240 1197 4295; x_wconf 91' lang='lat' dir='ltr'><strong>pro</strong></span> <span class='ocrx_word' id='word_1_563' title='bbox 1225 4233 1406 4281; x_wconf 90' lang='lat' dir='ltr'><strong>nostra</strong></span> <span class='ocrx_word' id='word_1_564' title='bbox 1436 4225 1809 4283; x_wconf 89' lang='lat' dir='ltr'><strong>mediocritate</strong></span> <span class='ocrx_word' id='word_1_565' title='bbox 1837 4227 2066 4285; x_wconf 85' lang='lat' dir='ltr'><strong>decursa</strong></span> 
     </span>
    </p>
   </div>
   <div class='ocr_carea' id='block_1_73' title="bbox 465 4315 2066 4388">
    <p class='ocr_par' dir='ltr' id='par_1_73' title="bbox 465 4315 2066 4388">
     <span class='ocr_line' id='line_1_74' title="bbox 465 4315 2066 4388; baseline 0.002 -15"><span class='ocrx_word' id='word_1_566' title='bbox 465 4325 612 4373; x_wconf 90' lang='lat' dir='ltr'><strong>sunt.</strong></span> <span class='ocrx_word' id='word_1_567' title='bbox 641 4316 747 4372; x_wconf 82' lang='lat' dir='ltr'><strong>Vos</strong></span> <span class='ocrx_word' id='word_1_568' title='bbox 782 4325 986 4385; x_wconf 89' lang='lat' dir='ltr'><strong>autem,</strong></span> <span class='ocrx_word' id='word_1_569' title='bbox 1011 4315 1275 4386; x_wconf 86' lang='lat' dir='ltr'><strong>magistri,</strong></span> <span class='ocrx_word' id='word_1_570' title='bbox 1319 4319 1409 4388; x_wconf 89' lang='lat' dir='ltr'><strong>qui</strong></span> <span class='ocrx_word' id='word_1_571' title='bbox 1437 4317 1736 4374; x_wconf 74' lang='lat' dir='ltr'><strong>ctelestium</strong></span> <span class='ocrx_word' id='word_1_572' title='bbox 1768 4320 2066 4377; x_wconf 90' lang='lat' dir='ltr'><strong>litterarum</strong></span> 
     </span>
    </p>
   </div>
   <div class='ocr_carea' id='block_1_74' title="bbox 466 4409 2066 4484">
    <p class='ocr_par' dir='ltr' id='par_1_74' title="bbox 466 4409 2066 4484">
     <span class='ocr_line' id='line_1_75' title="bbox 466 4409 2066 4484; baseline 0.003 -15"><span class='ocrx_word' id='word_1_573' title='bbox 466 4414 684 4484; x_wconf 89' lang='lat' dir='ltr'><strong>copiosa</strong></span> <span class='ocrx_word' id='word_1_574' title='bbox 724 4409 956 4468; x_wconf 87' lang='lat' dir='ltr'><strong>lectione</strong></span> <span class='ocrx_word' id='word_1_575' title='bbox 986 4410 1354 4482; x_wconf 90' lang='lat' dir='ltr'><strong>pinguescitis,</strong></span> <span class='ocrx_word' id='word_1_576' title='bbox 1401 4413 1603 4482; x_wconf 90' lang='lat' dir='ltr'><strong>parcite</strong></span> <span class='ocrx_word' id='word_1_577' title='bbox 1630 4412 1770 4479; x_wconf 90' lang='lat' dir='ltr'><strong>rudi,</strong></span> <span class='ocrx_word' id='word_1_578' title='bbox 1811 4413 2066 4476; x_wconf 86' lang='lat' dir='ltr'><strong>dimittite</strong></span> 
     </span>
    </p>
   </div>
   <div class='ocr_carea' id='block_1_75' title="bbox 478 4547 1424 4575">
    <p class='ocr_par' dir='ltr' id='par_1_75' title="bbox 479 4547 1424 4575">
     <span class='ocr_line' id='line_1_76' title="bbox 479 4547 1424 4575; baseline -0.002 0"><span class='ocrx_word' id='word_1_579' title='bbox 479 4547 1424 4575; x_wconf 54' lang='lat' dir='ltr'><strong>WE</strong></span> 
     </span>
    </p>
   </div>
   <div class='ocr_carea' id='block_1_76' title="bbox 1405 4534 3620 4579">
    <p class='ocr_par' dir='ltr' id='par_1_76' title="bbox 1405 4534 3620 4579">
     <span class='ocr_line' id='line_1_77' title="bbox 1405 4534 3620 4579; baseline -0.005 -7"><span class='ocrx_word' id='word_1_580' title='bbox 1405 4534 3620 4579; x_wconf 54' lang='grc' dir='ltr'>Μ</span> 
     </span>
    </p>
   </div>
   <div class='ocr_carea' id='block_1_77' title="bbox 2156 3293 3762 3377">
    <p class='ocr_par' dir='ltr' id='par_1_77' title="bbox 2156 3293 3762 3377">
     <span class='ocr_line' id='line_1_78' title="bbox 2156 3293 3762 3377; baseline -0.011 -11"><span class='ocrx_word' id='word_1_581' title='bbox 2156 3318 2433 3366; x_wconf 91' lang='lat' dir='ltr'><strong>certamen</strong></span> <span class='ocrx_word' id='word_1_582' title='bbox 2462 3307 2659 3377; x_wconf 91' lang='lat' dir='ltr'><strong>impar,</strong></span> <span class='ocrx_word' id='word_1_583' title='bbox 2685 3302 2971 3374; x_wconf 70' lang='lat' dir='ltr'><strong>te&#39;expetit</strong></span> <span class='ocrx_word' id='word_1_584' title='bbox 2996 3299 3241 3359; x_wconf 90' lang='lat' dir='ltr'><strong>mortalis</strong></span> <span class='ocrx_word' id='word_1_585' title='bbox 3272 3297 3560 3355; x_wconf 87' lang='lat' dir='ltr'><strong>inﬁrmitas</strong></span> <span class='ocrx_word' id='word_1_586' title='bbox 3596 3315 3610 3350; x_wconf 77' lang='grc' dir='ltr'>ε</span> <span class='ocrx_word' id='word_1_587' title='bbox 3643 3293 3762 3366; x_wconf 84' lang='lat' dir='ltr'><strong>quia</strong></span> 
     </span>
    </p>
   </div>
   <div class='ocr_carea' id='block_1_78' title="bbox 2155 3386 3760 3470">
    <p class='ocr_par' dir='ltr' id='par_1_78' title="bbox 2155 3386 3760 3470">
     <span class='ocr_line' id='line_1_79' title="bbox 2155 3386 3760 3470; baseline -0.011 -14"><span class='ocrx_word' id='word_1_588' title='bbox 2155 3397 2455 3470; x_wconf 75' lang='lat' dir='ltr'><strong>maiestatis</strong></span> <span class='ocrx_word' id='word_1_589' title='bbox 2488 3407 2592 3452; x_wconf 55' lang='lat' dir='ltr'><strong>tua;</strong></span> <span class='ocrx_word' id='word_1_590' title='bbox 2638 3395 2806 3466; x_wconf 87' lang='lat' dir='ltr'><strong>gloria</strong></span> <span class='ocrx_word' id='word_1_591' title='bbox 2837 3402 2939 3462; x_wconf 86' lang='lat' dir='ltr'><strong>est,</strong></span> <span class='ocrx_word' id='word_1_592' title='bbox 2973 3391 3022 3448; x_wconf 91' lang='lat' dir='ltr'><strong>si</strong></span> <span class='ocrx_word' id='word_1_593' title='bbox 3062 3394 3148 3448; x_wconf 88' lang='lat' dir='ltr'><strong>leo</strong></span> <span class='ocrx_word' id='word_1_594' title='bbox 3189 3391 3408 3461; x_wconf 87' lang='lat' dir='ltr'><strong>rugiens</strong></span> <span class='ocrx_word' id='word_1_595' title='bbox 3451 3388 3520 3444; x_wconf 91' lang='lat' dir='ltr'><strong>ab</strong></span> <span class='ocrx_word' id='word_1_596' title='bbox 3553 3386 3760 3441; x_wconf 83' lang='lat' dir='ltr'><strong>inﬁrma</strong></span> 
     </span>
    </p>
   </div>
   <div class='ocr_carea' id='block_1_79' title="bbox 2156 3480 3760 3562">
    <p class='ocr_par' dir='ltr' id='par_1_79' title="bbox 2156 3480 3760 3562">
     <span class='ocr_line' id='line_1_80' title="bbox 2156 3480 3760 3562; baseline -0.012 -12"><span class='ocrx_word' id='word_1_597' title='bbox 2156 3507 2257 3550; x_wconf 88' lang='lat' dir='ltr'><strong>ove</strong></span> <span class='ocrx_word' id='word_1_598' title='bbox 2279 3498 2596 3562; x_wconf 87' lang='lat' dir='ltr'><strong>superetur;</strong></span> <span class='ocrx_word' id='word_1_599' title='bbox 2628 3489 2670 3543; x_wconf 92' lang='lat' dir='ltr'><strong>si</strong></span> <span class='ocrx_word' id='word_1_600' title='bbox 2694 3487 2914 3557; x_wconf 82' lang='lat' dir='ltr'><strong>Spiritus</strong></span> <span class='ocrx_word' id='word_1_601' title='bbox 2937 3481 3360 3540; x_wconf 88' lang='lat' dir='ltr'><strong>violentissimus</strong></span> <span class='ocrx_word' id='word_1_602' title='bbox 3379 3496 3409 3537; x_wconf 91' lang='lat' dir='ltr'><strong>a</strong></span> <span class='ocrx_word' id='word_1_603' title='bbox 3430 3480 3760 3537; x_wconf 83' lang='lat' dir='ltr'><strong>debilissima</strong></span> 
     </span>
    </p>
   </div>
   <div class='ocr_carea' id='block_1_80' title="bbox 2158 3572 3764 3652">
    <p class='ocr_par' dir='ltr' id='par_1_80' title="bbox 2158 3572 3764 3652">
     <span class='ocr_line' id='line_1_81' title="bbox 2158 3572 3764 3652; baseline -0.011 -10"><span class='ocrx_word' id='word_1_604' title='bbox 2158 3599 2326 3642; x_wconf 89' lang='lat' dir='ltr'><strong>carne</strong></span> <span class='ocrx_word' id='word_1_605' title='bbox 2351 3582 2618 3652; x_wconf 90' lang='lat' dir='ltr'><strong>vincatur,</strong></span> <span class='ocrx_word' id='word_1_606' title='bbox 2646 3579 2734 3635; x_wconf 92' lang='lat' dir='ltr'><strong>ille</strong></span> <span class='ocrx_word' id='word_1_607' title='bbox 2761 3578 2851 3650; x_wconf 92' lang='lat' dir='ltr'><strong>qui</strong></span> <span class='ocrx_word' id='word_1_608' title='bbox 2884 3577 2953 3634; x_wconf 90' lang='lat' dir='ltr'><strong>de</strong></span> <span class='ocrx_word' id='word_1_609' title='bbox 2981 3576 3121 3634; x_wconf 69' lang='lat' dir='ltr'><strong>coelo</strong></span> <span class='ocrx_word' id='word_1_610' title='bbox 3145 3573 3361 3643; x_wconf 88' lang='lat' dir='ltr'><strong>cecidit,</strong></span> <span class='ocrx_word' id='word_1_611' title='bbox 3389 3582 3444 3628; x_wconf 90' lang='lat' dir='ltr'><strong>et</strong></span> <span class='ocrx_word' id='word_1_612' title='bbox 3471 3572 3560 3629; x_wconf 90' lang='lat' dir='ltr'><strong>hic</strong></span> <span class='ocrx_word' id='word_1_613' title='bbox 3584 3579 3637 3627; x_wconf 88' lang='lat' dir='ltr'><strong>te</strong></span> <span class='ocrx_word' id='word_1_614' title='bbox 3670 3585 3764 3641; x_wconf 88' lang='lat' dir='ltr'><strong>pu-</strong></span> 
     </span>
    </p>
   </div>
   <div class='ocr_carea' id='block_1_81' title="bbox 2160 3667 3769 3752">
    <p class='ocr_par' dir='ltr' id='par_1_81' title="bbox 2160 3667 3769 3752">
     <span class='ocr_line' id='line_1_82' title="bbox 2160 3667 3769 3752; baseline -0.011 -15"><span class='ocrx_word' id='word_1_615' title='bbox 2160 3687 2361 3752; x_wconf 89' lang='lat' dir='ltr'><strong>gnante</strong></span> <span class='ocrx_word' id='word_1_616' title='bbox 2389 3676 2680 3742; x_wconf 89' lang='lat' dir='ltr'><strong>subdatur;</strong></span> <span class='ocrx_word' id='word_1_617' title='bbox 2713 3681 2773 3730; x_wconf 86' lang='lat' dir='ltr'><strong>ut</strong></span> <span class='ocrx_word' id='word_1_618' title='bbox 2803 3673 2850 3728; x_wconf 93' lang='lat' dir='ltr'><strong>si</strong></span> <span class='ocrx_word' id='word_1_619' title='bbox 2891 3678 3212 3744; x_wconf 86' lang='lat' dir='ltr'><strong>potestatem</strong></span> <span class='ocrx_word' id='word_1_620' title='bbox 3260 3667 3427 3740; x_wconf 87' lang='lat' dir='ltr'><strong>ipsius</strong></span> <span class='ocrx_word' id='word_1_621' title='bbox 3453 3667 3520 3722; x_wconf 86' lang='lat' dir='ltr'><strong>ad</strong></span> <span class='ocrx_word' id='word_1_622' title='bbox 3555 3674 3769 3733; x_wconf 85' lang='lat' dir='ltr'><strong>tempus</strong></span> 
     </span>
    </p>
   </div>
   <div class='ocr_carea' id='block_1_82' title="bbox 2163 3755 3764 3842">
    <p class='ocr_par' dir='ltr' id='par_1_82' title="bbox 2163 3755 3764 3842">
     <span class='ocr_line' id='line_1_83' title="bbox 2163 3755 3764 3842; baseline -0.01 -15"><span class='ocrx_word' id='word_1_623' title='bbox 2163 3783 2248 3827; x_wconf 90' lang='lat' dir='ltr'><strong>tua</strong></span> <span class='ocrx_word' id='word_1_624' title='bbox 2281 3768 2642 3841; x_wconf 91' lang='lat' dir='ltr'><strong>permissione</strong></span> <span class='ocrx_word' id='word_1_625' title='bbox 2673 3766 2927 3837; x_wconf 88' lang='lat' dir='ltr'><strong>patimur,</strong></span> <span class='ocrx_word' id='word_1_626' title='bbox 2958 3777 3295 3842; x_wconf 82' lang='lat' dir='ltr'><strong>nequaquam</strong></span> <span class='ocrx_word' id='word_1_627' title='bbox 3330 3759 3440 3830; x_wconf 76' lang='lat' dir='ltr'><strong>ejus</strong></span> <span class='ocrx_word' id='word_1_628' title='bbox 3479 3755 3764 3812; x_wconf 83' lang='lat' dir='ltr'><strong>insatiabi-</strong></span> 
     </span>
    </p>
   </div>
   <div class='ocr_carea' id='block_1_83' title="bbox 2162 3847 3764 3921">
    <p class='ocr_par' dir='ltr' id='par_1_83' title="bbox 2162 3847 3764 3921">
     <span class='ocr_line' id='line_1_84' title="bbox 2162 3847 3764 3921; baseline -0.011 0"><span class='ocrx_word' id='word_1_629' title='bbox 2162 3865 2306 3921; x_wconf 90' lang='lat' dir='ltr'><strong>libus</strong></span> <span class='ocrx_word' id='word_1_630' title='bbox 2331 3863 2573 3918; x_wconf 83' lang='lat' dir='ltr'><strong>iaucibus</strong></span> <span class='ocrx_word' id='word_1_631' title='bbox 2618 3861 2956 3918; x_wconf 89' lang='lat' dir='ltr'><strong>sorbeamur.</strong></span> <span class='ocrx_word' id='word_1_632' title='bbox 2991 3856 3099 3913; x_wconf 86' lang='lat' dir='ltr'><strong>Fac</strong></span> <span class='ocrx_word' id='word_1_633' title='bbox 3147 3856 3292 3912; x_wconf 92' lang='lat' dir='ltr'><strong>illum</strong></span> <span class='ocrx_word' id='word_1_634' title='bbox 3328 3852 3526 3908; x_wconf 89' lang='lat' dir='ltr'><strong>tristem</strong></span> <span class='ocrx_word' id='word_1_635' title='bbox 3557 3849 3626 3905; x_wconf 91' lang='lat' dir='ltr'><strong>de</strong></span> <span class='ocrx_word' id='word_1_636' title='bbox 3656 3847 3764 3904; x_wconf 84' lang='lat' dir='ltr'><strong>hu-</strong></span> 
     </span>
    </p>
   </div>
   <div class='ocr_carea' id='block_1_84' title="bbox 2164 3941 3774 4025">
    <p class='ocr_par' dir='ltr' id='par_1_84' title="bbox 2164 3941 3774 4025">
     <span class='ocr_line' id='line_1_85' title="bbox 2164 3941 3774 4025; baseline -0.009 -12"><span class='ocrx_word' id='word_1_637' title='bbox 2164 3971 2326 4013; x_wconf 87' lang='lat' dir='ltr'><strong>mana</strong></span> <span class='ocrx_word' id='word_1_638' title='bbox 2353 3953 2562 4024; x_wconf 77' lang='lat' dir='ltr'><strong>laetitia,</strong></span> <span class='ocrx_word' id='word_1_639' title='bbox 2593 3952 2684 4025; x_wconf 91' lang='lat' dir='ltr'><strong>qui</strong></span> <span class='ocrx_word' id='word_1_640' title='bbox 2711 3953 2778 4009; x_wconf 88' lang='lat' dir='ltr'><strong>de</strong></span> <span class='ocrx_word' id='word_1_641' title='bbox 2804 3951 3102 4008; x_wconf 82' lang='lat' dir='ltr'><strong>offensione</strong></span> <span class='ocrx_word' id='word_1_642' title='bbox 3128 3958 3312 4006; x_wconf 90' lang='lat' dir='ltr'><strong>nostra</strong></span> <span class='ocrx_word' id='word_1_643' title='bbox 3338 3959 3548 4016; x_wconf 81' lang='lat' dir='ltr'><strong>semper</strong></span> <span class='ocrx_word' id='word_1_644' title='bbox 3575 3941 3774 4000; x_wconf 79' lang='lat' dir='ltr'><strong>exsul-</strong></span> 
     </span>
    </p>
   </div>
   <div class='ocr_carea' id='block_1_85' title="bbox 2165 4049 2493 4105">
    <p class='ocr_par' dir='ltr' id='par_1_85' title="bbox 2165 4049 2493 4105">
     <span class='ocr_line' id='line_1_86' title="bbox 2165 4049 2493 4105; baseline -0.015 0"><span class='ocrx_word' id='word_1_645' title='bbox 2165 4058 2263 4105; x_wconf 93' lang='lat' dir='ltr'><strong>tat.</strong></span> <span class='ocrx_word' id='word_1_646' title='bbox 2296 4049 2493 4104; x_wconf 83' lang='lat' dir='ltr'><strong>Amen.</strong></span> 
     </span>
    </p>
   </div>
   <div class='ocr_carea' id='block_1_86' title="bbox 2242 4126 3783 4208">
    <p class='ocr_par' dir='ltr' id='par_1_86' title="bbox 2242 4126 3783 4208">
     <span class='ocr_line' id='line_1_87' title="bbox 2242 4126 3783 4208; baseline -0.009 -12"><span class='ocrx_word' id='word_1_647' title='bbox 2242 4141 2515 4196; x_wconf 82' lang='lat' dir='ltr'><strong>Hactenus</strong></span> <span class='ocrx_word' id='word_1_648' title='bbox 2545 4151 2664 4208; x_wconf 85' lang='lat' dir='ltr'><strong>quae</strong></span> <span class='ocrx_word' id='word_1_649' title='bbox 2693 4136 2761 4192; x_wconf 88' lang='lat' dir='ltr'><strong>ad</strong></span> <span class='ocrx_word' id='word_1_650' title='bbox 2803 4133 3197 4206; x_wconf 76' lang='lat' dir='ltr'><strong>expositionem</strong></span> <span class='ocrx_word' id='word_1_651' title='bbox 3237 4130 3578 4187; x_wconf 86' lang='lat' dir='ltr'><strong>Psalmorum</strong></span> <span class='ocrx_word' id='word_1_652' title='bbox 3609 4126 3783 4198; x_wconf 88' lang='lat' dir='ltr'><strong>perti-</strong></span> 
     </span>
    </p>
   </div>
   <div class='ocr_carea' id='block_1_87' title="bbox 2169 4217 3780 4296">
    <p class='ocr_par' dir='ltr' id='par_1_87' title="bbox 2169 4217 3780 4296">
     <span class='ocr_line' id='line_1_88' title="bbox 2169 4217 3780 4296; baseline -0.01 -8"><span class='ocrx_word' id='word_1_653' title='bbox 2169 4245 2301 4288; x_wconf 88' lang='lat' dir='ltr'><strong>nere</strong></span> <span class='ocrx_word' id='word_1_654' title='bbox 2319 4230 2662 4293; x_wconf 85' lang='lat' dir='ltr'><strong>videbantur,</strong></span> <span class='ocrx_word' id='word_1_655' title='bbox 2681 4227 2910 4282; x_wconf 88' lang='lat' dir='ltr'><strong>Domino</strong></span> <span class='ocrx_word' id='word_1_656' title='bbox 2939 4225 3218 4296; x_wconf 77' lang='lat' dir='ltr'><strong>largiente,</strong></span> <span class='ocrx_word' id='word_1_657' title='bbox 3239 4223 3470 4279; x_wconf 89' lang='lat' dir='ltr'><strong>decursa</strong></span> <span class='ocrx_word' id='word_1_658' title='bbox 3492 4227 3618 4274; x_wconf 92' lang='lat' dir='ltr'><strong>sunt</strong></span> <span class='ocrx_word' id='word_1_659' title='bbox 3642 4217 3780 4292; x_wconf 79' lang='lat' dir='ltr'><strong>[ed.,</strong></span> 
     </span>
    </p>
   </div>
   <div class='ocr_carea' id='block_1_88' title="bbox 2171 4315 3783 4394">
    <p class='ocr_par' dir='ltr' id='par_1_88' title="bbox 2171 4315 3783 4394">
     <span class='ocr_line' id='line_1_89' title="bbox 2171 4315 3783 4394; baseline -0.008 -13"><span class='ocrx_word' id='word_1_660' title='bbox 2171 4321 2438 4394; x_wconf 80' lang='lat' dir='ltr'><strong>discussa]</strong></span> <span class='ocrx_word' id='word_1_661' title='bbox 2470 4339 2486 4376; x_wconf 90' lang='lat'><strong>:</strong></span> <span class='ocrx_word' id='word_1_662' title='bbox 2521 4337 2662 4376; x_wconf 91' lang='lat' dir='ltr'><strong>nunc</strong></span> <span class='ocrx_word' id='word_1_663' title='bbox 2684 4319 2989 4376; x_wconf 82' lang='lat' dir='ltr'><strong>Salomonis</strong></span> <span class='ocrx_word' id='word_1_664' title='bbox 3017 4317 3156 4374; x_wconf 88' lang='lat' dir='ltr'><strong>dicta</strong></span> <span class='ocrx_word' id='word_1_665' title='bbox 3179 4315 3480 4381; x_wconf 88' lang='lat' dir='ltr'><strong>videamus,</strong></span> <span class='ocrx_word' id='word_1_666' title='bbox 3508 4327 3627 4383; x_wconf 79' lang='lat' dir='ltr'><strong>qua:</strong></span> <span class='ocrx_word' id='word_1_667' title='bbox 3655 4326 3783 4382; x_wconf 80' lang='lat' dir='ltr'><strong>pro-</strong></span> 
     </span>
    </p>
   </div>
   <div class='ocr_carea' id='block_1_89' title="bbox 2170 4413 3263 4490">
    <p class='ocr_par' dir='ltr' id='par_1_89' title="bbox 2170 4413 3263 4490">
     <span class='ocr_line' id='line_1_90' title="bbox 2170 4413 3263 4490; baseline -0.012 -15"><span class='ocrx_word' id='word_1_668' title='bbox 2170 4419 2321 4490; x_wconf 87' lang='lat' dir='ltr'><strong>prios</strong></span> <span class='ocrx_word' id='word_1_669' title='bbox 2350 4415 2687 4487; x_wconf 77' lang='lat' dir='ltr'><strong>expositores</strong></span> <span class='ocrx_word' id='word_1_670' title='bbox 2717 4413 2918 4469; x_wconf 84' lang='lat' dir='ltr'><strong>habere</strong></span> <span class='ocrx_word' id='word_1_671' title='bbox 2948 4418 3263 4467; x_wconf 88' lang='lat' dir='ltr'><strong>noscuntur.</strong></span> 
     </span>
    </p>
   </div>
   <div class='ocr_carea' id='block_1_90' title="bbox 1957 4581 2742 4596">
    <p class='ocr_par' dir='ltr' id='par_1_90' title="bbox 1957 4581 2742 4596">
     <span class='ocr_line' id='line_1_91' title="bbox 1957 4581 2742 4596; baseline -0.013 1"><span class='ocrx_word' id='word_1_672' title='bbox 1957 4592 1960 4593; x_wconf 57' lang='grc' dir='ltr'><em>ν</em></span> <span class='ocrx_word' id='word_1_673' title='bbox 1967 4588 2344 4596; x_wconf 58' lang='lat'><strong>————.-—.————._..-._._._</strong></span> <span class='ocrx_word' id='word_1_674' title='bbox 2351 4587 2432 4591; x_wconf 44' lang='grc' dir='ltr'><strong>..β</strong></span> <span class='ocrx_word' id='word_1_675' title='bbox 2439 4583 2510 4590; x_wconf 46' lang='grc' dir='ltr'><strong>ς-κ-</strong></span> <span class='ocrx_word' id='word_1_676' title='bbox 2531 4581 2742 4589; x_wconf 68' lang='lat'><strong>-______——-</strong></span> 
     </span>
    </p>
   </div>
   <div class='ocr_carea' id='block_1_91' title="bbox 656 4583 2039 4782">
    <p class='ocr_par' dir='ltr' id='par_1_91' title="bbox 656 4583 2039 4781">
     <span class='ocr_line' id='line_1_92' title="bbox 656 4583 2039 4781; baseline 0.001 -2"><span class='ocrx_word' id='word_1_677' title='bbox 656 4583 684 4591; x_wconf 66' lang='grc'><strong><em>”</em></strong></span> <span class='ocrx_word' id='word_1_678' title='bbox 756 4584 2039 4781; x_wconf 55' lang='grc' dir='ltr'><strong>ΕΧΡοειῖιιόἷῖἷὰΧ</strong></span> 
     </span>
    </p>
   </div>
   <div class='ocr_carea' id='block_1_92' title="bbox 2148 4583 3502 4782">
    <p class='ocr_par' dir='ltr' id='par_1_92' title="bbox 2148 4583 3502 4780">
     <span class='ocr_line' id='line_1_93' title="bbox 2148 4583 3502 4780; baseline -0.005 -3"><span class='ocrx_word' id='word_1_679' title='bbox 2148 4583 3502 4780; x_wconf 56' lang='grc' dir='ltr'><strong>ῗῖῥῖῖλιῖιῖιιρῡιωιι</strong></span> 
     </span>
    </p>
   </div>
   <div class='ocr_carea' id='block_1_93' title="bbox 1053 4849 3228 4939">
    <p class='ocr_par' dir='ltr' id='par_1_93' title="bbox 1053 4849 3228 4939">
     <span class='ocr_line' id='line_1_94' title="bbox 1053 4849 3228 4939; baseline -0.003 -9"><span class='ocrx_word' id='word_1_680' title='bbox 1053 4859 1174 4930; x_wconf 87' lang='grc' dir='ltr'><strong>Μ.</strong></span> <span class='ocrx_word' id='word_1_681' title='bbox 1251 4857 1737 4933; x_wconf 79' lang='lat' dir='ltr'><strong>AURELIO</strong></span> <span class='ocrx_word' id='word_1_682' title='bbox 1815 4857 2480 4939; x_wconf 80' lang='lat' dir='ltr'><strong>CASSIODOBO</strong></span> <span class='ocrx_word' id='word_1_683' title='bbox 2554 4849 3228 4931; x_wconf 78' lang='lat' dir='ltr'><strong>ATTBIBUTA.</strong></span> 
     </span>
    </p>
   </div>
   <div class='ocr_carea' id='block_1_94' title="bbox 1972 4993 2284 5012">
    <p class='ocr_par' dir='ltr' id='par_1_94' title="bbox 1972 4993 2284 5012">
     <span class='ocr_line' id='line_1_95' title="bbox 1972 4993 2284 5012; baseline -0.003 -1"><span class='ocrx_word' id='word_1_684' title='bbox 1972 4993 2284 5012; x_wconf 45' lang='grc' dir='ltr'><em>ψ</em></span> 
     </span>
    </p>
   </div>
   <div class='ocr_carea' id='block_1_95' title="bbox 1079 5097 1474 5162">
    <p class='ocr_par' dir='ltr' id='par_1_95' title="bbox 1079 5097 1474 5162">
     <span class='ocr_line' id='line_1_96' title="bbox 1079 5097 1474 5162; baseline -0.005 -1"><span class='ocrx_word' id='word_1_685' title='bbox 1079 5097 1474 5162; x_wconf 86' lang='lat' dir='ltr'><strong>MONlTUM.</strong></span> 
     </span>
    </p>
   </div>
   <div class='ocr_carea' id='block_1_96' title="bbox 2779 5091 3165 5153">
    <p class='ocr_par' dir='ltr' id='par_1_96' title="bbox 2779 5091 3165 5153">
     <span class='ocr_line' id='line_1_97' title="bbox 2779 5091 3165 5153; baseline -0.005 -1"><span class='ocrx_word' id='word_1_686' title='bbox 2779 5091 3165 5153; x_wconf 77' lang='lat' dir='ltr'><strong>PROLOGUS.</strong></span> 
     </span>
    </p>
   </div>
   <div class='ocr_carea' id='block_1_97' title="bbox 554 5174 2039 5300">
    <p class='ocr_par' dir='ltr' id='par_1_97' title="bbox 554 5200 2039 5300">
     <span class='ocr_line' id='line_1_98' title="bbox 554 5200 2039 5300; baseline 0 0"><span class='ocrx_word' id='word_1_687' title='bbox 554 5200 1037 5300; x_wconf 54' lang='lat' dir='ltr'><strong>§9§.§2‘fi°ﬁi’ff</strong></span> <span class='ocrx_word' id='word_1_688' title='bbox 1059 5219 1242 5300; x_wconf 60' lang='grc' dir='ltr'><strong>’ἷίῗῗῖτξῖί</strong></span> <span class='ocrx_word' id='word_1_689' title='bbox 1255 5204 1383 5300; x_wconf 66' lang='grc' dir='ltr'><strong>Ῐῗέἔῗξ</strong></span> <span class='ocrx_word' id='word_1_690' title='bbox 1405 5203 2039 5300; x_wconf 52' lang='grc' dir='ltr'><strong>⁰ἔ²ἤξῗὲί⁰1ῗῖ⁶ἒθέἷὲι⁴ἰ¹1¹ίῗέ</strong></span> 
     </span>
    </p>
   </div>
   <div class='ocr_carea' id='block_1_98' title="bbox 2148 5174 3798 5300">
    <p class='ocr_par' dir='ltr' id='par_1_98' title="bbox 2148 5184 3798 5300">
     <span class='ocr_line' id='line_1_99' title="bbox 2148 5184 3798 5300; baseline -0.006 -8"><span class='ocrx_word' id='word_1_691' title='bbox 2148 5184 2157 5226; x_wconf 50' lang='grc' dir='ltr'><strong>ι</strong></span> <span class='ocrx_word' id='word_1_692' title='bbox 2250 5233 2502 5291; x_wconf 88' lang='lat' dir='ltr'><strong>Salomon</strong></span> <span class='ocrx_word' id='word_1_693' title='bbox 2533 5231 2820 5300; x_wconf 88' lang='lat' dir='ltr'><strong>inspiratus</strong></span> <span class='ocrx_word' id='word_1_694' title='bbox 2849 5229 3032 5284; x_wconf 91' lang='lat' dir='ltr'><strong>divino</strong></span> <span class='ocrx_word' id='word_1_695' title='bbox 3057 5225 3262 5300; x_wconf 70' lang='lat' dir='ltr'><strong>Spiritu</strong></span> <span class='ocrx_word' id='word_1_696' title='bbox 3287 5223 3608 5300; x_wconf 77' lang='lat' dir='ltr'><strong>composuit</strong></span> <span class='ocrx_word' id='word_1_697' title='bbox 3636 5224 3798 5300; x_wconf 83' lang='lat' dir='ltr'><strong>hunc</strong></span> 
     </span>
    </p>
   </div>
   <div class='ocr_carea' id='block_1_99' title="bbox 479 5274 2068 5346">
    <p class='ocr_par' dir='ltr' id='par_1_99' title="bbox 479 5274 2068 5346">
     <span class='ocr_line' id='line_1_100' title="bbox 479 5274 2068 5346; baseline 0.001 -17"><span class='ocrx_word' id='word_1_698' title='bbox 479 5274 814 5346; x_wconf 83' lang='lat' dir='ltr'><strong>manuscripti</strong></span> <span class='ocrx_word' id='word_1_699' title='bbox 839 5274 1037 5346; x_wconf 78' lang='lat' dir='ltr'><strong>codices</strong></span> <span class='ocrx_word' id='word_1_700' title='bbox 1069 5291 1220 5342; x_wconf 85' lang='lat' dir='ltr'><strong>quant</strong></span> <span class='ocrx_word' id='word_1_701' title='bbox 1248 5274 1403 5340; x_wconf 81' lang='lat' dir='ltr'><strong>editi,</strong></span> <span class='ocrx_word' id='word_1_702' title='bbox 1433 5275 1613 5329; x_wconf 78' lang='lat' dir='ltr'><strong>saltent</strong></span> <span class='ocrx_word' id='word_1_703' title='bbox 1642 5292 1768 5346; x_wconf 85' lang='lat' dir='ltr'><strong>quos</strong></span> <span class='ocrx_word' id='word_1_704' title='bbox 1801 5275 1970 5330; x_wconf 86' lang='lat' dir='ltr'><strong>videre</strong></span> <span class='ocrx_word' id='word_1_705' title='bbox 2000 5277 2068 5330; x_wconf 79' lang='lat' dir='ltr'><strong>ti-</strong></span> 
     </span>
    </p>
   </div>
   <div class='ocr_carea' id='block_1_100' title="bbox 481 5345 2068 5417">
    <p class='ocr_par' dir='ltr' id='par_1_100' title="bbox 481 5345 2068 5417">
     <span class='ocr_line' id='line_1_101' title="bbox 481 5345 2068 5417; baseline 0.001 -18"><span class='ocrx_word' id='word_1_706' title='bbox 481 5347 585 5399; x_wconf 79' lang='lat' dir='ltr'><strong>ruit</strong></span> <span class='ocrx_word' id='word_1_707' title='bbox 603 5362 621 5408; x_wconf 86' lang='lat'><strong>;</strong></span> <span class='ocrx_word' id='word_1_708' title='bbox 657 5345 1021 5400; x_wconf 80' lang='lat' dir='ltr'><strong>bibliothecarii</strong></span> <span class='ocrx_word' id='word_1_709' title='bbox 1054 5362 1252 5416; x_wconf 84' lang='lat' dir='ltr'><strong>quoque</strong></span> <span class='ocrx_word' id='word_1_710' title='bbox 1281 5362 1484 5413; x_wconf 80' lang='lat' dir='ltr'><strong>omnes,</strong></span> <span class='ocrx_word' id='word_1_711' title='bbox 1522 5348 1566 5400; x_wconf 81' lang='lat' dir='ltr'><strong>si</strong></span> <span class='ocrx_word' id='word_1_712' title='bbox 1595 5345 1750 5399; x_wconf 82' lang='lat' dir='ltr'><strong>unum</strong></span> <span class='ocrx_word' id='word_1_713' title='bbox 1779 5348 2068 5417; x_wconf 76' lang='lat' dir='ltr'><strong>exceperis,</strong></span> 
     </span>
    </p>
   </div>
   <div class='ocr_carea' id='block_1_101' title="bbox 482 5417 2072 5488">
    <p class='ocr_par' dir='ltr' id='par_1_101' title="bbox 482 5417 2072 5488">
     <span class='ocr_line' id='line_1_102' title="bbox 482 5417 2072 5488; baseline 0.001 -18"><span class='ocrx_word' id='word_1_714' title='bbox 482 5417 674 5486; x_wconf 80' lang='lat' dir='ltr'><strong>aliique</strong></span> <span class='ocrx_word' id='word_1_715' title='bbox 693 5417 846 5469; x_wconf 87' lang='lat' dir='ltr'><strong>etiam</strong></span> <span class='ocrx_word' id='word_1_716' title='bbox 865 5417 1088 5472; x_wconf 80' lang='lat' dir='ltr'><strong>melioris</strong></span> <span class='ocrx_word' id='word_1_717' title='bbox 1109 5426 1245 5472; x_wconf 74' lang='lat' dir='ltr'><strong>nota:</strong></span> <span class='ocrx_word' id='word_1_718' title='bbox 1263 5427 1491 5472; x_wconf 89' lang='lat' dir='ltr'><strong>auctores</strong></span> <span class='ocrx_word' id='word_1_719' title='bbox 1506 5433 1655 5486; x_wconf 87' lang='lat' dir='ltr'><strong>quam</strong></span> <span class='ocrx_word' id='word_1_720' title='bbox 1661 5417 1872 5484; x_wconf 82' lang='lat' dir='ltr'><strong>plurimi</strong></span> <span class='ocrx_word' id='word_1_721' title='bbox 1884 5419 2072 5488; x_wconf 79' lang='lat' dir='ltr'><strong>absque</strong></span> 
     </span>
    </p>
   </div>
   <div class='ocr_carea' id='block_1_102' title="bbox 486 5488 2072 5544">
    <p class='ocr_par' dir='ltr' id='par_1_102' title="bbox 486 5488 2072 5544">
     <span class='ocr_line' id='line_1_103' title="bbox 486 5488 2072 5544; baseline 0 -3"><span class='ocrx_word' id='word_1_722' title='bbox 486 5489 594 5541; x_wconf 87' lang='lat' dir='ltr'><strong>ulla</strong></span> <span class='ocrx_word' id='word_1_723' title='bbox 624 5491 965 5542; x_wconf 66' lang='lat' dir='ltr'><strong>controversia</strong></span> <span class='ocrx_word' id='word_1_724' title='bbox 995 5489 1192 5542; x_wconf 79' lang='lat' dir='ltr'><strong>auctori</strong></span> <span class='ocrx_word' id='word_1_725' title='bbox 1232 5499 1405 5543; x_wconf 81' lang='lat' dir='ltr'><strong>nostra</strong></span> <span class='ocrx_word' id='word_1_726' title='bbox 1445 5488 1578 5542; x_wconf 75' lang='lat' dir='ltr'><strong>illud</strong></span> <span class='ocrx_word' id='word_1_727' title='bbox 1625 5490 1902 5544; x_wconf 76' lang='lat' dir='ltr'><strong>ascribunt.</strong></span> <span class='ocrx_word' id='word_1_728' title='bbox 1940 5489 2072 5543; x_wconf 83' lang='lat' dir='ltr'><strong>Mihi</strong></span> 
     </span>
    </p>
   </div>
   <div class='ocr_carea' id='block_1_103' title="bbox 488 5557 2073 5614">
    <p class='ocr_par' dir='ltr' id='par_1_103' title="bbox 488 5557 2073 5614">
     <span class='ocr_line' id='line_1_104' title="bbox 488 5557 2073 5614; baseline -0.001 -1"><span class='ocrx_word' id='word_1_729' title='bbox 488 5569 654 5613; x_wconf 86' lang='lat' dir='ltr'><strong>tamen</strong></span> <span class='ocrx_word' id='word_1_730' title='bbox 695 5557 988 5613; x_wconf 82' lang='lat' dir='ltr'><strong>Cassiodori</strong></span> <span class='ocrx_word' id='word_1_731' title='bbox 1029 5575 1132 5612; x_wconf 87' lang='lat' dir='ltr'><strong>non</strong></span> <span class='ocrx_word' id='word_1_732' title='bbox 1168 5575 1276 5613; x_wconf 82' lang='lat' dir='ltr'><strong>esse</strong></span> <span class='ocrx_word' id='word_1_733' title='bbox 1323 5561 1655 5614; x_wconf 77' lang='lat' dir='ltr'><strong>certissimum</strong></span> <span class='ocrx_word' id='word_1_734' title='bbox 1696 5559 1896 5612; x_wconf 77' lang='lat' dir='ltr'><strong>videtur</strong></span> <span class='ocrx_word' id='word_1_735' title='bbox 1933 5576 1951 5614; x_wconf 88' lang='lat'><strong><em>:</em></strong></span> <span class='ocrx_word' id='word_1_736' title='bbox 1983 5560 2073 5613; x_wconf 86' lang='lat' dir='ltr'><strong>scd</strong></span> 
     </span>
    </p>
   </div>
   <div class='ocr_carea' id='block_1_104' title="bbox 487 5631 2075 5702">
    <p class='ocr_par' dir='ltr' id='par_1_104' title="bbox 487 5631 2075 5702">
     <span class='ocr_line' id='line_1_105' title="bbox 487 5631 2075 5702; baseline 0.001 -19"><span class='ocrx_word' id='word_1_737' title='bbox 487 5632 669 5702; x_wconf 78' lang='lat' dir='ltr'><strong>quibus</strong></span> <span class='ocrx_word' id='word_1_738' title='bbox 701 5631 1020 5701; x_wconf 83' lang='lat' dir='ltr'><strong>potissimum</strong></span> <span class='ocrx_word' id='word_1_739' title='bbox 1050 5632 1358 5700; x_wconf 80' lang='lat' dir='ltr'><strong>argumentis</strong></span> <span class='ocrx_word' id='word_1_740' title='bbox 1397 5632 1448 5686; x_wconf 86' lang='lat' dir='ltr'><strong>in</strong></span> <span class='ocrx_word' id='word_1_741' title='bbox 1477 5649 1587 5685; x_wconf 80' lang='lat' dir='ltr'><strong>eam</strong></span> <span class='ocrx_word' id='word_1_742' title='bbox 1616 5631 1844 5683; x_wconf 75' lang='lat' dir='ltr'><strong>adducar</strong></span> <span class='ocrx_word' id='word_1_743' title='bbox 1874 5643 2075 5684; x_wconf 83' lang='lat' dir='ltr'><strong>senten-</strong></span> 
     </span>
    </p>
   </div>
   <div class='ocr_carea' id='block_1_105' title="bbox 491 5702 2074 5772">
    <p class='ocr_par' dir='ltr' id='par_1_105' title="bbox 491 5702 2074 5772">
     <span class='ocr_line' id='line_1_106' title="bbox 491 5702 2074 5772; baseline 0 -16"><span class='ocrx_word' id='word_1_744' title='bbox 491 5704 614 5756; x_wconf 87' lang='lat' dir='ltr'><strong>tiam</strong></span> <span class='ocrx_word' id='word_1_745' title='bbox 637 5747 651 5770; x_wconf 90' lang='lat'><strong>,</strong></span> <span class='ocrx_word' id='word_1_746' title='bbox 697 5703 934 5771; x_wconf 76' lang='lat' dir='ltr'><strong>prwfntio</strong></span> <span class='ocrx_word' id='word_1_747' title='bbox 976 5713 1172 5768; x_wconf 83' lang='lat' dir='ltr'><strong>nostra,</strong></span> <span class='ocrx_word' id='word_1_748' title='bbox 1201 5717 1352 5772; x_wconf 74' lang='lat' dir='ltr'><strong>quam</strong></span> <span class='ocrx_word' id='word_1_749' title='bbox 1383 5705 1536 5772; x_wconf 83' lang='lat' dir='ltr'><strong>hujus</strong></span> <span class='ocrx_word' id='word_1_750' title='bbox 1561 5702 1727 5769; x_wconf 85' lang='lat' dir='ltr'><strong>operis</strong></span> <span class='ocrx_word' id='word_1_751' title='bbox 1753 5703 1907 5770; x_wconf 83' lang='lat' dir='ltr'><strong>capiti</strong></span> <span class='ocrx_word' id='word_1_752' title='bbox 1940 5717 2074 5768; x_wconf 71' lang='lat' dir='ltr'><strong>pras-</strong></span> 
     </span>
    </p>
   </div>
   <div class='ocr_carea' id='block_1_106' title="bbox 491 5770 2076 5900">
    <p class='ocr_par' dir='ltr' id='par_1_106' title="bbox 491 5770 2076 5900">
     <span class='ocr_line' id='line_1_107' title="bbox 491 5770 2076 5900; baseline 0.001 -74"><span class='ocrx_word' id='word_1_753' title='bbox 491 5776 742 5900; x_wconf 60' lang='lat' dir='ltr'><strong>misintuls,</strong></span> <span class='ocrx_word' id='word_1_754' title='bbox 759 5776 894 5899; x_wconf 57' lang='lat' dir='ltr'><strong>tantis</strong></span> <span class='ocrx_word' id='word_1_755' title='bbox 911 5774 1161 5832; x_wconf 79' lang='lat' dir='ltr'><strong>ostendet.</strong></span> <span class='ocrx_word' id='word_1_756' title='bbox 1188 5770 1338 5828; x_wconf 79' lang='lat' dir='ltr'><strong>Hanc</strong></span> <span class='ocrx_word' id='word_1_757' title='bbox 1363 5770 1542 5847; x_wconf 78' lang='lat' dir='ltr'><strong>igitur,</strong></span> <span class='ocrx_word' id='word_1_758' title='bbox 1570 5774 1613 5828; x_wconf 81' lang='lat' dir='ltr'><strong>si</strong></span> <span class='ocrx_word' id='word_1_759' title='bbox 1633 5773 1790 5842; x_wconf 77' lang='lat' dir='ltr'><strong>lubet,</strong></span> <span class='ocrx_word' id='word_1_760' title='bbox 1813 5775 2076 5844; x_wconf 81' lang='lat' dir='ltr'><strong>consulas,</strong></span> 
     </span>
     <span class='ocr_line' id='line_1_108' title="bbox 493 5859 856 5900; baseline 0 0"><span class='ocrx_word' id='word_1_761' title='bbox 493 5859 652 5900; x_wconf 84' lang='lat' dir='ltr'><strong>onnce</strong></span> <span class='ocrx_word' id='word_1_762' title='bbox 702 5863 755 5900; x_wconf 86' lang='lat' dir='ltr'><strong>ec</strong></span> <span class='ocrx_word' id='word_1_763' title='bbox 781 5861 856 5900; x_wconf 88' lang='lat' dir='ltr'><strong>or.</strong></span> 
     </span>
    </p>
   </div>
   <div class='ocr_carea' id='block_1_107' title="bbox 493 5854 856 5904">
    <p class='ocr_par' dir='ltr' id='par_1_107' title="bbox 493 5854 856 5904">
     <span class='ocr_line' id='line_1_109' title="bbox 493 5854 856 5904; baseline 0 -2"><span class='ocrx_word' id='word_1_764' title='bbox 493 5859 652 5902; x_wconf 81' lang='lat' dir='ltr'><strong>annce</strong></span> <span class='ocrx_word' id='word_1_765' title='bbox 681 5854 856 5904; x_wconf 75' lang='grc' dir='ltr'><strong>ιεοιον.</strong></span> 
     </span>
    </p>
   </div>
   <div class='ocr_carea' id='block_1_108' title="bbox 2179 5297 3807 5370">
    <p class='ocr_par' dir='ltr' id='par_1_108' title="bbox 2179 5297 3807 5370">
     <span class='ocr_line' id='line_1_110' title="bbox 2179 5297 3807 5370; baseline -0.005 -9"><span class='ocrx_word' id='word_1_766' title='bbox 2179 5305 2417 5362; x_wconf 91' lang='lat' dir='ltr'><strong>libellum</strong></span> <span class='ocrx_word' id='word_1_767' title='bbox 2440 5303 2511 5360; x_wconf 89' lang='lat' dir='ltr'><strong>de</strong></span> <span class='ocrx_word' id='word_1_768' title='bbox 2538 5297 2735 5370; x_wconf 80' lang='lat' dir='ltr'><strong>nuptiis</strong></span> <span class='ocrx_word' id='word_1_769' title='bbox 2773 5299 3060 5370; x_wconf 27' lang='lat' dir='ltr'><strong>CliristiAet</strong></span> <span class='ocrx_word' id='word_1_770' title='bbox 3089 5297 3349 5355; x_wconf 72' lang='lat' dir='ltr'><strong>Ecclesiae</strong></span> <span class='ocrx_word' id='word_1_771' title='bbox 3371 5339 3386 5362; x_wconf 97' lang='lat'><strong>,</strong></span> <span class='ocrx_word' id='word_1_772' title='bbox 3417 5307 3480 5370; x_wconf 10' lang='lat' dir='ltr'><strong>et,</strong></span> <span class='ocrx_word' id='word_1_773' title='bbox 3514 5299 3807 5370; x_wconf 77' lang='lat' dir='ltr'><strong>quodam-</strong></span> 
     </span>
    </p>
   </div>
   <div class='ocr_carea' id='block_1_109' title="bbox 2179 5368 3808 5444">
    <p class='ocr_par' dir='ltr' id='par_1_109' title="bbox 2179 5368 3808 5444">
     <span class='ocr_line' id='line_1_111' title="bbox 2179 5368 3808 5444; baseline -0.004 -13"><span class='ocrx_word' id='word_1_774' title='bbox 2179 5376 2342 5432; x_wconf 90' lang='lat' dir='ltr'><strong>modo</strong></span> <span class='ocrx_word' id='word_1_775' title='bbox 2381 5368 2784 5444; x_wconf 81' lang='lat' dir='ltr'><strong>epithalamium</strong></span> <span class='ocrx_word' id='word_1_776' title='bbox 2818 5372 2941 5428; x_wconf 81' lang='lat' dir='ltr'><strong>fecit</strong></span> <span class='ocrx_word' id='word_1_777' title='bbox 2968 5368 3169 5444; x_wconf 75' lang='lat' dir='ltr'><strong>Christi</strong></span> <span class='ocrx_word' id='word_1_778' title='bbox 3198 5377 3255 5425; x_wconf 90' lang='lat' dir='ltr'><strong>et</strong></span> <span class='ocrx_word' id='word_1_779' title='bbox 3281 5369 3570 5444; x_wconf 68' lang='lat' dir='ltr'><strong>Ecclesiae,</strong></span> <span class='ocrx_word' id='word_1_780' title='bbox 3603 5368 3670 5424; x_wconf 83' lang='lat' dir='ltr'><strong>id</strong></span> <span class='ocrx_word' id='word_1_781' title='bbox 3690 5377 3808 5444; x_wconf 70' lang='lat' dir='ltr'><strong>est</strong></span> 
     </span>
    </p>
   </div>
   <div class='ocr_carea' id='block_1_110' title="bbox 2180 5440 3810 5514">
    <p class='ocr_par' dir='ltr' id='par_1_110' title="bbox 2180 5440 3810 5514">
     <span class='ocr_line' id='line_1_112' title="bbox 2180 5440 3810 5514; baseline -0.004 -12"><span class='ocrx_word' id='word_1_782' title='bbox 2180 5440 2446 5502; x_wconf 85' lang='lat' dir='ltr'><strong>canticum</strong></span> <span class='ocrx_word' id='word_1_783' title='bbox 2494 5460 2655 5514; x_wconf 91' lang='lat' dir='ltr'><strong>super</strong></span> <span class='ocrx_word' id='word_1_784' title='bbox 2697 5443 2980 5498; x_wconf 87' lang='lat' dir='ltr'><strong>thalamos.</strong></span> <span class='ocrx_word' id='word_1_785' title='bbox 3019 5441 3171 5497; x_wconf 87' lang='lat' dir='ltr'><strong>Unde</strong></span> <span class='ocrx_word' id='word_1_786' title='bbox 3191 5451 3254 5514; x_wconf 82' lang='lat' dir='ltr'><strong>et</strong></span> <span class='ocrx_word' id='word_1_787' title='bbox 3282 5440 3500 5514; x_wconf 80' lang='lat' dir='ltr'><strong>Cantica</strong></span> <span class='ocrx_word' id='word_1_788' title='bbox 3547 5441 3810 5496; x_wconf 88' lang='lat' dir='ltr'><strong>cantico-</strong></span> 
     </span>
    </p>
   </div>
   <div class='ocr_carea' id='block_1_111' title="bbox 2180 5511 3806 5585">
    <p class='ocr_par' dir='ltr' id='par_1_111' title="bbox 2180 5511 3806 5585">
     <span class='ocr_line' id='line_1_113' title="bbox 2180 5511 3806 5585; baseline -0.004 -13"><span class='ocrx_word' id='word_1_789' title='bbox 2180 5534 2299 5573; x_wconf 89' lang='lat' dir='ltr'><strong>rum</strong></span> <span class='ocrx_word' id='word_1_790' title='bbox 2325 5517 2532 5572; x_wconf 90' lang='lat' dir='ltr'><strong>vocavit</strong></span> <span class='ocrx_word' id='word_1_791' title='bbox 2561 5511 2672 5571; x_wconf 82' lang='lat' dir='ltr'><strong>hoc</strong></span> <span class='ocrx_word' id='word_1_792' title='bbox 2697 5531 2832 5585; x_wconf 84' lang='lat' dir='ltr'><strong>Opus</strong></span> <span class='ocrx_word' id='word_1_793' title='bbox 2860 5533 2872 5568; x_wconf 89' lang='lat'><strong>:</strong></span> <span class='ocrx_word' id='word_1_794' title='bbox 2907 5514 3028 5583; x_wconf 84' lang='lat' dir='ltr'><strong>quia</strong></span> <span class='ocrx_word' id='word_1_795' title='bbox 3055 5513 3236 5567; x_wconf 90' lang='lat' dir='ltr'><strong>omnia</strong></span> <span class='ocrx_word' id='word_1_796' title='bbox 3267 5511 3473 5566; x_wconf 85' lang='lat' dir='ltr'><strong>cantica</strong></span> <span class='ocrx_word' id='word_1_797' title='bbox 3513 5525 3806 5585; x_wconf 65' lang='lat' dir='ltr'><strong>superes-</strong></span> 
     </span>
    </p>
   </div>
   <div class='ocr_carea' id='block_1_112' title="bbox 2182 5582 3812 5654">
    <p class='ocr_par' dir='ltr' id='par_1_112' title="bbox 2182 5582 3812 5654">
     <span class='ocr_line' id='line_1_114' title="bbox 2182 5582 3812 5654; baseline -0.005 -10"><span class='ocrx_word' id='word_1_798' title='bbox 2182 5591 2346 5644; x_wconf 88' lang='lat' dir='ltr'><strong>ccllit.</strong></span> <span class='ocrx_word' id='word_1_799' title='bbox 2392 5589 2542 5643; x_wconf 89' lang='lat' dir='ltr'><strong>Sicut</strong></span> <span class='ocrx_word' id='word_1_800' title='bbox 2583 5582 2993 5648; x_wconf 34' lang='lat' dir='ltr'><strong>enim—dieitur,</strong></span> <span class='ocrx_word' id='word_1_801' title='bbox 3043 5585 3154 5639; x_wconf 80' lang='lat' dir='ltr'><strong>Rea:</strong></span> <span class='ocrx_word' id='word_1_802' title='bbox 3191 5600 3392 5654; x_wconf 80' lang='lat' dir='ltr'><strong>regum,</strong></span> <span class='ocrx_word' id='word_1_803' title='bbox 3433 5593 3480 5634; x_wconf 82' lang='lat' dir='ltr'><strong>et</strong></span> <span class='ocrx_word' id='word_1_804' title='bbox 3529 5582 3812 5654; x_wconf 64' lang='lat' dir='ltr'><strong>Dominus</strong></span> 
     </span>
    </p>
   </div>
   <div class='ocr_carea' id='block_1_113' title="bbox 2184 5653 3813 5726">
    <p class='ocr_par' dir='ltr' id='par_1_113' title="bbox 2184 5653 3813 5726">
     <span class='ocr_line' id='line_1_115' title="bbox 2184 5653 3813 5726; baseline -0.002 -15"><span class='ocrx_word' id='word_1_805' title='bbox 2184 5660 2557 5714; x_wconf 77' lang='lat' dir='ltr'><strong>dominantium</strong></span> <span class='ocrx_word' id='word_1_806' title='bbox 2590 5659 2772 5726; x_wconf 82' lang='lat' dir='ltr'><strong>(Apoc.</strong></span> <span class='ocrx_word' id='word_1_807' title='bbox 2810 5673 2938 5722; x_wconf 77' lang='lat' dir='ltr'><strong>xvn,</strong></span> <span class='ocrx_word' id='word_1_808' title='bbox 2968 5653 3081 5726; x_wconf 74' lang='grc' dir='ltr'><strong>Η),</strong></span> <span class='ocrx_word' id='word_1_809' title='bbox 3103 5665 3157 5710; x_wconf 88' lang='lat' dir='ltr'><strong>et</strong></span> <span class='ocrx_word' id='word_1_810' title='bbox 3184 5653 3500 5710; x_wconf 74' lang='lat' dir='ltr'><strong>sitietnnitas</strong></span> <span class='ocrx_word' id='word_1_811' title='bbox 3524 5653 3813 5726; x_wconf 63' lang='lat' dir='ltr'><strong>solemni-</strong></span> 
     </span>
    </p>
   </div>
   <div class='ocr_carea' id='block_1_114' title="bbox 2187 5723 3810 5785">
    <p class='ocr_par' dir='ltr' id='par_1_114' title="bbox 2187 5723 3810 5785">
     <span class='ocr_line' id='line_1_116' title="bbox 2187 5723 3810 5785; baseline -0.002 -1"><span class='ocrx_word' id='word_1_812' title='bbox 2187 5742 2352 5785; x_wconf 85' lang='lat' dir='ltr'><strong>tatnm</strong></span> <span class='ocrx_word' id='word_1_813' title='bbox 2379 5749 2392 5784; x_wconf 92' lang='lat'><strong>:</strong></span> <span class='ocrx_word' id='word_1_814' title='bbox 2422 5732 2501 5785; x_wconf 90' lang='lat' dir='ltr'><strong>sic</strong></span> <span class='ocrx_word' id='word_1_815' title='bbox 2527 5723 2721 5784; x_wconf 84' lang='lat' dir='ltr'><strong>dicitur</strong></span> <span class='ocrx_word' id='word_1_816' title='bbox 2749 5723 3383 5785; x_wconf 79' lang='lat' dir='ltr'><strong>Canticumcanticorum</strong></span> <span class='ocrx_word' id='word_1_817' title='bbox 3409 5726 3478 5778; x_wconf 90' lang='lat' dir='ltr'><strong>ob</strong></span> <span class='ocrx_word' id='word_1_818' title='bbox 3505 5723 3810 5780; x_wconf 77' lang='lat' dir='ltr'><strong>excellen-</strong></span> 
     </span>
    </p>
   </div>
   <div class='ocr_carea' id='block_1_115' title="bbox 2187 5795 3814 5874">
    <p class='ocr_par' dir='ltr' id='par_1_115' title="bbox 2187 5795 3814 5874">
     <span class='ocr_line' id='line_1_117' title="bbox 2187 5795 3814 5874; baseline 0 -16"><span class='ocrx_word' id='word_1_819' title='bbox 2187 5803 2317 5862; x_wconf 88' lang='lat' dir='ltr'><strong>tiam</strong></span> <span class='ocrx_word' id='word_1_820' title='bbox 2353 5813 2408 5861; x_wconf 88' lang='lat' dir='ltr'><strong>et</strong></span> <span class='ocrx_word' id='word_1_821' title='bbox 2435 5802 2771 5874; x_wconf 76' lang='lat' dir='ltr'><strong>dignitatem.</strong></span> <span class='ocrx_word' id='word_1_822' title='bbox 2800 5799 2897 5860; x_wconf 87' lang='lat' dir='ltr'><strong>Est</strong></span> <span class='ocrx_word' id='word_1_823' title='bbox 2926 5808 3105 5858; x_wconf 83' lang='lat' dir='ltr'><strong>autem</strong></span> <span class='ocrx_word' id='word_1_824' title='bbox 3143 5797 3198 5862; x_wconf 87' lang='lat' dir='ltr'><strong>in</strong></span> <span class='ocrx_word' id='word_1_825' title='bbox 3229 5798 3332 5857; x_wconf 86' lang='lat' dir='ltr'><strong>hoc</strong></span> <span class='ocrx_word' id='word_1_826' title='bbox 3366 5795 3656 5857; x_wconf 83' lang='lat' dir='ltr'><strong>obscurior</strong></span> <span class='ocrx_word' id='word_1_827' title='bbox 3691 5796 3814 5860; x_wconf 71' lang='lat' dir='ltr'><strong>ista</strong></span> 
     </span>
    </p>
   </div>
  </div>
