4078 6342
266 329 402 424 ιοΞἻ

1235 357 1597 417 ΕΧΡΟΞΙΤΙΟ
1635 356 1700 413 ΙΝ
1727 355 2036 414 CANTICA
2074 355 2412 416 CANTICOR
2424 358 2549 416 ΗΜ.

3389 361 3536 418 1058

265 481 497 548 libellus,
530 477 650 552 quia
690 476 851 552 nulla:
880 474 954 533 ibi
983 483 1480 552 commemorantur
1505 487 1772 546 personae,
1803 479 1857 527 et
1883 475 1934 530 Α
1961 472 2100 552 enim
2129 473 2511 552 distinguitur:
2544 473 2702 552 Nigra
2731 488 2846 552 sum
2887 475 3023 552 sicut
3065 473 3402 552 tabernacula
3431 478 3530 552 Ce-

266 556 415 626 quasi
441 551 648 610 comico
675 551 818 624 stylo
846 551 1178 620 compositus
1207 555 1314 604 est.

786 662 1014 719 CAPUT
1052 661 1344 717 PRIMUM.

336 757 491 812 Vers.
518 757 569 812 l.
598 755 868 811 Osculetur
889 770 969 808 me
989 755 1162 808 osculo
1184 754 1287 807 oris
1313 753 1414 807 sui.
1438 750 1554 806 Vox
1576 760 1658 807 est
1685 751 1860 824 Syna-

269 842 420 900 gogae
451 829 806 900 desiderantis
845 825 1044 880 Christi
1076 825 1384 900 adventum.
1417 826 1578 890 Quasi
1607 823 1811 900 diceret
1840 841 1853 876 :

270 895 452 954 Toiies
482 900 612 954 mihi
637 899 929 954 adventum
961 911 1113 950 suum
1145 895 1391 964 promisit
1421 910 1514 964 per
1542 898 1856 964 prophetas;

270 971 453 1024 veniat
475 985 604 1040 ergo
625 970 735 1042 jam
749 979 812 1042 et
831 967 1098 1042 osculetur
1119 981 1199 1019 me
1225 965 1399 1020 osculo
1427 965 1530 1018 oris
1551 967 1652 1036 sui,
1679 967 1728 1019 id
1749 973 1853 1034 est,

271 1055 370 1111 per
397 1039 638 1110 seipsum
667 1039 800 1095 mihi
831 1041 1097 1108 loquatur.

312 1159 314 1161 ,
345 1107 495 1178 Quia
513 1113 724 1166 meliora
745 1120 862 1165 sunt
890 1107 1044 1162 ubera
1065 1118 1152 1162 tua
1171 1107 1306 1162 uino.
1327 1108 1568 1178 Repente
1593 1109 1659 1162 ad
1685 1108 1856 1178 ipsum

271 1181 428 1253 cujus
457 1183 724 1238 desiderio
767 1180 1021 1252 ﬂagrabat
1040 1219 1055 1244 ,
1085 1179 1246 1253 verba
1273 1188 1592 1253 convertens
1610 1220 1627 1246 ,
1653 1179 1852 1253 subdit,

275 1251 412 1319 Quia
455 1253 667 1308 meliora
693 1261 811 1308 sunt
845 1251 1008 1306 iubera
1046 1258 1136 1304 tua
1164 1251 1301 1304 vitro.
1337 1251 1436 1304 Per
1463 1251 1626 1305 ubera
1657 1251 1858 1305 Christi

273 1324 501 1380 dulcedo
547 1323 820 1394 Evangelii
853 1321 1358 1394 intelligitur;_quia
1403 1335 1468 1377 eo
1516 1321 1680 1376 veluti
1722 1322 1858 1394 lacte

275 1395 508 1450 nutritur
537 1392 754 1450 infantia
790 1395 1146 1448 credentium.
1185 1392 1376 1446 Vinum
1417 1401 1595 1447 autem
1627 1393 1858 1447 austeri-

277 1475 440 1521 tatem
467 1466 598 1537 legis
621 1465 887 1537 signiﬁcat
905 1483 935 1537 :_
957 1465 1049 1519 sed
1080 1465 1238 1537 ubera
1267 1462 1462 1537 Christi
1491 1463 1712 1518 meliora
1732 1473 1862 1537 sunt

275 1543 428 1603 vino,
463 1535 584 1605 quia
623 1536 848 1592 dulcedo
897 1535 1165 1604 Evangelii
1195 1535 1388 1590 melior
1423 1544 1505 1590 est
1544 1535 1859 1590 austeritate

277 1609 433 1679 legis.
465 1610 518 1662 ln
551 1609 665 1677 lege
697 1609 838 1662 enim
865 1606 1006 1660 nulla
1044 1613 1355 1679 reservato:
1379 1607 1692 1679 poenitentia
1713 1646 1728 1672 ,
1760 1607 1857 1660 sed

279 1675 583 1749 praecipitur
599 1675 760 1749 utqui
782 1686 965 1746 peccat
985 1675 1291 1749 occidatur:
1317 1677 1857 1749 Evangeliumautem

275 1745 404 1804 dicit
435 1745 458 1803 Ξ
479 1749 622 1804 Nolo
650 1745 862 1802 mortem
886 1748 1160 1816 peccatoris
1185 1745 1397 1814 (Ezech.
1424 1745 1577 1814 svnt,
1611 1745 1722 1816 32),
1748 1759 1854 1802 etc.

363 1819 512 1874 Vers.
553 1824 607 1876 2.
660 1819 974 1890 Frugi-autia
1021 1819 1292 1890 unguentis
1331 1818 1859 1890 optimissllnguenta

279 1901 402 1946 sunt
428 1891 567 1946 dona
597 1888 827 1958 Spiritus
853 1891 1048 1952 sancti,
1083 1890 1162 1941 vel
1190 1888 1349 1942 etiam
1375 1889 1714 1956 operationes
1743 1891 1856 1944 vir-

249 1986 254 1990 ·
279 1970 484 2026 tutum;
526 1963 592 2016 de
622 1959 813 2030 quibus
843 1959 1128 2028 Apostolus
1155 1975 1170 2014 :
1204 1958 1393 2012 Christi
1422 1961 1583 2012 bonus
1624 1960 1752 2013 odor
1774 1977 1861 2014 su-

279 2049 393 2086 mus
423 2031 506 2102 (II
541 2033 660 2087 Cor.
689 2033 880 2100 ",15).

352 2099 534 2160 Oleum
551 2103 765 2171 e/I‘usum
781 2118 962 2156 nomen
979 2111 1142 2156 tuum.
1166 2101 1368 2156 Nomen
1391 2109 1558 2166 tuum,
1575 2114 1607 2153 0
1625 2099 1858 2168 Christe,

279 2173 501 2241 rﬂ'ttsuttt
541 2185 632 2228 est.
683 2173 924 2228 Cbrisma
970 2173 1188 2239 Graece,
1238 2173 1424 2227 Latine
1465 2173 1647 2227 unctio
1671 2215 1686 2240 ,
1722 2172 1862 2227 unde

279 2246 547 2300 Christus.
575 2244 782 2300 Nomen
821 2244 1016 2298 Christi
1056 2245 1125 2298 ab
1170 2245 1421 2298 unctione
1466 2242 1680 2296 dicitur.
1713 2241 1862 2299 Solet

279 2316 422 2370 enim
458 2317 700 2386 (Spiritus
739 2315 1084 2386 sanctusiolei
1123 2315 1340 2386 nomine
1389 2313 1677 2386 appellari,
1706 2313 1860 2382 juxta

277 2387 422 2453 quod
455 2383 737 2441 Psalntista
766 2388 881 2439 ait:
931 2385 1088 2440 Urucit
1119 2394 1165 2442 te
1211 2385 1349 2439 Deus
1396 2383 1536 2438 Deus
1583 2395 1702 2437 tuus
1745 2386 1860 2439 oleo

278 2456 447 2522 (Psal.
483 2473 623 2522 xuv,
648 2457 736 2526 8),
768 2457 820 2511 id
847 2465 930 2512 est
959 2457 1158 2526 Spiritu
1187 2464 1394 2511 sancto.
1429 2458 1541 2511 lloc
1569 2454 1746 2510 oleum
1777 2457 1857 2509 ef-

279 2527 457 2582 fusum
483 2539 592 2594 est,
623 2527 838 2598 quando
867 2529 979 2582 hinc
1002 2531 1170 2597 gratia
1197 2541 1354 2598 quam
1383 2526 1628 2598 Christus
1656 2526 1856 2598 singu-

279 2599 460 2654 lariter
489 2596 705 2662 habuit,
735 2598 858 2653 data
903 2606 988 2654 est
1011 2596 1274 2653 omnibus
1314 2598 1520 2652 electis.
1550 2596 1703 2652 Unde
1733 2606 1787 2650 et
1830 2612 1861 2652 τι

281 2670 491 2726 Christo
506 2671 793 2726 Christiani
807 2670 1076 2735 dicuntur,
1095 2669 1374 2738 participio
1389 2669 1621 2723 nominis
1635 2666 1858 2723 Christi.

279 2740 348 2794 Et
376 2742 512 2797 bene
556 2757 661 2796 non
711 2742 969 2796 stillatum
990 2785 1005 2809 ,
1038 2741 1133 2795 sed
1163 2741 1384 2809 effusum
1427 2739 1596 2792 oleum
1625 2739 1819 2794 dicitur
1842 2781 1858 2806 ,

279 2812 404 2880 quia
433 2813 767 2868 abundanter
811 2812 927 2867 huic
954 2813 1123 2881 gratia
1167 2812 1415 2866 omnibus
1441 2811 1562 2866 data
1589 2819 1672 2864 est
1700 2811 1860 2866 ﬁdem

281 2882 479 2938 Christi
509 2883 887 2939 recolentibus.

348 2953 479 3009 Ideo
507 2955 900 3010 adolescentulo:
925 2954 1212 3009 dilexerunt
1243 2963 1308 3008 te.
1332 2953 1758 3009 Adolescentulae
1782 2952 1860 3008 di-

280 3037 474 3080 cuntur
503 3029 695 3082 animm
725 3029 1014 3080 electorum
1040 3068 1054 3091 ,
1098 3040 1216 3094 qua:
1248 3026 1302 3078 in
1332 3025 1592 3093 baptismo
1635 3024 1862 3094 relique-

278 3104 407 3149 runt
447 3098 632 3152 sordes
678 3097 876 3151 veteris
925 3097 1181 3161 hominis,
1224 3104 1279 3150 et
1323 3103 1592 3150 renovatae
1635 3105 1760 3149 sunt
1807 3097 1860 3150 in

275 3165 512 3222 Christo.
551 3170 690 3222 Bene
715 3177 896 3223 autem
926 3168 1178 3223 feminino
1209 3168 1710 3238 generedicuntnr:
1737 3167 1860 3236 quia

276 3239 472 3293 animm
500 3249 806 3294 sanctorum
832 3283 846 3306 ,
889 3255 995 3308 quo
1023 3236 1242 3308 majoris
1271 3237 1574 3307 fragilitatis
1603 3236 1703 3292 sibi
1734 3253 1864 3291 con-

276 3310 403 3380 scia:
433 3320 579 3372 sunt,
605 3325 671 3365 eo
698 3311 926 3380 amplius
954 3311 1223 3364 Christum
1251 3311 1497 3378 diligunt.

352 3379 505 3434 Vers.
540 3383 592 3435 ’5.
620 3379 887 3436 Trahentc
908 3391 1018 3450 post
1041 3391 1109 3447 te,
1136 3397 1416 3436 curremus.
1450 3381 1560 3435 Vox
1583 3379 1860 3434 Ecclesiae.

279 3451 377 3505 llic
417 3461 500 3505 est
539 3455 859 3522 permutatio
905 3466 1176 3521 personas;
1223 3468 1345 3506 nam
1392 3453 1654 3506 hactenus
1684 3452 1865 3505 locuta

278 3532 362 3574 est
382 3522 684 3592 Synagoga,
712 3523 798 3578 hic
825 3523 1016 3591 incipit
1045 3524 1188 3592 loqui
1219 3524 1460 3578 Ecclesia
1484 3525 1551 3576 de
1573 3523 1820 3592 gentibus
1847 3539 1862 3575 :

283 3592 452 3646 Trahe
492 3611 570 3648 me
595 3601 708 3664 post
749 3605 815 3660 te,
854 3611 1135 3648 curramus.
1167 3595 1300 3658 Quia
1337 3593 1550 3664 (inquit)
1576 3594 1864 3664 tueamin-

277 3661 908 3735 tirmitatem'.cognosco,
951 3675 1004 3718 et
1038 3665 1192 3718 video
1217 3679 1304 3719 me
1334 3661 1468 3718 nihil
1499 3661 1633 3718 meis
1658 3661 1864 3718 viribus

278 3734 407 3789 boni
439 3751 591 3804 posse
614 3734 791 3808 agere,
823 3745 910 3790 tua
937 3737 1105 3808 gratia
1128 3738 1273 3808 trahe
1298 3753 1377 3789 me
1400 3736 1466 3788 ad
1499 3735 1574 3808 tui
1595 3735 1862 3808 imigttio-

283 3819 406 3860 nem
425 3802 446 3871 ς-
469 3808 548 3862 vel
578 3802 736 3862 etiam
766 3821 886 3861 cum
921 3807 1080 3878 506
1107 3807 1303 3860 coelum
1333 3806 1662 3869 ascenderis,
1696 3802 1864 3858 Trahe

281 3893 362 3930 me
389 3887 503 3946 post
533 3889 612 3944 te,
643 3889 698 3932 ιιι
731 3890 780 3934 te
809 3884 957 3946 sequi
989 3891 1213 3932 merear.

353 3947 650 4004 Introduxit
699 3965 778 4002 me
816 3950 931 4004 Rea:
963 3950 1022 4002 «in
1065 3949 1274 4002 cellaria
1324 3953 1436 4003 sua.
1487 3947 1584 4002 Hic
1627 3947 1864 4014 loquitur

279 4018 517 4076 Ecclesia
560 4023 628 4076 de
668 4019 883 4076 Christo
920 4033 1117 4088 sponso
1154 4034 1253 4071 suo
1296 4020 1361 4073 ad
1403 4019 1606 4072 animas
1654 4017 1860 4073 ﬁdeles.

283 4093 501 4145 Cellaria
527 4092 623 4146 Dei
653 4101 778 4148 sunt
799 4100 996 4146 mterna
1024 4089 1315 4156 beatitudo,
1339 4100 1392 4144 et
1407 4103 1653 4157 superum
1676 4091 1862 4156 patria:

281 4164 496 4229 gaudia,
523 4165 577 4219 in
603 4179 721 4232 qum
748 4163 1037 4216 introducta
1076 4170 1151 4215 est
1175 4162 1284 4228 jam
1315 4160 1550 4215 Ecclesia
1579 4173 1674 4228 per
1702 4159 1862 4213 ﬁdem

281 4245 337 4288 ct
356 4249 527 4301 spem,
553 4244 605 4288 et
636 4234 952 4304 quandoque
977 4234 1328 4286 introducetur
1359 4246 1452 4299 per
1477 4246 1612 4304 rem.

351 4301 739 4360 Exsultabinius
768 4313 814 4359 et
845 4304 1130 4358 ltetabiinur
1163 4304 1217 4356 in
1256 4312 1322 4356 te.
1356 4304 1431 4356 De
1461 4301 1614 4356 donis
1643 4301 1861 4372 (inquit)

278 4377 383 4430 tuis
407 4379 772 4431 exsultabimus
815 4387 862 4429 et
889 4375 1197 4429 (tutabimur.
1230 4373 1331 4428 Sed
1365 4373 1485 4442 quia
1517 4373 1718 4426 scimus
1759 4373 1861 4427 hoc

279 4462 386 4500 non
415 4449 586 4502 nostri
617 4461 741 4505 esse
770 4447 978 4511 meriti,
1005 4448 1059 4498 iu
1089 4455 1154 4512 te,
1185 4461 1290 4498 non
1323 4448 1372 4498 in
1405 4442 1558 4496 nobis
1585 4442 1863 4496 exsultabi-

280 4534 415 4572 mns.
447 4518 560 4573 Hoc
585 4529 667 4575 est
697 4518 838 4588 quod
879 4519 1165 4588 Apostolus
1213 4517 1285 4570 ait
1317 4532 1330 4569 :
1369 4515 1468 4583 Qui
1506 4514 1776 4586 gloriatur,
1807 4514 1860 4567 in

275 4588 497 4663 Domino
516 4587 764 4663 glorietur
796 4591 846 4658 (I
872 4587 992 4643 Cor.
1026 4603 1066 4653 ι,
1093 4589 1208 4656 51).

345 4627 602 4716 Marsici;
633 4627 845 4717 iibzruin
885 4629 1088 4715 tuorum
1118 4627 1270 4730 su’per
1306 4657 1507 4730 vinum._
1527 4653 1583 4709 ld
1606 4665 1697 4730 est
1742 4655 1855 4711 Me-
1886 4627 1940 4690 D

276 4747 443 4802 mores
464 4735 648 4802 gratiae
671 4743 798 4801 tuae,
821 4739 875 4787 et
900 4727 1282 4786 misericordiae
1305 4742 1409 4802 qua
1433 4727 1620 4782 salvati
1647 4742 1850 4802 sumus.

279 4801 449 4859 Ubera
473 4800 633 4858 enim
677 4800 801 4858 sunt
829 4805 941 4870 ipsa
971 4804 1136 4874 gratia
1183 4815 1286 4871 qua
1324 4800 1614 4874 salvantur.
1637 4800 1854 4874 llecor-

272 4873 464 4928 dantes
512 4877 706 4938 etiam,
748 4869 889 4942 quod
921 4869 1372 4929 tu'austeri'tatem
1422 4869 1556 4939 legis
1601 4869 1854 4926 uberibus

272 4945 535 5000 doctrinm
577 4945 906 5012 evangelicae
935 4953 1236 5009 temperare
1265 4943 1509 5010 dignatus
1534 4956 1613 4996 es.

342 5015 490 5069 ﬂecti
519 5011 742 5086 diligunt
770 5014 944 5086 te.7_llli
975 5017 1214 5086 (inquit)
1235 5014 1326 5086 qui
1355 5012 1492 5086 recti
1519 5011 1698 5086 cordis
1728 5022 1855 5068 sunt

271 5087 499 5155 diligunt
529 5083 692 5148 te;'id
719 5097 822 5147 εει,
845 5084 918 5137 illi
949 5084 1039 5151 qui
1063 5084 1196 5138 nihil
1221 5083 1567 5155 suismeritis
1593 5084 1848 5149 tribuunt,

271 5152 578 5211 sed'omnia
608 5164 712 5209 tua:
739 5155 923 5224 gratia:
951 5157 1227 5221 deputant.
1259 5152 1448 5224 Nullus
1478 5155 1619 5206 enim
1654 5162 1705 5207 te
1743 5155 1857 5210 dili-

273 5226 476 5299 gitnisi
500 5235 701 5299 rectus,
725 5223 776 5279 et
802 5226 975 5278 nullus
1002 5231 1090 5299 est
1115 5233 1312 5299 rectus,
1342 5223 1634 5299 nisi__qui_te
1659 5224 1852 5295 diligit.

349 5298 505 5353 Vers.
535 5296 590 5354 4.
625 5295 797 5365 Nigra
837 5298 971 5356 sunt,
1002 5294 1090 5347 sed
1113 5296 1359 5364 formosa,
1394 5293 1515 5360 ﬁlia:
1546 5292 1864 5351 Jerusalem.

273 5370 371 5426 Hic
417 5383 604 5424 rursus
656 5367 888 5438 loquitur
937 5365 1179 5420 Ecclesia
1218 5365 1288 5438 de
1321 5369 1431 5418 suis
1471 5365 1739 5438 pressuris
1786 5369 1852 5422 ad

273 5451 489 5496 sanctas
527 5435 756 5494 animas.
787 5438 956 5508 Nigra
987 5435 1299 5508 sum,_quia
1327 5437 1737 5508 persecutiones
1758 5451 1853 5504 pa-

276 5514 412 5578 tior;
446 5514 534 5566 sed
567 5515 790 5581 formosa
816 5504 933 5564 sum
964 5504 1287 5581 virtutibus,
1321 5505 1506 5581 utilite
1533 5504 1850 5581 Jerusalem,

275 5583 329 5639 id
358 5576 442 5638 εει
478 5576 672 5638 anima:
727 5582 936 5636 ﬁdeles.
966 5579 1135 5648 Nigra
1181 5594 1323 5642 sum,
1364 5577 1416 5631 id
1441 5585 1558 5642 est,
1598 5576 1854 5648 deformis

275 5655 731 5724 persecutionihus
747 5647 1065 5724 etmromnis
1087 5663 1219 5724 quas
1241 5649 1506 5711 sustineo;
1527 5648 1614 5724 sed
1629 5647 1855 5724 [oriiiosa

277 5718 390 5779 sum
422 5725 618 5781 decore
657 5725 934 5779 virtutum.
962 5722 1243 5788 Quomodo
1283 5729 1460 5774 autem
1493 5719 1639 5787 nigra
1683 5718 1774 5783 sit,
1803 5730 1858 5774 et

277 5797 541 5865 quomodo
571 5797 793 5866 formosa
817 5796 1072 5866 ostendit,
1107 5807 1226 5866 cum
1257 5792 1437 5866 subdit
1446 5808 1470 5866 _:

1889 1855 1939 1916 B

1963 547 2058 598 dar
2078 585 2091 607 ,
2125 546 2357 601 formosa
2389 548 2526 600 sicut
2558 548 2720 613 pelles
2750 548 3068 602 Salomonis.
3099 547 3265 600 Cedar
3291 547 3432 601 ﬁlius
3462 549 3538 602 ls-

1961 615 2146 668 maelis
2197 615 2325 680 fuit,
2378 617 2470 684 qui
2520 618 2900 684 interpretatur
2951 618 3208 673 tenebrae.
3261 618 3539 672 lsmaelitm

1959 700 2090 740 vero
2125 701 2338 754 semper
2385 688 2438 742 in
2469 689 2825 744 tabernaculis
2856 689 3096 744 habitare
3125 688 3267 743 soliti
3299 697 3454 750 sunt,
3485 698 3543 742 et

1963 771 2068 830 non
2099 756 2294 830 habent
2318 756 2540 830 domos:
2560 758 2698 812 Dicit
2721 775 2849 830 ergo
2873 761 3111 814 Ecclesia
3129 774 3186 814 se
3212 760 3410 829 nigram
3433 775 3540 814 esse

1961 828 2116 900 sicut,
2137 829 2471 883 tabernacula
2500 827 2692 896 Cedar,
2723 827 2942 900 propter
2980 827 3378 900 persecutiones
3409 846 3542 900 quas

1962 899 2262 972 patiebatur
2299 899 2497 972 aililiis
2536 899 2918 972 tenebrarum,
2969 899 3108 972 quod
3161 899 3542 970 interpretatur

1961 969 2152 1025 Cedar.
2189 969 2322 1025 l-linc
2353 971 2630 1026 Psalmista
2659 973 2822 1028 dicit:
2856 969 3102 1027 Habitavi
3124 988 3232 1025 cum
3265 969 3544 1025 habitanti-

1961 1041 2051 1114 bus
2082 1039 2246 1094 Cedar
2289 1039 2474 1111 (Psal.
2502 1057 2646 1108 crux,
2677 1041 2774 1114 5),
2806 1044 2858 1098 id
2888 1053 3002 1108 est,
3039 1049 3384 1098 conversatus
3424 1057 3540 1096 sum

1961 1111 2102 1184 inter
2140 1123 2510 1181 persecutores
2555 1125 2610 1184 et
2640 1111 2949 1182 peccatores
2992 1114 3301 1182 inﬁdelitate
3339 1114 3539 1184 nigros.

1961 1180 2268 1255 Formosam
2298 1197 2426 1238 vero
2467 1183 2598 1240 dicit
2639 1180 2698 1240 se
2736 1186 2866 1240 sicut
2905 1180 3080 1255 pelles,
3114 1185 3166 1240 id
3192 1193 3274 1239 est
3301 1180 3540 1240 taberna-

1961 1255 2078 1326 cula
2098 1253 2424 1324 Salomonis,
2449 1258 2540 1325 qui
2565 1255 2817 1324 paciﬁcus
2847 1253 3262 1326 interpretatur:
3288 1256 3540 1326 quoniam

1961 1325 2290 1398 dignarerat
2343 1326 2643 1381 visitatione
2670 1337 2747 1398 et
2800 1325 3169 1382 consolatione
3220 1325 3407 1398 sponsi
3457 1327 3542 1398 sui

1961 1394 2155 1468 Christi
2183 1395 2322 1450 inter
2349 1399 2639 1466 angustias.
2669 1397 2736 1452 Et
2761 1399 2900 1453 sicut
2928 1394 3268 1452 tabernacula
3301 1411 3364 1452 ex
3396 1396 3543 1468 pelli-

1962 1465 2064 1538 bus
2108 1465 2440 1522 mortuorum
2481 1468 2789 1538 animalium
2831 1469 2984 1534 ﬁunt,
3037 1469 3110 1523 ita
3148 1465 3420 1538 Ecclesia,
3464 1476 3532 1521 ta.

1963 1537 2308 1592 bernaculum
2356 1539 2608 1593 videlicet
2653 1537 2785 1604 Dei,
2835 1555 2898 1594 ex
2945 1539 3026 1592 liis
3071 1537 3410 1594 construitur
3443 1539 3535 1608 qui

1961 1609 2166 1676 seipsos
2224 1625 2348 1664 cum
2401 1609 2547 1664 vitiis
2600 1615 2655 1664 et
2708 1607 3165 1680 concupiscentiis
3218 1607 3543 1666 mortiﬁcant

1967 1677 2163 1748 (Galat.
2192 1695 2248 1746 ν,
2277 1678 2394 1748 24).
3429 1711 3466 1748 ο

2018 1677 2163 1733 ialat.
2192 1695 2248 1746 ν,
2277 1678 2394 1746 Ξ4).

2037 1711 2163 1733 υιιιι-
2197 1711 2217 1732 V
2279 1711 2346 1734 8⁸1
2379 1719 2394 1735 ο

2035 1750 2188 1805 Vers.
2313 1711 2489 1806 N’olite
2511 1767 2590 1805 me
2612 1751 2935 1806 considerare
2955 1753 3092 1820 quod
3116 1751 3264 1821 fusca
3281 1752 3403 1819 sim,
3425 1711 3544 1822 cinia

1964 1821 2270 1875 decoloravit
2298 1838 2378 1875 me
2403 1823 2504 1878 sol.
2542 1823 2587 1877 0
2612 1824 2804 1878 animae
2842 1823 3028 1878 ﬁdeles
3071 1832 3126 1877 et
3172 1822 3381 1876 devota:
3413 1821 3546 1886 Deo,

1968 1890 2144 1966 Nolite
2166 1908 2246 1966 me
2265 1893 2587 1966 considerare
2607 1894 2747 1966 quod
2767 1894 2910 1966 fusca
2929 1895 3045 1959 sim,
3071 1892 3255 1966 idest,
3289 1891 3430 1966 quod
3454 1891 3546 1945 tri-

1971 1961 2333 2018 bulalionibus
2358 1963 2581 2029 afﬁciar,
2612 1961 2752 2034 quod
2767 1961 3231 2034 'persecutionibus
3251 1961 3546 2032 opprimar;

1963 2035 2082 2102 quia
2117 2035 2424 2088 decoloravit
2468 2049 2548 2088 me
2586 2035 2664 2088 sol
2683 2076 2698 2098 ,
2733 2036 2783 2088 id
2813 2043 2924 2100 est,
2956 2035 3340 2105 persecutionis
3371 2034 3546 2105 fervor

1964 2119 2140 2158 meum
2169 2105 2511 2174 splendorem
2541 2106 2934 2175 quodammodo
2959 2104 3259 2162 oﬁ‘uscavit.
3292 2106 3370 2160 Ac
3399 2107 3444 2158 si
3470 2104 3546 2158 di-

1965 2186 2147 2230 ceret:
2179 2177 2492 2232 lnteriorem
2522 2176 2969 2245 pulchritudinem
3001 2191 3171 2232 meam
3202 2178 3431 2246 cogitate
3452 2217 3466 2242 ,
3498 2185 3547 2231 et

1964 2247 2108 2300 illam
2139 2247 2429 2313 attendite,
2464 2261 2570 2301 non
2601 2247 2688 2302 illa
2715 2263 2834 2317 quae
2879 2249 3008 2304 loris
3039 2248 3144 2317 pati
3176 2248 3378 2301 videor.
3421 2246 3547 2302 Tale

1964 2318 2213 2388 estquod
2259 2326 2313 2372 et
2340 2317 2627 2388 Apostolus
2655 2319 2820 2374 dicit:
2853 2317 3028 2372 Nolite
3059 2318 3274 2386 deﬁcere
3308 2319 3361 2370 in
3387 2317 3546 2388 tribu-

1967 2387 2238 2460 lationibus
2279 2387 2418 2460 meis,
2443 2403 2534 2458 pro
2557 2388 2714 2455 vobis,
2751 2398 2971 2460 quaest
3011 2389 3178 2460 gloria
3206 2397 3388 2460 vgtra.
3426 2387 3546 2460 Non

1964 2459 2098 2511 enim
2120 2469 2236 2511 sunt
2268 2457 2536 2530 condigna:
2565 2457 2826 2527 passiones
2848 2457 3065 2528 (Ephes.
3097 2474 3174 2526 ιιι,
3209 2457 3322 2528 15),
3348 2468 3402 2512 et
3422 2458 3531 2511 reli-

1963 2545 2090 2599 qua.
2113 2530 2201 2583 Sol
2228 2539 2406 2584 autem
2426 2529 2483 2582 in
2506 2531 2796 2598 Scripturis
2818 2531 3009 2584 multos
3033 2530 3190 2584 habet
3211 2542 3421 2586 sensus.
3437 2529 3542 2582 Ali-

1965 2599 2177 2664 quando
2198 2599 2462 2670 signillcat
2485 2601 2659 2670 ipsum
2689 2600 2782 2655 Dei
2810 2610 2864 2655 et
2885 2600 3161 2654 hominum
3185 2599 3547 2666 Mediatorem;

1965 2671 2105 2726 unde
2125 2671 2382 2740 scriptum
2404 2679 2513 2726 est:
2545 2671 2700 2725 Vobis
2721 2673 3006 2726 timentibus
3026 2686 3207 2725 nomen
3229 2687 3397 2724 meum
3419 2672 3548 2724 oriev

1966 2752 2050 2814 tur
2071 2744 2147 2795 sol
2167 2743 2391 2814 justitite
2411 2741 2669 2814 (illalach.
2704 2758 2776 2809 tv,
2797 2742 2877 2812 2),
2908 2743 2959 2796 id
2981 2752 3060 2814 est
3083 2741 3350 2814 Chris_tns.
3374 2742 3547 2814 Signi-

1966 2813 2094 2867 ﬁcat
2121 2811 2182 2866 et
2215 2811 2524 2878 Ecclesium,
2557 2813 2694 2867 sicut
2721 2811 2974 2868 Dominus
2998 2813 3166 2867 dicit:
3213 2811 3358 2865 Tunc
3382 2811 3542 2882 fulge-

1966 2887 2087 2937 bunt
2103 2886 2226 2950 iusti
2240 2885 2366 2936 sicut
2387 2885 2465 2938 sol
2481 2884 2692 2954 (Matth.
2711 2899 2824 2948 χιιι,
2839 2885 2951 2954 45).
2967 2882 3264 2952 Aliquando
3283 2885 3547 2954 fervorem

1968 2955 2378 3023 persecutionis,
2418 2952 2556 3010 sicut
2598 2954 2684 3009 hic
2729 2956 2862 3010 etin
2893 2952 3202 3022 Evangelia,
3243 2954 3331 3008 ubi
3357 2952 3548 3008 dicitur

1967 3026 2034 3080 de
2073 3030 2278 3080 semine
2323 3027 2461 3096 quod
2493 3025 2686 3081 cecidit
2725 3040 2881 3096 supra
2912 3034 3118 3096 petram
3145 3067 3160 3088 ,
3193 3032 3247 3079 et
3287 3033 3404 3079 orto
3433 3025 3549 3080 sole

1967 3098 2316 3161 exaestuavit;
2365 3096 2503 3166 quod
2553 3100 2668 3166 ipse
2716 3097 2973 3151 Dominus
3017 3096 3190 3166 aperit
3235 3109 3548 3164 exponens:

1967 3167 2132 3221 Facta
2157 3177 2328 3221 autem
2355 3170 2704 3238 persecutione
2732 3179 2939 3238 propter
2961 3167 3164 3221 verbum
3191 3168 3544 3221 scandalizan-

1891 3233 1938 3298 C
1968 3247 2049 3292 tur
2084 3238 2298 3309 (Matth.
2326 3233 2444 3306 xiii,
2477 3239 2530 3307 6,
2563 3239 2678 3309 ‘21).

2045 3307 2172 3382 Filii
2204 3311 2383 3363 matris
2405 3326 2528 3363 mea?
2549 3307 2904 3382 pugnaverunt
2929 3319 3104 3364 contra
3129 3325 3229 3382 tne.
3261 3307 3414 3382 Unde
3439 3323 3548 3365 cm-

1971 3381 2112 3449 perit
2140 3381 2252 3435 haec
2293 3378 2591 3451 persecutio
2621 3378 2882 3445 ostendit,
2913 3396 3032 3435 eum
3060 3380 3268 3436 subdit:
3292 3378 3418 3433 Filii
3449 3397 3549 3434 mae

1971 3453 2060 3524 tris
2083 3468 2230 3524 (mete
2271 3462 2619 3524 pugnaverunt
2649 3459 2826 3505 contra
2855 3468 2951 3506 me.
2994 3451 3103 3507 Vox
3153 3459 3238 3507 est
3273 3451 3550 3524 primitiva:

1970 3523 2248 3594 Ecclesiae,
2272 3521 2434 3594 cujus
2452 3527 2728 3594 Synagoga
2760 3531 2929 3577 mater
2957 3531 3062 3588 est,
3085 3524 3178 3594 cui
3196 3537 3288 3594 per
3315 3521 3547 3594 promte-

1971 3602 2077 3648 tatu
2121 3593 2313 3649 dicitur
2343 3613 2365 3666 :7
2389 3593 2456 3646 Et
2482 3593 2943 3666 uocabrriscivitas
2972 3594 3138 3666 ﬁdelis
3163 3593 3316 3666 (Isai.
3349 3608 3384 3666 ι,
3429 3593 3550 3666 26),

1970 3674 2023 3717 et
2054 3675 2223 3717 mater
2270 3665 2541 3719 civitatum
2571 3665 2674 3719 ﬁlia
2703 3664 2852 3719 Sion.
2888 3664 3056 3734 Hujus
3085 3662 3181 3734 lilii
3211 3673 3333 3719 sunt
3358 3662 3548 3732 Judaei,

1968 3735 2056 3802 qui
2081 3745 2430 3805 pugnaverunt
2452 3746 2636 3788 contra
2665 3736 2955 3790 Eeelcsiam
2977 3736 3317 3805 primitivam,
3337 3735 3550 3804 quando

1969 3807 2344 3861 excitaverunt
2364 3809 2791 3875 persecutionem
2823 3817 3006 3860 contra
3037 3806 3342 3870 credentes,
3371 3818 3418 3859 et
3445 3821 3550 3858 om-

1965 3892 2062 3946 nes
2081 3877 2296 3945 dispersi
2319 3885 2439 3931 sunt
2469 3892 2557 3946 per
2581 3879 2810 3946 regiones
2830 3876 3084 3932 Samaria:
3107 3877 3244 3944 (Act.
3269 3890 3382 3942 vm,
3418 3875 3493 3944 1).

2036 3944 2330 4001 Posuerunt
2367 3964 2444 4000 me
2471 3944 2737 4002 custodem
2785 3949 3059 4002 iit-vineis.
3097 3947 3262 4001 Vinea
3301 3959 3405 3998 una
3451 3944 3551 4000 fuit

1964 4018 2233 4086 primitiva
2259 4017 2493 4072 Ecclesia
2514 4017 2887 4089 Jerosolymis;
2913 4019 3005 4072 sed
3033 4018 3101 4072 ob
3123 4016 3396 4089 .ludaicam
3423 4030 3547 4086 pcr-

1962 4091 2295 4144 secutionem
2321 4091 2576 4158 dispersis
2604 4087 2946 4144 credentibus
2969 4087 3241 4152 omnibus,
3272 4087 3453 4141 multae
3476 4088 3550 4141 vi-

1966 4175 2082 4214 nea:
2100 4161 2254 4214 factae
2272 4169 2414 4224 sunt,
2440 4159 2490 4212 id
2515 4169 2596 4214 est
2625 4161 2803 4214 multa:
2827 4160 3084 4214 Ecclesia:
3109 4168 3428 4214 conSIrucue
3454 4175 3548 4227 per

1965 4231 2277 4302 universum
2327 4231 2604 4302 mundum.
2634 4232 2769 4286 Dicit
2797 4246 2925 4302 ergo
2955 4231 3219 4300 primitiva
3267 4229 3506 4283 Ecclesia
3534 4247 3545 4282 :

1969 4301 2258 4355 Posuerunt
2286 4318 2364 4355 me
2384 4300 2610 4371 (scilicet
2630 4300 2938 4370 apostoli'et
2962 4302 3236 4372 doctores)
3258 4305 3541 4368 custodem,

1966 4372 2016 4426 id
2035 4382 2136 4437 est,
2164 4381 2219 4425 ut
2240 4387 2413 4427 essem
2436 4382 2615 4426 custos
2639 4375 3016 4428 Ecclesiarum.
3039 4374 3190 4430 Unde
3211 4381 3266 4427 ct
3290 4374 3340 4426 in
3360 4372 3548 4428 Grmco

1962 4443 2100 4498 bene
2130 4444 2347 4511 dicitur,
2381 4443 2700 4498 disseminati
2726 4454 2861 4510 sunt,
2897 4447 2981 4498 ubi
3033 4459 3131 4498 nos
3169 4445 3424 4511 legimus,
3464 4443 3550 4496 di-

1963 4517 2124 4580 spersi
2169 4527 2284 4568 sunt
2313 4515 2452 4585 (Act.
2481 4530 2592 4579 vni,
2624 4517 2708 4584 l);
2742 4517 2806 4570 ad
2853 4515 2956 4569 hoc
2991 4514 3134 4569 enim
3174 4516 3428 4585 divinitus
3465 4514 3550 4568 di-

1966 4587 2136 4711 spergi
2168 4584 2328 4653 sunt,
2348 4595 2405 4640 ut
2423 4585 2603 4656 plures
2626 4585 2882 4642 Ecclesiae
2903 4585 3094 4641 ﬁerent
3120 4600 3215 4655 per
3245 4584 3549 4638 universum

1966 4673 2088 4710 mun
2135 4672 2243 4711 um.

1966 4672 2243 4711 mundum.

2049 4727 2258 4782 Vineam
2279 4744 2442 4782 meam
2463 4744 2562 4782 non
2585 4727 2854 4794 custodiri,
2887 4727 2939 4782 id
2962 4736 3066 4795 est,
3091 4740 3250 4782 unam
3282 4725 3426 4782 illam
3451 4725 3550 4781 Ec-

1963 4798 2180 4854 clesiam
2209 4813 2330 4867 quae
2349 4799 2554 4853 .Ierosol
2597 4801 2695 4853 mis
2726 4799 2844 4867 luit,
2869 4815 2973 4854 non
2995 4799 3282 4853 custodiri.
3309 4798 3420 4852 lloc
3443 4812 3547 4852 non

1964 4869 2032 4924 ad
2063 4878 2267 4924 votum.
2301 4885 2474 4924 neaue
2503 4815 2590 4924 ady
2593 4879 2826 4924 mentem
2857 4879 2942 4924 est
2969 4870 3330 4924 referendum.
3355 4869 3448 4922 sed
3477 4868 3543 4922 ad

1964 4869 2032 4924 ad
2063 4878 2267 4934 votum,
2301 4885 2474 4938 neque
2503 4868 2572 4924 ad
2593 4879 2826 4926 mentem
2857 4879 2942 4925 est
2969 4870 3330 4933 referendum,
3355 4869 3448 4922 sed
3477 4868 3543 4922 ad

1965 4941 2162 4995 locum.
2195 4940 2316 4994 Non
2344 4941 2613 5006 custodiri,
2640 4941 2887 5010 subaudi,
2916 4951 2972 4996 ut
2993 4951 3132 4996 esset
3155 4941 3226 4995 ibi
3250 4940 3338 4995 ubi
3365 4940 3544 5008 cmpit.

2041 5013 2190 5066 Vcrs.
2222 5011 2495 5084 6.71ndica
2524 5013 2649 5066 nti/ti
2687 5029 2837 5083 quem
2873 5012 3038 5084 diligit
3058 5015 3254 5084 (animai
3279 5027 3418 5077 mea,
3462 5012 3545 5084 ubi

1961 5100 2178 5154 pascas,
2227 5083 2310 5137 ubi
2353 5085 2502 5154 cubes
2545 5085 2600 5137 in
2648 5081 2874 5138 meridie.
2911 5081 3022 5138 Vlix
3054 5083 3308 5138 Ecclesia:
3353 5081 3546 5154 esthad

1959 5151 2215 5224 Sponsum
2275 5169 2431 5208 suum
2459 5153 2750 5209 Christum.
2806 5156 2851 5208 0
2906 5168 3134 5224 Sponse,
3167 5168 3324 5223 quem
3377 5151 3548 5220 diligit

1959 5228 2136 5282 anima
2169 5239 2317 5289 mea,
2360 5225 2411 5278 id
2453 5234 2536 5280 est
2566 5241 2723 5294 quem
2759 5233 2869 5280 tota
2919 5229 3114 5280 mentis
3142 5225 3438 5280 intentione
3467 5225 3548 5278 di—

1959 5297 2092 5368 ligo,
2145 5297 2318 5368 indica
2363 5295 2488 5350 mihi
2536 5297 2622 5350 ubi
2668 5312 2896 5368 pascasL
2934 5297 2985 5350 id
3016 5305 3097 5352 est
3135 5297 3225 5350 ubi
3265 5310 3390 5351 oves
3430 5305 3547 5368 tuas

1958 5366 2181 5437 pascere
2211 5367 2402 5431 iacias;
2436 5370 2660 5437 ipsewest
2687 5369 2828 5422 enim
2859 5366 3047 5421 Pastor
3076 5369 3258 5431 bonus,
3282 5367 3548 5436 sicutipse

1958 5436 2085 5493 dicit
2112 5440 2165 5493 in
2194 5437 2485 5510 Evangelio
2519 5436 2698 5510 (Joan.
2731 5437 2932 5510 1,714).
2965 5437 3152 5510 Indica
3171 5439 3295 5492 mihi
3315 5438 3400 5491 ubi
3426 5453 3547 5506 pas-

1960 5527 2048 5563 cas
2076 5520 2123 5564 et
2151 5509 2236 5564 ubi
2265 5510 2434 5576 cubes,
2467 5509 2633 5564 idest
2659 5509 2983 5578 requiescas,
3015 5519 3070 5565 et
3097 5509 3199 5565 hoc
3227 5512 3278 5564 in
3306 5510 3541 5574 meridie,

1962 5583 2016 5635 id
2045 5583 2203 5635 estin
2238 5580 2448 5635 fervore
2484 5579 2875 5648 persecutionis
2902 5584 2982 5634 vel
3017 5581 3345 5635 tentationis.
3377 5579 3544 5634 Labo-

1961 5668 2086 5706 rans
2113 5651 2252 5707 enim
2278 5652 2512 5706 Ecclesia
2537 5654 2588 5706 in
2616 5653 3094 5721 persecutionibns,
3121 5654 3370 5707 obsecrat
3389 5665 3544 5717 spon-

1963 5740 2082 5777 sum
2112 5737 2266 5777 suum
2309 5734 2365 5776 ut
2393 5723 2443 5777 ei
2473 5722 2615 5777 dicat
2661 5724 2714 5778 in
2762 5738 2985 5792 quorum
3038 5726 3305 5778 mentibus
3335 5722 3544 5788 requie-

1871 5823 1910 5853 ιι
1961 5803 2095 5865 scat.
2125 5793 2255 5848 Nam
2288 5794 2484 5849 cubare
2513 5809 2713 5864 sponso
2755 5797 3093 5865 requiescere
3119 5804 3234 5859 est,
3257 5794 3400 5865 sicut
3430 5792 3544 5856 ipse

340 5866 490 5928 Sicut
522 5861 848 5924 tabernacula
878 5865 1065 5935 Cedar,
1089 5863 1218 5918 sicut
1249 5865 1407 5935 pelles
1435 5861 1748 5922 Salomonis.
1775 5861 1937 5938 Ita;

1961 5864 2091 5922 dicit
2121 5882 2132 5920 :
2166 5865 2334 5936 Super
2362 5881 2510 5935 quem
2529 5867 2794 5935 requiescit
2816 5864 3024 5935 spiritus
3047 5881 3186 5921 nteus
3215 5864 3367 5935 (lsai.
3395 5875 3539 5932 LXVI,

4071 287 4073 426 ξ
