4078 6342
293 286 427 361 ioci

1228 292 1588 349 EXPOSITIO
1629 291 1691 346 ibi
1735 291 2020 349 (ἶλῗςτξϐλ
2067 288 2541 349 CiNTlCORUM.

3432 292 3571 352 1062

290 427 369 474 est
387 417 511 472 mihi
532 418 706 473 bolrus
724 409 1143 487 CypriLquando
1170 425 1255 487 me
1286 408 1481 487 gaudio
1512 406 1869 487 resurrectio-
1909 406 1959 470 Λ
1988 408 2147 487 tptius
2172 407 2357 487 mundi
2402 407 2675 487 dilfundo._
2699 404 2809 479 Ego
2835 390 2941 478 flos.
2973 392 3175 487 campi,
3224 408 3277 465 id
3328 418 3415 487 est
3450 426 3571 468 sum

290 490 372 545 nis
397 503 511 545 suae
540 478 846 543 lmtilieavit.
886 478 1073 538 Vinum
1106 482 1247 536 enim
1281 481 1505 547 laetiﬁcat
1535 495 1622 531 cor
1655 478 1881 532 hominis

290 560 466 633 (Psal.
496 576 615 622 CIII,
647 559 761 627 iii);
784 568 837 612 et
888 557 989 633 hoc
1020 556 1074 609 in
1108 554 1265 633 vineis
1302 551 1542 633 lingua.“
1570 566 1586 603 :
1616 551 1740 633 quia
1783 565 1879 606 sua

284 623 730 696 resurrectione,
774 628 923 697 quasi
971 626 1289 704 suavissimo
1323 624 1546 704 balsami
1575 623 1742 704 odore
1783 638 1877 691 per

290 705 602 759 universum
654 695 917 773 mundum
961 698 1258 773 redoievit,
1296 706 1350 773 et
1392 695 1734 773 ﬂagrantiam
1769 709 1881 749 suae

292 774 415 829 ﬁdei
445 774 553 829 late
574 771 844 848 dispersit.
873 770 1113 848 Erigadili
1126 777 1300 848 autem
1323 765 1592 848 iiinsltmdi
1616 766 1885 848 interpre-

291 854 455 913 tatur,
505 859 601 914 per
625 838 766 914 quod
789 842 1127 914 significatur
1148 839 1446 914 baptisma2
1472 846 1532 914 et
1556 838 1879 893 sacrilicium

292 932 346 973 In
388 908 520 987 quo'
549 908 1003 990 “omnia
1048 912 1354 990 abluuntur.
1409 908 1604 990 liuidus
1648 922 1882 990 nataque

295 980 611 1061 peceatores
648 986 941 1061 signiﬁcat.
967 984 1268 1061 Daptismus
1293 995 1424 1047 ergo
1455 980 1572 1061 fons
1601 990 1679 1061 est
1708 980 1879 1046 hzndi;

292 1052 415 1133 Qui:
448 1052 760 1133 peccatores
801 1055 1060 1133 suscipit,
1092 1052 1591 1133 sed_i_uimaculatos
1627 1060 1682 1105 et
1727 1066 1882 1106 mun-

293 1124 461 1204 datos
475 1130 543 1185 ab
572 1130 820 1204 omnibus
852 1127 1081 1204 peccatis
1111 1124 1305 1179 reddit.
1358 1193 1369 1204 θ

370 1199 526 1257 Vers.
559 1202 648 1255 id.
682 1200 810 1254 Ecce
833 1207 890 1252 tu
913 1196 1127 1265 pulchra
1153 1212 1234 1257 es,
1264 1196 1431 1247 amica
1457 1208 1569 1246 mea
1622 1210 1635 1246 :
1671 1208 1785 1245 ecce
1827 1203 1881 1246 tu

290 1271 514 1340 pulchra
569 1289 641 1327 ea.
674 1272 786 1326 Vox
839 1269 1022 1338 sponsi
1072 1266 1268 1321 Christi
1317 1265 1400 1340 ad_
1426 1279 1676 1340 sponsam
1727 1278 1879 1318 suam

299 1335 617 1398 Ecclesium.
655 1343 744 1397 Bis
787 1335 905 1417 eam
932 1340 1128 1408 repetit
1164 1352 1284 1417 esse
1317 1335 1591 1416 pulchram
1614 1376 1628 1402 ,
1655 1344 1881 1417 propter

302 1414 684 1482 perfectionem
724 1411 902 1482 Operis
930 1406 1329 1465 efmunditiaui
1359 1408 1716 1482 cogitationis.
1746 1406 1880 1461 Ecce

300 1477 356 1538 iu
387 1486 606 1553 pulchra
630 1501 713 1547 es,
757 1477 810 1538 id
838 1491 917 1537 est
948 1483 1000 1535 in
1050 1482 1203 1553 bouis
1227 1478 1479 1553 operibus
1516 1477 1746 1553 perfecta
1773 1492 1880 1553 _es,

300 1548 509 1629 sancte,
532 1565 593 1629 et
613 1557 725 1629 pie,
744 1564 800 1610 et
824 1552 1219 1629 juste‘vi‘vendo
1242 1549 1537 1629 secundum
1561 1548 1880 1629 Apostolum

301 1626 430 1698 (Tit.
462 1620 519 1694 η,
542 1620 651 1697 12).
676 1626 810 1680 Ecce
827 1620 884 1679 tu
901 1623 1118 1698 pulchra
1142 1621 1496 1698 es,_mundam
1512 1630 1564 1674 et
1584 1620 1881 1688 simplicem

300 1694 485 1751 cordis
507 1694 712 1754 habens
740 1695 1088 1751 intentionem
1112 1711 1122 1746 :
1146 1694 1269 1761 quia
1292 1707 1396 1745 nou
1423 1702 1641 1759 propter
1669 1703 1882 1745 terrena

1986 478 2149 534 decus
2182 480 2382 555 mundi.
2414 479 2562 535 Sicut
2590 478 2755 555 enim
2775 494 2997 555 campus
3019 480 3249 555 tioribus
3279 483 3571 555 adornatur

1984 562 2038 605 et
2076 562 2283 619 vernat,
2317 552 2389 605 ita
2412 558 2553 606 totus
2576 550 2805 606 mundus
2834 550 3031 609 ChriSti
3053 550 3158 606 'lide
3179 565 3231 607 et
3261 554 3447 608 notitia
3472 556 3571 611 de-

1986 632 2227 677 coratur.
2286 622 2411 677 Sum
2468 624 2630 677 etiam
2682 622 2848 676 lilium
2886 625 3249 694 convallium:
3295 628 3415 694 quia
3469 626 3574 681 illis

1987 694 2256 749 mentibus
2279 694 2548 763 praecipue
2569 707 2740 765 meam
2762 692 2983 765 gratiam
3008 695 3204 761 tribuo,
3228 692 3343 765 qua:
3366 696 3568 753 nullam

1986 765 2042 819 in
2068 779 2128 818 se
2152 780 2302 835 spem
2337 767 2627 833 habentes,
2663 764 2791 819 mihi
2815 777 2873 819 se
2908 764 3093 821 humili
3124 766 3411 824 dev0tione
3440 770 3572 825 sub-

1984 837 2221 891 mittunt.
2256 836 2521 891 Convalles
2566 839 2709 891 enim
2740 836 3046 905 significant
3089 838 3320 895 humiles
3352 839 3436 894 vel
3467 844 3569 895 liu-

1982 907 2191 981 miiium
2248 918 2455 981 mentes
2477 950 2501 981 ,ί
2532 924 2773 981 _quarum
2813 908 3253 981 liliuinChristus
3282 919 3403 976 est,
3449 914 3572 981 quia

1982 978 2327 1053 pulchritudo
2360 979 2635 1053 humilium
2671 980 2928 1053 mentium
2978 980 3093 1051 ipse
3140 993 3222 1037 est
3254 984 3343 1053 qui
3387 978 3525 1041 dixit
3558 1002 3569 1037 :

1983 1049 2179 1124 Discite
2222 1067 2355 1124 ante
2380 1052 2502 1121 quia
2530 1053 2662 1124 mitis
2683 1068 2799 1124 sunt
2825 1060 2870 1124 et
2910 1049 3122 1124 humi/is
3156 1049 3309 1107 corde
3357 1053 3571 1124 (Matth.

1987 1136 2064 1194 xi,
2090 1119 2211 1194 29).
2246 1119 2428 1177 PoteSt
2456 1132 2510 1177 et
2534 1121 2637 1177 hoc
2662 1122 2801 1190 quod
2824 1122 2973 1188 dicit,
2996 1123 3105 1194 Ego
3130 1141 3243 1178 sum
3267 1119 3569 1194 ﬂos'campi,

1984 1192 2048 1245 ad
2084 1193 2508 1268 incarnationem
2542 1193 2750 1268 referri.
2783 1194 3014 1263 Campus
3044 1192 3330 1268 enimnon
3362 1192 3570 1268 aratur,

1984 1278 2089 1317 non
2146 1265 2440 1332 scinditur,
2489 1280 2594 1319 non
2625 1265 2735 1320 ullo
2766 1280 2983 1322 vomere
3031 1266 3390 1334 prosulcatur.
3436 1265 3575 1322 Dicit

1983 1348 2133 1402 ergo,
2159 1334 2271 1405 Ego
2296 1352 2406 1390 sum
2436 1338 2532 1405 ﬂos
2556 1337 2745 1403 campi,
2773 1336 2826 1391 id
2859 1347 2942 1391 est
2964 1335 3107 1391 ﬁlius
3142 1338 3371 1405 Virginis
3416 1354 3428 1389 :
3463 1354 3571 1393 non

1983 1418 2111 1473 ergo
2137 1409 2297 1479 ruris,
2321 1406 2415 1462 sed
2438 1409 2606 1477 campi
2638 1411 2819 1477 ﬂorent
2845 1422 2903 1463 se
2931 1416 3091 1461 vocat
3124 1426 3136 1460 :
3161 1410 3285 1475 quia
3310 1408 3570 1479 virgineas

1985 1479 2164 1553 carnis
2186 1476 2392 1553 fructus
2419 1489 2499 1533 est
2519 1476 2818 1553 secundum
2834 1479 3155 1553 _vaticinium
3182 1476 3333 1553 isaize
3365 1498 3379 1535 :
3406 1476 3572 1553 Egre-

1985 1547 2151 1602 dietur
2174 1551 2313 1619 virga
2341 1551 2403 1603 de
2424 1549 2770 1621 radiceJessc
2801 1547 2956 1621 (Isai.
2983 1567 3054 1615 χι,
3109 1551 3185 1617 1).
3221 1552 3412 1606 Lilium
3444 1547 3571 1606 eon-

1983 1620 2201 1674 vallium
2251 1631 2335 1677 est
2384 1620 2524 1676 idem
2569 1620 2845 1682 Christus,
2885 1621 2985 1676 hoc
3014 1630 3096 1676 est
3125 1621 3265 1675 illius
3290 1623 3568 1683 humilium

1987 1702 2267 1758 parentum
2307 1711 2319 1745 :
2351 1692 2622 1747 convalles
2654 1694 2794 1747 enim
2827 1692 3057 1746 humiles
3095 1701 3446 1763 etpauperes
3478 1710 3574 1763 pa-

300 1768 605 1837 comrnoda,
632 1769 718 1823 vel
749 1766 931 1822 mundi
954 1766 1200 1833 gloriam,
1224 1765 1317 1819 sed
1346 1770 1404 1816 ut
1423 1764 1552 1817 solis
1583 1761 1751 1817 oculis
1780 1761 1872 1816 Dei
1914 1794 1961 1853 B
1987 1772 2169 1853 rentes
2208 1764 2323 1832 ejus
2349 1765 2670 1853 signiﬁcant.
2700 1764 2932 1853 'Venienns
2979 1762 3123 1853 enim
3159 1762 3252 1853 Dei
3295 1761 3492 1853 Fillius'
3513 1765 3567 1853 in

302 1838 989 1915 plaeeasr,bqnaqope_raris.
1051 1904 1083 1915 ﬂ
1126 1906 1138 1915 ‘
1243 1905 1253 1915 _
1370 1904 1379 1914 .
1480 1903 1512 1915 ν
1554 1904 1564 1915 ,
1631 1904 1642 1914 ,
1839 1901 1850 1913 ,

370 1903 532 1965 Oculi
554 1912 629 1965 tui
649 1903 1021 1965 columbarum.
1044 1904 1318 1980 Columba
1338 1903 1882 1980 simplicissimaavis

301 1988 406 2044 est,
437 1990 490 2037 et
521 1997 617 2051 per
637 1983 774 2036 hanc
793 1980 1286 2051 simplicitasatque
1312 1975 1883 2051 innocentialﬁcclcsite

300 2047 582 2119 ﬁguratur.
605 2054 765 2119 Quasi
794 2047 937 2107 enim
967 2051 1141 2104 oculos
1167 2050 1516 2103 columbarum
1549 2047 1728 2109 habet,
1760 2047 1883 2114 quia

301 2122 371 2198 ab
401 2125 545 2198 omni
578 2124 791 2180 lictione
820 2132 873 2198 et
911 2120 1254 2198 simulatione
1279 2134 1348 2198 se_
1370 2121 1660 2198 immunem
1703 2126 1883 2198 custo—

302 2192 404 2270 dit.
436 2193 530 2270 vel
553 2196 722 2270 etiam
753 2195 925 2270 oculos
955 2193 1307 2246 columbarum
1336 2190 1516 2270 habet,
1547 2191 1669 2270 quia
1694 2190 1881 2270 scio-n-

306 2263 1174 2340 tianrdivinarumScripturarum
1190 2271 1340 2316 casto
1359 2271 1413 2315 et
1435 2262 1661 2340 simplici
1691 2262 1884 2340 intuitu

292 2333 590 2411 intelligit,
632 2337 943 2411 spirituales
973 2335 1281 2411 etqdivinos
1305 2347 1495 2411 sensus
1526 2336 1575 2384 in
1611 2346 1673 2411 ea
1710 2333 1885 2411 requi-

292 2419 451 2460 irens.
479 2405 611 2461 Nam
639 2403 888 2474 quoniam
912 2406 1143 2475 Spiritus
1169 2414 1386 2459 sanctus
1406 2403 1460 2457 in
1484 2403 1660 2471 specie
1680 2408 1886 2475 colum-

306 2476 387 2550 ba:
416 2473 668 2546 apparuit
688 2478 903 2550 (Matt/1.
938 2473 1025 2543 tit,
1058 2478 1171 2545 i6),
1209 2484 1355 2530 recte
1382 2475 1621 2531 doctrina
1648 2473 1883 2529 caelestis

307 2546 361 2602 in
385 2550 556 2602 oculis
585 2546 846 2605 columba:
875 2550 1207 2618 intelligitur.

383 2619 532 2674 Vers.
560 2620 644 2675 15.
678 2618 811 2675 Ecce
826 2632 881 2674 tu
908 2615 1117 2690 pulclier
1130 2636 1199 2682 es,
1217 2618 1399 2690 dilecte
1430 2618 1497 2670 mi
1518 2656 1552 2690 ,Α
1572 2622 1618 2669 et
1643 2615 1879 2671 decorus.

306 2689 389 2744 Ae
405 2691 452 2763 si
476 2691 681 2747 diceret
712 2712 726 2747 :
756 2693 834 2747 Tu
867 2688 1089 2763 quidem
1117 2704 1203 2745 me
1235 2688 1511 2763 pulchram
1543 2688 1595 2742 in
1638 2701 1801 2763 opere
1830 2696 1885 2741 et

307 2760 631 2840 cogitatione
669 2778 792 2819 esse
811 2759 977 2840 dicis;
1002 2762 1102 2840 sed
1121 2776 1220 2830 ego
1247 2775 1458 2813 onmem
1488 2761 1623 2814 hanc
1638 2759 1884 2840 pulchri-

307 2829 546 2887 tudinem
576 2849 606 2888 a
639 2846 689 2890 te
720 2852 806 2890 me
832 2836 998 2890 credo
1022 2834 1219 2888 habere
1245 2841 1297 2886 et
1319 2846 1604 2900 cognosco.
1638 2829 1715 2883 Tu
1740 2830 1883 2885 enim

308 2918 359 2956 es
394 2904 603 2973 pulcher
629 2916 676 2961 et
704 2907 937 2973 decorus,
966 2917 1020 2961 tu
1048 2920 1105 2960 es
1136 2905 1251 2958 fons
1279 2902 1612 2973 tutiushoni,
1646 2912 1699 2973 et
1725 2904 1882 2970 quid-

307 2972 433 3041 quid
466 2975 590 3033 boni
622 2978 790 3032 habeo
813 3019 828 3043 ,
868 2972 955 3032 tua
1001 2976 1171 3047 gratia
1211 2975 1402 3047 habeo.
1438 2972 1687 3047 Pulcher,
1703 2984 1881 3028 autem

307 3054 356 3097 et
370 3047 595 3119 decorus
624 3050 815 3104 dicitur
841 3066 855 3103 :
888 3045 1091 3119 quiaet
1122 3045 1419 3119 divinitatis
1452 3046 1802 3119 perpetuitate
1828 3052 1883 3099 et

308 3118 469 3190 etiam
494 3132 756 3190 suscepta
787 3116 1131 3177 humanitatis
1170 3118 1426 3190 dignitate
1466 3116 1727 3190 mirabilis
1779 3124 1878 3171 est.

378 3188 619 3245 Lectulus
652 3188 844 3246 'noster

305 3261 688 3333 qualiscunque
746 3264 1100 3333 tranquillitas
1132 3301 1147 3328 ,
1198 3262 1279 3315 vel
1314 3261 1536 3333 requies
1604 3261 1883 3333 praesentis

311 3330 456 3404 vitm.
506 3330 637 3387 Nam
693 3336 845 3404 quasi
882 3330 952 3389 in
997 3336 1135 3389 bello
1182 3343 1264 3387 est
1310 3332 1584 3396 Ecclesia,
1616 3332 1741 3404 dum
1789 3346 1884 3397 pro

306 3400 524 3458 Christo
550 3400 759 3460 diversa
782 3409 965 3460 tulerat
989 3407 1279 3461 certamina
1310 3417 1327 3457 :
1359 3403 1513 3473 quasi
1537 3420 1665 3457 vero
1690 3403 1743 3457 in
1776 3404 1883 3457 lec-

309 3476 422 3546 tulo
446 3476 760 3544 requiescit,
791 3492 914 3533 cum
943 3477 1262 3546 aliquantula
1299 3489 1428 3542 pace
1474 3474 1577 3527 sibi
1628 3489 1882 3529 concessa

304 3540 644 3599 iruiturfSed
663 3548 750 3602 hic
774 3546 988 3601 lectulus
1008 3540 1225 3616 floridus
1246 3540 1343 3610 est,
1374 3546 1473 3599 hoc
1495 3556 1599 3613 est,
1625 3562 1721 3599 νέην
1743 3554 1884 3601 etate

307 3616 564 3669 virtutum
592 3617 745 3683 quasi
778 3621 1119 3671 vernantibus
1146 3618 1367 3669 ﬂoribus
1394 3618 1644 3669 distincta
1671 3630 1750 3670 est
1793 3635 1882 3673 re-

305 3684 462 3754 quies
486 3685 758 3741 Ecclesiae.
799 3687 949 3741 Tunc
988 3690 1130 3741 enim
1178 3688 1396 3739 liberius
1443 3690 1885 3754 contemplationi

306 3757 503 3811 divina:
534 3756 759 3821 insistit;
796 3767 922 3812 tunc
970 3758 1196 3827 jejunia,
1230 3756 1435 3825 vigilias
1467 3766 1519 3811 et
1561 3770 1756 3813 Caetera
1788 3761 1884 3816 bo-

308 3842 501 3882 norum
526 3842 751 3896 operum
777 3830 1030 3883 exercitia
1063 3830 1282 3883 liberius
1310 3829 1639 3898 exsequitur.

379 3897 533 3954 Vers.
566 3900 652 3955 16.
684 3900 850 3970 Tigna
878 3902 1145 3953 domorum
1186 3897 1477 3953 nostrarum
1517 3901 1722 3955 cedrina
1743 3943 1759 3967 ,
1806 3905 1886 3958 la-

306 3972 718 4044 queariauostra
738 3973 1056 4044 cypressum.
1084 3972 1277 4024 Damus
1315 3970 1575 4044 Ecclesiae
1605 3982 1729 4027 sunt
1748 3988 1883 4044 con-

307 4042 573 4098 venticula
602 4040 837 4098 fidelium
869 4040 1155 4114 peftotum
1186 4044 1370 4095 urbem
1409 4042 1671 4115 dispersa.
1721 4043 1885 4115 Tigna

310 4128 438 4167 vero
484 4123 539 4169 et
588 4113 1023 4183 laquearia'suut
1062 4116 1191 4183 ipsa:
1221 4127 1466 4181 persona:
1500 4113 1732 4169 fidelium
1759 4113 1885 4180 {ex

306 4184 502 4254 quibus
540 4186 780 4241 Ecclesia
804 4195 1035 4243 constat.
1067 4187 1172 4241 Sed
1203 4185 1583 4240 attendendum
1611 4194 1754 4255 quod
1796 4188 1885 4243 Ti-

306 4272 410 4327 gna
436 4257 501 4311 ad
533 4259 920 4314 munimentum
950 4269 1075 4313 sunt
1101 4256 1314 4320 domus,
1344 4258 1604 4328 laquearia
1630 4260 1695 4312 ad
1725 4274 1885 4317 orna-

307 4337 441 4384 tum.
470 4328 727 4402 _ldeoque
752 4345 862 4402 per
881 4331 1026 4402 tigna
1064 4329 1410 4399 designantur
1438 4330 1725 4402 doctores,
1753 4347 1886 4402 quo-

304 4412 422 4471 rum
452 4398 694 4455 doctrina
742 4398 960 4461 fulcitur
996 4410 1052 4455 et
1095 4398 1425 4455 sustentatur
1472 4401 1742 4467 Ecclesia;
1770 4398 1885 4471 'per

306 4468 576 4539 laquearia
601 4486 727 4527 vero
754 4474 923 4528 sancti
950 4472 1291 4541 simplicitate
1314 4472 1630 4542 gaudentes,
1655 4476 1744 4539 qui
1769 4468 1881 4530 suis

902 3172 1141 3261 innuit.
1178 3172 1438 3243 ἰξὲειυιυε
1495 3188 1748 3243 Ecclesia:
1805 3172 1961 3243 estC

1986 1833 2245 1906 mundum
2270 1875 2286 1899 ,
2335 1850 2439 1889 non
2483 1835 2654 1890 solum
2699 1834 2862 1890 homo
2891 1834 3006 1889 ﬁeri
3039 1835 3285 1906 dignatus
3309 1843 3430 1901 est,
3478 1838 3572 1893 sed

1986 1903 2149 1958 etiam
2176 1921 2375 1974 pauper
2404 1906 2564 1961 homo
2596 1922 2691 1975 pro
2718 1907 2901 1971 nobis;
2934 1921 3037 1963 nec
3065 1903 3286 1971 divites,
3319 1905 3413 1961 sed
3443 1921 3571 1975 pauo

1988 1989 2143 2042 peres
2173 1976 2333 2045 elegit
2382 1977 2581 2032 habere
2631 1989 2908 2047 parentes;
2979 1987 3035 2037 ut
3085 1976 3349 2047 particeps
3401 1976 3571 2035 laetus

1986 2051 2315 2120 paupertatis
2363 2061 2601 2116 nostrae,
2657 2049 2962 2105 divitiarum
3015 2057 3072 2106 et
3096 2050 3282 2120 gloriae
3321 2064 3431 2106 sua:
3472 2063 3571 2105 nos

1990 2118 2277 2188 participes
2309 2120 2525 2174 laceret.

2065 2188 2231 2263 Vers.
2259 2192 2313 2244 2.
2350 2192 2509 2263 δέεαι
2550 2190 2715 2245 lilium
2752 2192 2883 2247 inter
2914 2191 3124 2263 apinas,
3168 2191 3240 2245 sic
3271 2195 3436 2246 amica
3463 2208 3575 2246 mea

1984 2258 2120 2312 inter
2155 2261 2313 2327 ﬁlias.
2347 2261 2540 2317 Videns
2572 2277 2822 2331 sponsam
2854 2258 3005 2318 suam
3037 2261 3104 2316 ad
3142 2264 3381 2331 requiem
3422 2264 3570 2319 festi-

1982 2344 2137 2405 nare,
2164 2342 2215 2385 et
2240 2332 2451 2387 labores
2478 2342 2711 2405 internas
2739 2334 2939 2403 iugere,
2963 2350 3027 2393 ac
3048 2336 3399 2405 periquietem
3432 2350 3571 2405 prte-

1978 2403 2155 2456 sentis
2206 2405 2463 2477 temporis
2491 2404 2558 2458 ad
2600 2414 2858 2459 aeternam
2900 2404 3284 2477 beatitudinem
3315 2403 3565 2477 tendere,

1974 2482 2169 2531 .monet
2224 2490 2340 2531 eam
2386 2475 2474 2529 tali
2520 2477 2923 2543 comparatione
2960 2486 3013 2531 et
3054 2475 3469 2545 prmdicatione,
3516 2475 3573 2534 ut

1987 2547 2131 2598 norit
2154 2559 2214 2599 se
2254 2561 2348 2615 per
2378 2560 2655 2614 pressurus
2678 2559 2729 2601 et
2758 2547 2970 2603 latiores
3009 2548 3167 2617 hujus
3211 2547 3397 2603 stnculi
3445 2548 3572 2609 illuc

1990 2618 2271 2688 pervenire
2298 2618 2514 2672 debere.
2559 2617 2738 2683 Sicut,
2768 2620 2957 2688 inquit,
2985 2619 3153 2673 lilium
3197 2619 3331 2672 inter
3359 2620 3534 2688 spinas
3554 2661 3569 2686 ,

1987 2686 2061 2760 sic
2112 2688 2276 2741 amica
2324 2704 2435 2741 mea
2474 2691 2786 2757 inter/illas.
2840 2686 3021 2758 Spinaz
3057 2705 3179 2760 qua:
3222 2686 3460 2759 pungunt
3515 2700 3572 2747 et

1991 2755 2262 2829 lacerant,
2294 2760 2596 2828 signiﬁeant
2626 2755 2905 2828 perversos
2935 2755 3176 2829 quosque
3206 2755 3287 2816 vel
3320 2755 3459 2816 intra
3484 2763 3572 2819 vel

1988 2838 2137 2882 extra
2164 2828 2478 2886 Ecclesium.
2504 2832 2567 2886 Et
2592 2841 2673 2888 est
2693 2847 2883 2888 sensus
2909 2850 2922 2885 :
2948 2828 3039 2887 Sic
3062 2828 3151 2887 tibi
3179 2833 3462 2887 vivendum
3490 2844 3573 2888 est

1988 2898 2053 2953 ad
2084 2908 2291 2969 tempus
2316 2902 2366 2955 io
2400 2904 2617 2969 mundo,
2651 2912 2704 2957 et
2732 2906 2811 2958 sic
2835 2914 3016 2970 parata
3042 2917 3161 2959 esse
3186 2902 3351 2960 debes
3382 2915 3572 2960 contra

1987 2972 2167 3043 omnia
2197 2974 2439 3041 adversa,
2466 2975 2595 3028 sicut
2626 2975 2791 3028 lilium
2821 2976 2954 3030 inter
2976 2978 3149 3043 spinas
3179 2988 3271 3041 est,
3301 2983 3355 3029 et
3393 2984 3572 3032 tamen

1986 3039 2203 3115 florere,
2227 3054 2282 3099 et
2309 3039 2519 3115 gratum
2541 3046 2763 3101 odorem
2785 3062 2934 3102 exse
2955 3039 3201 3105 emittere
3226 3039 3329 3101 nun
3355 3054 3530 3102 cessat
3555 3064 3569 3102 :

1988 3114 2061 3166 sic
2086 3116 2250 3189 amica
2274 3132 2385 3189 mea
2415 3118 2548 3175 inter
2573 3117 2741 3187 ﬁlias;
2764 3118 2907 3189 quia
2938 3134 3045 3174 non
3073 3120 3245 3173 solum
3274 3117 3342 3173 ab
3371 3118 3453 3172 his
3481 3120 3573 3187 qui

1991 3195 2139 3258 extra
2164 3187 2457 3245 Ecclesiam
2498 3199 2642 3255 sunt,
2667 3187 3027 3258 mala—pateris
3058 3206 3071 3245 :
3105 3204 3290 3243 verum
3313 3189 3472 3244 etiam
3504 3190 3572 3245 ab

1988 3255 2093 3312 illis
2125 3259 2216 3326 qui
2247 3261 2547 3328 regenerati
2579 3276 2671 3329 per
2700 3255 3023 3330 baptismum
3054 3262 3108 3316 in
3135 3259 3447 3314 liliationem
3477 3260 3573 3315 Dei

1989 3330 2198 3401 venisse
2240 3332 2505 3387 videntur.
2537 3333 2606 3387 Et
2635 3341 2757 3386 nota
2787 3332 2929 3401 quod
2956 3350 3017 3389 se
3058 3333 3305 3401 superius
3336 3345 3570 3401 sponsus

1987 3398 2151 3473 lilium
2184 3403 2482 3473 appellavit
2525 3398 2834 3458 convallium
2875 3418 2895 3459 :
2937 3419 3078 3460 nunc
3123 3398 3383 3473 sponsam
3417 3416 3568 3465 suam

1986 3468 2138 3545 dicit,
2167 3468 2323 3536 Quasi
2354 3474 2519 3529 lilium
2544 3479 2677 3529 inter
2701 3476 2908 3545 spinas;
2938 3476 3059 3545 quia
3091 3468 3203 3543 ipse
3226 3476 3315 3544 qui
3342 3489 3465 3529 vere
3486 3484 3571 3529 est

1986 3542 2171 3615 lilium,
2206 3559 2296 3609 per
2321 3545 2544 3613 gratiam
2577 3547 2699 3601 facit
2728 3542 3019 3603 Ecclesiam
3052 3542 3202 3602 suam
3226 3542 3346 3599 esse
3379 3545 3568 3615 lilium,

1986 3614 2324 3687 canilidatam
2353 3617 2599 3674 videlicet
2620 3618 2925 3687 virtutibus,
2952 3620 3034 3673 vel
3055 3619 3124 3685 ab
3144 3618 3294 3673 omni
3317 3614 3570 3681 vitiorum

1985 3683 2106 3738 labe
2140 3686 2448 3741 immunem.

2063 3754 2213 3809 Vers.
2243 3758 2470 3832 5._Sicnt
2491 3758 2670 3832 malus
2688 3760 2825 3832 inter
2861 3762 3005 3832 ligna
3032 3761 3278 3815 silvarum
3300 3805 3315 3829 ,
3348 3762 3420 3815 sic
3448 3761 3571 3817 dile-

1985 3834 2098 3901 ctus
2127 3843 2267 3901 meus
2304 3828 2439 3901 inter
2466 3831 2619 3896 ﬁlios.
2659 3831 2806 3886 Nunc
2836 3828 3030 3901 Sponsa
3076 3832 3287 3885 laudata
3304 3828 3338 3885 'a
3369 3848 3569 3901 sponso

1986 3897 2156 3971 vicem
2186 3899 2233 3971 ei
2260 3899 2433 3952 reddit
2462 3908 2516 3954 et
2550 3902 2678 3953 dicit
2704 3897 2880 3971 qualis
2907 3917 3122 3971 quoque
3160 3902 3273 3966 ipse
3304 3897 3569 3957 sitISicut

1986 3968 2175 4044 malus,
2204 3969 2396 4044 inquit,
2427 3980 2479 4023 et
2510 3968 2735 4041 reliqua;
2769 3968 3112 4028 Sicut—malus
3140 3972 3302 4044 509
3334 3975 3571 4041 pulchri-

1989 4039 2227 4094 tudinem
2254 4040 2428 4112 habet
2469 4039 2783 4109 pomorum,
2830 4053 2885 4099 et
2914 4054 3119 4112 gratum
3152 4039 3383 4098 buli-ein
3432 4046 3571 4101 inter

1985 4112 2218 4178 agreStia
2253 4111 2389 4180 ligni
2414 4113 2666 4166 silvarqu
2700 4130 2716 4166 :
2748 4115 2819 4169 ita
2849 4124 2901 4169 ct
2923 4111 3186 4169 Mediator
3216 4114 3308 4168 Dei
3338 4126 3384 4169 et
3411 4119 3571 4171 homi-

1986 4196 2104 4233 num
2136 4181 2285 4256 homo
2302 4182 2538 4256 Christus
2563 4182 2713 4239 Jesus
2736 4185 2784 4256 (ι
2813 4185 2948 4241 Tim.
2972 4201 3040 4251 li,
3066 4185 3122 4255 5)
3158 4186 3377 4255 speciali
3408 4189 3573 4243 rel'ul-

1983 4260 2079 4327 get
2100 4253 2269 4327 gratia
2299 4253 2437 4308 inter
2463 4254 2598 4311 filios
2617 4298 2630 4321 ,
2670 4256 2723 4311 id
2745 4253 2828 4313 est
2858 4258 2995 4313 inter
3023 4253 3243 4314 elecws.
3274 4256 3392 4327 ipse
3422 4261 3569 4315 enim

1986 4323 2084 4377 Dei
2115 4324 2279 4379 Filius
2305 4339 2399 4393 per
2425 4334 2668 4382 naturam
2686 4337 2785 4395 est,
2811 4330 3000 4399 reliqui
3026 4329 3180 4385 electi
3199 4323 3569 4398 per’gratiam,

1987 4403 2249 4471 potestate
2280 4406 2502 4471 accepta
2534 4399 2601 4471 ab
2632 4400 2790 4455 unico
2820 4401 2955 4457 Filio
2976 4401 3094 4471 Dei,
3120 4409 3173 4455 ut
3200 4403 3308 4457 sint
3330 4402 3421 4457 filii
3453 4403 3567 4459 Dei.

1986 4466 2121 4544 liinc
2149 4468 2385 4544 Joannes
2414 4484 2427 4521 :
2464 4468 2695 4544 Vidimus
2722 4472 2937 4541 gloriam
2987 4466 3133 4544 ejus,
3175 4473 3393 4544 gloriam
3419 4475 3568 4543 quasi

302 4536 590 4624 virtutibus
618 4552 886 4625 exornant
914 4536 1209 4625 Ecclesium
1235 4584 1251 4612 ,
1285 4536 1388 4625 non
1422 4536 1880 4625 _autein'doctrina

1991 4536 2772 4625 Unigenitiaﬂuat-(Iouini,
2804 4544 2917 4615 li);
2958 4536 3064 4601 non
3102 4536 3567 4614 qualemcunque,
3630 4588 3637 4595 .

304 4615 572 4688 muniunt.
617 4614 686 4668 Et
712 4616 812 4671 hoe
841 4615 1223 4671 attendendum
1248 4615 1388 4684 quod
1421 4616 1688 4688 laquearia
1721 4620 1883 4688 tignis

303 4686 465 4738 affixa
488 4694 619 4739 sunt
647 4688 763 4740 :sie
791 4697 847 4743 et
874 4692 980 4742 vita
1012 4687 1244 4743 fidelium
1274 4688 1325 4742 iu
1360 4687 1594 4741 Ecclesia
1634 4702 1665 4742 e
1691 4686 1883 4745 docto-

303 4756 453 4827 ribus
480 4756 703 4825 pendet,
727 4760 852 4827 quia
877 4759 1094 4813 illorum
1125 4759 1365 4814 doctrina
1415 4759 1696 4814 instruitur
1723 4770 1777 4816 et
1798 4777 1886 4816 ro-

302 4825 542 4901 boratur.
600 4825 759 4901 Bene'
785 4838 965 4883 autem
1010 4829 1176 4900 Tigna
1223 4831 1465 4895 cedrina,
1517 4840 1572 4885 et
1623 4831 1885 4901 laquearia

302 4899 599 4973 cypressina
637 4896 915 4963 dicuntur;
958 4896 1354 4973 nam-utrmque
1381 4902 1603 4958 arbores
1631 4896 1882 4973 iuiputri-

302 4969 428 5042 bilis
451 4979 654 5042 naturai
678 4977 824 5042 sunt,
850 4978 1063 5025 sanctos
1089 4969 1430 5040 designantes
1449 4977 1538 5042 qui
1572 4969 1886 5032 immarces-

301 5039 447 5093 eibili
488 5038 757 5113 desiderio
796 5040 1022 5113 llagraut
1056 5038 1253 5113 amore
1306 5045 1388 5097 sui
1429 5038 1736 5099 Conditoris
1760 5089 1774 5113 ,
1827 5057 1885 5103 et

301 5110 622 5176 contemptis
654 5110 977 5165 Iransitoriis
1005 5111 1071 5166 ad
1106 5120 1307 5167 :eterna
1357 5114 1632 5171 festinant.
1680 5110 1885 5175 Cedrus

302 5179 462 5251 etiam
485 5188 761 5249 serpentes
786 5182 955 5239 odore
978 5196 1073 5236 suo
1104 5182 1250 5251 fugat
1284 5202 1295 5236 :
1326 5186 1406 5239 sic
1428 5188 1596 5241 sancti
1632 5189 1883 5248 uectores

303 5250 582 5378 dannones
610 5253 692 5307 vel
741 5251 1021 5308 haereticos
1046 5250 1336 5323 fragrantia
1367 5257 1627 5314 doctrinae
1650 5274 1760 5317 suae
1797 5278 1887 5319 re-

304 5337 371 5378 ne
416 5331 529 5378 unt.

304 5324 529 5394 pellunt.

926 5438 1149 5497 CAPUT
1189 5440 1253 5497 ll.

376 5530 530 5589 Vers.
563 5535 615 5589 Ι.
638 5531 750 5604 Ego
780 5533 875 5602 ﬂos
896 5534 1083 5603 campi,
1111 5542 1160 5587 et
1184 5534 1346 5587 lilium
1369 5536 1694 5590 convallium.
1722 5539 1880 5594 Post-

303 5620 462 5679 quam
494 5620 687 5675 sponsa
733 5605 944 5679 qualem
978 5605 1195 5659 domum
1227 5607 1338 5673 ipsa
1383 5616 1438 5660 et
1491 5623 1720 5675 sponsus
1766 5615 1881 5679 ejus

306 5678 536 5733 habeant
561 5678 829 5743 ostendit,
860 5678 983 5749 ipse
1002 5693 1213 5747 quoque
1243 5693 1473 5745 sponsus
1499 5680 1565 5733 de
1594 5695 1651 5733 sc
1708 5678 1882 5749 qualis

302 5750 655 5821 sitostendit,
685 5744 906 5821 dicens:
943 5744 1053 5820 ego
1080 5744 1175 5820 [los
1198 5744 1394 5820 campi,
1427 5761 1481 5806 et
1532 5744 1765 5821 reliqua;
1798 5744 1892 5809 vii

304 5819 500 5879 delicat
552 5822 677 5892 quia
732 5820 951 5878 odorem
994 5819 1370 5896 'meae_virtutis
1402 5838 1497 5896 per
1540 5819 1875 5885 latitudinem

1987 4611 2081 4665 sed
2112 4615 2257 4679 quasi
2282 4609 2544 4682 Unigem'ti
2564 4630 2596 4666 a
2618 4609 2795 4669 Patre.

2060 4682 2170 4757 sub
2218 4686 2394 4736 umbra
2442 4685 2601 4757 illius,
2649 4703 2803 4756 quam
2842 4685 3218 4751 desiderabam,
3268 4687 3419 4741 sedi:
3449 4687 3571 4757 quia

1988 4752 2042 4807 in
2085 4754 2201 4820 ejus
2240 4755 2573 4821 proiectione
2612 4752 2849 4825 confido,
2891 4766 2947 4813 et
2985 4760 3053 4812 ab
3083 4772 3149 4812 eo
3177 4758 3317 4812 inter
3346 4752 3571 4814 adversa

1948 4878 1951 4879 ν
1986 4826 2275 4897 gubernari
2316 4840 2495 4893 spero.
2543 4826 2738 4883 Umbra
2774 4829 2917 4884 enim
2947 4828 3149 4884 Christi
3191 4831 3449 4897 protectio
3478 4840 3573 4895 est

1992 4895 2309 4966 Divinitatis,
2343 4912 2446 4966 qua
2477 4898 2680 4953 electos
2711 4910 2887 4957 tuetur
2911 4909 2969 4955 et
2997 4895 3260 4957 defendit.

2064 4965 2129 5019 Et
2158 4965 2486 5041 fructusejus
2512 4970 2676 5024 dulcia
2698 4974 2888 5041 gutturi
2910 4988 3049 5037 meo,
3079 4972 3129 5026 id
3160 4984 3241 5026 est
3270 4970 3573 5028 Divinitatis

1994 5039 2403 5107 contemplatio,
2432 5055 2534 5110 qua
2563 5057 2649 5096 me
2683 5039 2868 5098 satiari
2898 5042 3142 5108 confido;
3175 5043 3291 5098 haec
3318 5045 3461 5099 enim
3489 5054 3575 5105 est

1994 5122 2309 5185 sanctorum
2342 5113 2708 5185 exspectatio,
2750 5118 2856 5169 hoc
2906 5114 3183 5185 prazmium
3228 5124 3285 5171 et
3330 5116 3570 5182 satietas,

1995 5183 2131 5255 visio
2158 5184 2447 5255 conditoris
2478 5188 2580 5238 sui.
2610 5185 2886 5241 Desiderat
2908 5183 3039 5255 ergo
3064 5187 3306 5241 umbram
3331 5187 3574 5243 condito-

1997 5253 2072 5328 ris
2110 5254 2191 5307 sui
2226 5253 2465 5328 Ecclesia
2496 5256 2672 5328 :_quia
2724 5253 3104 5328 protectiojiem
3170 5259 3313 5312 illius
3356 5268 3571 5328 exaptat

1997 5325 2135 5379 inter
2172 5325 2449 5393 praesentis
2495 5325 2619 5380 vita:
2663 5330 2905 5385 adversa.
2956 5326 3182 5383 Fructus
3228 5330 3368 5384 illius
3410 5325 3576 5385 auleis

1995 5397 2188 5471 gutturi
2214 5411 2323 5449 mea
2351 5406 2455 5471 est,
2490 5399 2611 5465 quia
2637 5410 2891 5471 exspecto
2914 5401 3113 5468 perfrui
3143 5402 3325 5471 specie
3355 5402 3578 5457 visionis

1994 5467 2156 5530 illius,
2188 5474 2242 5521 et
2269 5469 2450 5523 satiari
2479 5467 2761 5526 dulcedine
2784 5467 3057 5527 charitatis
3088 5467 3248 5527 illius.

2062 5539 2217 5593 Vers.
2262 5536 2316 5590 4.
2371 5537 2667 5594 Introduxit
2719 5559 2796 5596 me
2840 5560 2929 5596 rei:
2978 5547 3030 5597 in
3077 5546 3260 5599 cellam
3300 5544 3574 5609 vinariam,

1988 5610 2239 5682 ordinavit
2268 5612 2319 5663 in
2351 5626 2428 5664 me
2454 5612 2770 5667 cliaritatein.
2800 5615 2944 5669 Cella
2969 5617 3171 5671 vinaria
3199 5624 3284 5670 est
3309 5606 3575 5682 Ecclesia,

1990 5681 2042 5735 in
2073 5697 2178 5755 qua
2203 5692 2283 5735 est
2314 5683 2493 5736 viuum
2520 5686 2843 5755 evangeliea:
2881 5687 3156 5744 d0ctrinae.
3188 5687 3244 5741 In
3278 5689 3416 5749 hanc
3444 5681 3575 5751 ergo

1987 5754 2170 5827 cellam
2191 5754 2359 5806 amica
2388 5756 2569 5821 Spousi
2600 5754 2963 5821 introducitur,
2990 5762 3203 5827 quando
3232 5776 3291 5811 ex
3322 5757 3572 5811 omnibus

1993 5824 2238 5897 gentibus
2277 5827 2328 5880 in
2363 5842 2521 5882 unam
2552 5828 2843 5887 Ecclesium
2875 5824 3061 5889 ﬁdeles
3101 5833 3421 5888 adunantur.
3475 5830 3572 5885 Ur-
