4078 6342
259 315 403 399 ὀδε

1245 338 1604 400 exeosmo
1640 341 1708 399 IN
1745 338 2034 399 cannea
2072 319 2537 400 eamcontrer

3394 343 3535 403 106ἰό

263 454 451 509 fertur.
493 451 587 509 Ille
616 453 757 508 enim
786 453 891 526 qui
918 469 1015 524 per
1058 456 1318 513 fenestras
1342 459 1425 514 vel
1450 458 1713 513 cancellos
1760 457 1842 511 in-
1872 456 1925 517 Δ
1953 471 2072 526 quae
2102 458 2260 512 ﬂores
2284 459 2536 512 virtutum
2566 460 2616 509 et
2648 453 2864 508 odorem
2891 451 3047 511 bonae
3075 451 3399 524 operationis
3432 460 3536 516 late

264 536 461 591 tuetur,
490 535 685 599 cuncta
718 542 849 599 qu:e_
873 525 999 580 foris
1031 538 1257 599 aguntur
1286 531 1449 594 videt,
1474 538 1528 583 et
1551 531 1667 599 ipse
1695 543 1724 582 a
1753 543 1848 583 ne-

262 599 408 669 mine
452 597 689 669 videtur;
730 599 799 651 ita
829 597 988 669 Deus,
1034 597 1152 653 cum
1188 605 1364 655 omnia
1397 597 1594 668 videat,
1628 603 1740 669 ipse
1768 602 1848 653 in-

260 668 589 742 vestigariet
611 668 993 742 cgmprehendi
1023 686 1128 725 non
1154 681 1347 742 potest.

335 738 715 813 Vers.10._En
740 740 956 794 dilectus
998 758 1137 797 meus
1157 738 1392 813 loquitur
1431 742 1577 810 mihi,
1618 742 1685 797 ad
1714 756 1850 813 pra:-

260 808 546 883 tlicandum
598 810 843 883 hortatur
896 827 1013 881 me,
1067 808 1251 870 dicens
1301 833 1313 868 ε
1364 808 1572 883 Surge,
1605 808 1847 883 propera,

262 881 441 955 amica
456 897 589 949 mea,
622 882 862 955 columba
898 899 1032 952 mea,
1074 886 1302 955 formosa
1330 881 1543 951 meafet
1574 881 1708 939 veni.
1737 884 1849 937 Vox

262 953 445 1020 sponsi
498 955 564 1005 ad
612 953 836 1020 publicae
885 953 1209 1023 operationis
1264 956 1438 1011 studia
1488 954 1846 1022 provocantis.

264 1024 451 1096 Surge,
480 1039 719 1094 propera,
744 1025 911 1078 amica
932 1042 1060 1093 mea,
1088 1042 1185 1096 per
1210 1027 1366 1082 ﬁdem
1396 1037 1449 1081 et
1473 1026 1847 1088 dilectionem;

263 1093 496 1147 columba
526 1110 659 1175 mea,
693 1110 788 1163 per
817 1093 1171 1175 innocentiam
1186 1108 1253 1175 _et
1279 1097 1706 1175 simplicitatem;
1742 1100 1852 1175 Ῑοθζ·

264 1179 424 1229 mosa,
458 1180 550 1235 per
595 1168 851 1219 virtutum
901 1168 1347 1235 pulchritudinem
1396 1168 1583 1223 festina
1614 1176 1665 1221 et
1708 1168 1849 1220 veni.

264 1235 342 1307 Ac
381 1237 425 1288 si
472 1234 719 1290 diceret:
755 1234 923 1307 Surge
953 1238 1019 1291 de
1048 1249 1213 1293 strato
1255 1250 1346 1295 tuo
1380 1241 1471 1293 illo
1515 1239 1851 1299 dulcissimo,

266 1304 369 1379 hoc
390 1315 474 1359 est
496 1307 562 1361 de
587 1306 786 1379 quiete,
806 1304 993 1379 Vin—qua
1018 1312 1117 1364 Sttli
1142 1311 1268 1365 mihi
1296 1312 1505 1379 placere
1532 1309 1586 1363 in
1611 1309 1851 1379 psalmis,

266 1376 480 1446 hymnis
510 1386 564 1430 et
592 1378 921 1431 orationibus
961 1380 1266 1447 desideras,
1298 1376 1491 1436 lestina
1532 1389 1586 1433 et
1616 1376 1755 1442 veni,
1802 1378 1855 1432 id

267 1457 369 1510 est,
403 1447 596 1519 festina
619 1449 684 1501 ad
714 1448 995 1503 utilitatem
1039 1454 1436 1519 proximorum;
1488 1460 1542 1505 ut
1572 1450 1692 1504 illos
1717 1465 1853 1515 quo-

268 1532 373 1592 que
404 1518 800 1592 praedicationis
819 1518 1110 1592 Δοηῖιιίοίιξι
1140 1524 1397 1578 bonorum
1426 1536 1646 1592 Operutn
1675 1535 1858 1576 exem-

269 1590 358 1656 plo
386 1589 471 1660 tui
491 1590 785 1645 imitatores
809 1590 998 1655 iacias,
1028 1602 1078 1647 ct
1108 1596 1174 1646 ad
1204 1595 1428 1648 salutem
1457 1589 1630 1648 tecum
1660 1593 1859 1660 perdu-

270 1673 381 1712 cas.
434 1658 503 1712 Et
546 1662 836 1714 notandum
883 1664 1025 1729 quod
1075 1667 1323 1729 superius
1374 1665 1513 1717 ﬁlias
1559 1658 1857 1718 Jerusalem

271 1729 584 1804 adjurabat,
620 1747 708 1804 ‘ne
760 1733 1059 1804 excitarent
1103 1750 1276 1804 neque
1323 1737 1576 1803 evigilare
1625 1735 1860 1787 facerent

272 1801 517 1873 dilectam
563 1817 577 1854 :
619 1801 707 1858 hic
750 1817 880 1855 vero
927 1803 1041 1871 ipse
1093 1801 1209 1861 eam
1266 1801 1487 1860 suscitat
1531 1813 1587 1861 et
1637 1820 1857 1873 surgere

273 1871 339 1924 ad
388 1872 623 1928 laborem
671 1877 953 1939 hortatur;
990 1876 1111 1944 quia
1160 1877 1335 1931 omnia
1390 1887 1598 1944 tempus
1641 1871 1855 1942 hab—ent,

274 1951 325 1996 et
370 1945 608 1997 omnium
659 1960 837 1999 rerum
892 1954 1099 2015 tempus
1151 1955 1233 2001 est
1280 1951 1378 2001 Sub
1422 1949 1589 2013 coelo,
1644 1956 1856 2014 tempus

274 2015 761 2083 contemplationis,
803 2025 1014 2084 tempus
1056 2017 1218 2071 etiam
1260 2020 1507 2073 actionis.
1547 2018 1667 2073 Alio
1718 2018 1859 2071 enim

274 2092 514 2157 tempore
543 2086 739 2140 debent
764 2090 934 2140 sancti
965 2090 1345 2157 praedicatores
1374 2090 1569 2144 divinae
1614 2098 1859 2143 contem-

276 2154 501 2230 plationi
548 2157 813 2221 insistere,
860 2166 915 2211 et
957 2154 1190 2215 mentem
1240 2174 1388 2213 suam
1431 2161 1634 2215 caelesti
1683 2161 1863 2230 quiete

276 2226 554 2281 oblectare
584 2246 595 2279 :
626 2230 731 2280 alio
763 2243 891 2283 vero
930 2239 1172 2299 tempore
1206 2245 1301 2297 per
1328 2232 1637 2285 charitatem
1668 2226 1864 2284 debent

278 2310 462 2349 curam
506 2299 866 2365 proximorum
909 2316 1093 2367 agere,
1126 2310 1178 2356 et
1216 2303 1295 2357 eis
1340 2302 1598 2355 bonorum
1638 2315 1861 2369 operum

277 2369 519 2444 exempla
552 2371 808 2444 praebere,
841 2386 904 2426 ac
929 2372 1126 2427 divina:
1165 2372 1634 2444 contemplationis
1665 2372 1865 2426 doctri-

280 2452 404 2508 nam
438 2439 773 2508 impendere.

354 2507 498 2563 Vers.
520 2507 628 2566 ⁷11.
683 2510 804 2565 Jam
840 2514 975 2567 enim
1017 2515 1175 2569 ltiems
1203 2518 1426 2581 transiit,
1464 2516 1622 2571 imber
1648 2514 1792 2579 abiit,
1823 2522 1867 2568 et

280 2582 504 2657 recessit.
523 2582 723 2637 iliemis
743 2593 794 2639 et
815 2584 1003 2640 imbris
1024 2591 1238 2642 nomine
1256 2589 1517 2657 asperitas
1539 2587 1867 2642 inﬁdelitatis

281 2652 640 2727 exprimitur,‘
660 2669 792 2727 quas,
824 2665 994 2710 totum
1041 2660 1294 2713 mundum
1319 2652 1557 2713 'tencbat
1605 2673 1769 2727 usque
1801 2658 1870 2711 ad

281 2723 565 2778 adventum
601 2723 832 2799 Christi:
867 2728 1004 2781 Dicit
1028 2744 1156 2797 ergo
1184 2743 1409 2796 sponsus
1444 2747 1454 2781 :
1492 2723 1870 2799 Surge,'amica

282 2810 415 2862 mea,
461 2803 509 2848 et
549 2797 842 2870 veni,‘quia
884 2799 1041 2870 hiems
1085 2801 1284 2853 transiit
1314 2800 1437 2856 Sole
1461 2797 1679 2870 justitite
1709 2814 1871 2866 appa—

283 2876 467 2927 rente;
518 2876 571 2919 et
614 2867 770 2919 imber
817 2868 1140 2924 inﬁdelitatis
1196 2867 1550 2935 recessitgac
1605 2871 1869 2925 serenitas

284 2951 423 3009 vera:
451 2937 571 3009 lidei
603 2937 887 3009 inumundo
917 2941 1263 3007 reSplenduit.
1300 2942 1427 2995 Tale
1456 2950 1538 2995 est
1565 2943 1704 3009 quod
1735 2941 1868 3009 Apo.

285 3008 452 3062 stolus
482 3008 556 3061 ait
587 3025 601 3062 :
638 3006 763 3062 Non:
792 3006 1066 3081 prtecessit,
1100 3012 1209 3066 dies
1239 3020 1405 3066 autem
1448 3006 1872 3083 appropinquavit

287 3075 462 3145 (Rom.
491 3094 605 3143 xtu,
634 3079 748 3145 12).

361 3095 462 3131 om.
491 3094 605 3143 xttt,
634 3080 748 3143 12).

362 3149 512 3203 Vers.
545 3150 634 3203 12.
654 3222 657 3223 ν
678 3148 864 3205 Flores
895 3164 1246 3223 apparuerunt
1275 3156 1328 3209 in
1361 3164 1494 3209 terra
1526 3164 1721 3221 nostra,
1757 3162 1873 3206 tem-

1891 1842 1938 1901 Β

1952 529 2017 582 de
2048 544 2103 581 so
2131 538 2464 598 spargerent.
2901 590 2905 594 ἢ

2025 600 2211 671 Surge,
2256 615 2506 669 propera,
2536 598 2700 651 amica
2735 613 2867 663 mea,
2894 598 3123 665 speciosa
3153 615 3283 667 mea,
3324 610 3368 653 et
3404 603 3536 657 aeni.

1951 668 2070 741 Noli
2104 668 2345 741 (inquit),
2377 684 2573 739 sponsa
2604 683 2760 741 mea,
2797 683 2956 738 quam
2999 672 3126 723 mihi
3175 686 3267 740 per
3295 671 3453 726 ﬁdem
3485 682 3541 727 et

1953 738 2310 796 dilectionem
2342 738 2567 795 amicam
2594 738 2715 805 feci,
2758 741 2931 794 otioso
2957 738 3185 808 torpore
3212 742 3537 809 lentescere;

1954 810 2047 866 sed
2080 828 2231 882 surge
2256 820 2303 867 et
2326 813 2457 880 veni,
2488 821 2543 867 et
2566 811 2810 881 exempla
2842 810 3092 865 virtutum
3124 811 3252 868 foris
3282 815 3540 882 proximis

1955 884 2203 940 ostende.

2044 952 2199 1009 Vers.
2256 953 2366 1029 ML
2400 952 2645 1029 Columba
2696 969 2807 1008 mea
2858 954 2913 1029 in
2948 954 3306 1029 foraminibus
3360 967 3539 1029 pelrte.

1954 1022 2011 1077 Si
2035 1034 2182 1092 petra
2206 1034 2289 1080 est
2310 1024 2573 1091 Christus,
2595 1025 2746 1093 juxta
2768 1025 2909 1094 quod
2932 1027 3215 1091 Apostolus
3246 1028 3316 1081 ait
3341 1022 3543 1084 {Petra

1954 1105 2122 1148 autem
2160 1105 2269 1168 erat
2308 1096 2541 1150 Christus
2579 1095 2632 1162 (Ι
2672 1095 2790 1168 Cor.
2844 1113 2895 1157 χ,
2938 1096 3028 1162 4);
3079 1098 3333 1152 foramina
3382 1113 3543 1168 petrae

1956 1175 2079 1240 sunt
2105 1167 2322 1240 vulnera
2349 1183 2466 1240 qua:
2491 1167 2778 1240 prosalute
2802 1169 3063 1240 nostrain
3096 1182 3252 1223 cruce
3283 1167 3540 1240 suscepit,

1958 1234 2146 1307 ﬁxum
2222 1234 2502 1291 videlicct'
2550 1239 2821 1292 clavorum
2888 1246 2941 1290 et
2985 1238 3182 1291 lancem
3230 1234 3544 1307 percussura

1958 1304 2137 1377 (_Joan.
2169 1307 2304 1373 XIX).
2352 1308 2405 1361 In
2438 1308 2519 1362 his
2548 1324 2675 1377 ergo
2705 1308 3056 1362 foraminibus
3086 1304 3353 1376 columba,
3384 1313 3431 1364 id
3464 1324 3544 1366 est

1958 1374 2197 1431 Ecclesia
2244 1388 2481 1431 moratur
2515 1397 2528 1431 :
2563 1374 2685 1447 quia
2730 1388 2891 1431 totam
2929 1394 3076 1444 spem
3114 1382 3298 1435 salutis
3340 1374 3451 1436 Suae
3494 1387 3543 1436 in

1958 1447 2211 1514 passione
2250 1448 2332 1503 sui
2364 1448 2738 1510 Redemptoris
2775 1449 3071 1503 constituit.
3121 1451 3195 1505 lbi
3234 1454 3298 1505 ab
3340 1454 3545 1508 insidiis

1958 1518 2312 1590 malignorum
2342 1522 2622 1590 spirituum
2651 1519 2800 1590 quasi
2828 1533 2858 1572 a
2881 1531 3036 1590 raptu
3062 1521 3331 1590 accipitris
3356 1538 3546 1579 secura

1960 1587 2257 1663 delitescit;
2311 1590 2382 1645 ibi
2411 1589 2666 1657 nidiﬁcat,
2696 1589 2733 1642 il
2761 1598 2842 1643 est
2870 1588 3007 1643 fetus
3032 1587 3294 1647 bonoium
3325 1609 3546 1663 operum

1962 1660 2177 1728 congeri
2188 1673 2196 1709 ι
2209 1700 2223 1713 .

2035 1727 2102 1783 In
2131 1747 2351 1784 caverna
2377 1732 2629 1785 maceriaz.
2685 1730 2931 1786 Macerio:
2970 1747 3040 1787 ex
3084 1732 3242 1788 siccis
3287 1734 3549 1799 lapidibus

1964 1799 2399 1873 admunimeuta
2431 1803 2706 1856 vinearum
2748 1804 2923 1858 solent
2950 1804 3088 1869 ﬁeri,
3121 1805 3184 1856 ad
3214 1806 3550 1873 repellendas

1966 1870 2152 1941 vulpes
2181 1875 2264 1927 vel
2296 1884 2520 1927 caeteras
2552 1875 2769 1928 nocivas
2802 1874 3074 1929 bestiolas.
3129 1874 3233 1928 Per
3264 1870 3551 1931 maceriam

1967 1956 2094 2015 ergo
2125 1943 2456 2013 signiﬁcatur
2485 1944 2783 2015 cmlestium
2813 1945 3057 1998 custodia
3081 1945 3357 2011 virtutum,
3387 1964 3552 2015 ange-

1967 2012 2125 2066 licum
2167 2015 2414 2069 videlicet
2458 2014 2798 2082 prmsidiutn;
2858 2018 2995 2070 sicut
3038 2016 3198 2069 Isaias
3240 2018 3306 2071 de
3346 2012 3555 2078 Domini

1966 2084 2121 2137 vinea
2154 2086 2227 2139 ait
2255 2103 2267 2137 :
2302 2086 2366 2137 Et
2388 2086 2662 2138 maceriam
2687 2086 3039 2149 circumdedit,
3066 2098 3111 2140 et
3132 2088 3459 2155 circumfodit
3482 2092 3554 2143 vi-

1967 2155 2529 2226 neam(fsai.v,‘2).|n
2553 2171 2777 2210 caverna
2830 2172 2956 2226 ergo
3005 2158 3249 2211 maceria:
3291 2169 3554 2226 moratur,

1968 2225 2091 2293 quia
2122 2227 2370 2299 praesidio
2409 2228 2723 2299 angelorum
2777 2225 3010 2296 undique
3060 2230 3449 2299 circumdatur,
3500 2225 3555 2287 et

1968 2309 1999 2348 a
2030 2296 2409 2350 tentationibus
2438 2298 2634 2350 diaboli
2668 2300 2990 2351 custoditur.

2044 2366 2268 2419 Ostende
2304 2368 2427 2419 mihi
2452 2367 2636 2435 faciem
2668 2377 2829 2433 tuam,
2860 2384 2996 2420 sonet
3026 2384 3122 2421 v0.1:
3150 2378 3235 2422 tua
3260 2370 3313 2424 in
3342 2371 3555 2426 auribus

1970 2437 2093 2489 meis
2119 2453 2139 2491 :
2168 2438 2288 2503 quia
2326 2454 2423 2491 vox
2466 2446 2553 2489 tua
2589 2437 2773 2503 dulcis,
2832 2446 2878 2491 et
2920 2442 3073 2506 [acres
3103 2448 3189 2491 tua
3228 2442 3439 2494 decoro.
3477 2444 3556 2498 Tu

1974 2508 2206 2578 (inquit)
2254 2509 2443 2562 dilecta
2492 2523 2608 2561 mea
2652 2523 2771 2577 qua:
2813 2508 2862 2561 in
2912 2512 3048 2563 lecto
3093 2514 3556 2580 contemplationis

1973 2579 2278 2632 dulcissime
2304 2580 2553 2648 quiescis,
2579 2582 2696 2633 veni
2724 2588 2775 2632 et
2798 2581 3008 2632 ostende
3038 2580 3162 2633 nti/ti
3187 2579 3367 2647 [aciem
3394 2595 3555 2649 tuam,

1974 2649 2025 2704 id
2054 2659 2155 2714 est,
2184 2666 2213 2703 a
2241 2659 2450 2704 secreto
2480 2650 2672 2716 quietis
2700 2652 2955 2719 egredere
2985 2651 3048 2704 ad
3083 2652 3344 2718 publicam
3386 2655 3558 2710 actio-

1974 2735 2119 2786 nem,
2167 2731 2221 2774 et
2267 2720 2714 2789 pulchritudinem
2760 2722 3018 2776 bonorum
3064 2737 3287 2790 operum
3342 2734 3554 2779 tuorum

1974 2790 2091 2843 aliis
2130 2792 2194 2843 ad
2241 2791 2541 2862 exemplum
2589 2792 2917 2845 demonstra.
2956 2792 3176 2862 Ostende
3216 2793 3361 2859 mihi,
3395 2795 3554 2862 dicit;

1975 2862 2122 2929 quasi
2169 2863 2308 2915 enim
2345 2861 2451 2914 Deo
2484 2864 2668 2915 faciem
2699 2877 2849 2916 suam
2880 2861 3111 2916 ostendit
3142 2863 3400 2929 Ecclesia,
3432 2861 3557 2920 cum

1976 2932 2236 2999 proximis
2277 2932 2342 2985 ad
2384 2932 2669 2996 utilitatem
2722 2941 2775 2986 et
2814 2936 3108 2998 profectum
3161 2950 3254 3000 per
3302 2936 3556 2991 virtutum

1976 3016 2170 3074 opera,
2203 3012 2455 3071 quantam
2493 3002 2807 3057 intrinsecus
2858 3004 3045 3057 habeat
3087 3006 3559 3074 pulchritudinem,

1976 3072 2327 3147 demonstrat.
2374 3074 2482 3126 lloc
2511 3083 2590 3127 est.
2622 3074 2760 3143 quod
2791 3074 3046 3128 Dominus
3072 3074 3199 3147 dicit
3231 3076 3283 3128 in
3313 3072 3561 3147 Evange-

1979 3144 2049 3195 lio
2078 3162 2089 3195 :
2131 3142 2344 3197 Videant
2372 3159 2526 3209 opera
2562 3142 2726 3198 vestra
2757 3146 2910 3211 bona,
2955 3154 3001 3198 et
3032 3145 3318 3211 gloriﬁcent
3349 3142 3561 3202 Patrcm

288 3236 383 3296 pus
408 3222 685 3288 putationis
714 3204 951 3278 advenit.r
966 3204 1446 3282 rb“—
1476 3227 1672 3289 imbre,
1708 3204 1870 3278 liores

1980 3224 2216 3296 restrain:
2250 3218 2334 3285 qui
2366 3204 2584 3296 iticael‘is
2609 3226 2681 3269 est
2708 3204 2918 3296 (trag/2'.
2945 3232 2993 3280 v,
3023 3204 3324 3296 i'6).n'Son_et
3348 3235 3444 3296 uox
3471 3229 3563 3296 tua

289 3290 340 3364 in
372 3299 512 3364 terra
542 3304 914 3361 apparuerunt,
941 3296 1104 3351 decor
1124 3297 1376 3352 videlicet
1407 3299 1659 3351 virtutum
1690 3306 1743 3351 et
1774 3311 1870 3364 pn-

290 3359 509 3437 dicitiae;
546 3359 595 3416 cl
615 3359 935 3437 transeunte
978 3370 1264 3437 asperitate
1307 3368 1661 3432 inﬁdelitatis,
1709 3359 1872 3421 verna

291 3431 415 3486 ﬁdei
446 3431 1259 3508 successittemperies,'tempus
1286 3440 1562 3507 putationis
1592 3431 1745 3504 venit,
1777 3438 1877 3490 hoc

292 3512 377 3557 est
420 3505 750 3573 purgationis
803 3519 1128 3562 sanctorum.
1165 3505 1396 3564 'Putatio
1426 3514 1565 3565 enim
1600 3512 1873 3563 vinearum

291 3582 599 3647 sanctorum
630 3575 891 3643 signiﬁcat
923 3581 1313 3647 purgationem,
1342 3597 1460 3647 qua:
1492 3582 1543 3633 in
1576 3580 1786 3635 Christo
1826 3586 1879 3631 ct

292 3657 390 3721 per
415 3643 681 3721 Christum
725 3651 835 3707 est;
883 3643 949 3721 de
993 3643 1098 3717 qua
1139 3651 1253 3718 ipse
1286 3643 1306 3701 ε’
1330 3643 1438 3721 Ego
1474 3667 1586 3704 sum
1619 3652 1752 3717 vitis,
1792 3664 1880 3701 vos

293 3712 532 3783 palmites
561 3710 736 3777 (Joan.
772 3728 868 3771 xv,
899 3717 976 3781 5).

375 3781 489 3857 v9;
515 3786 728 3857 turturis
754 3785 935 3837 audita
956 3795 1026 3839 est
1051 3788 1106 3841 in
1128 3796 1261 3843 terra
1284 3799 1475 3845 nostra.
1509 3788 1619 3844 Iloc
1646 3797 1748 3857 cst,
1778 3804 1882 3844 vox

296 3852 701 3923 praedicautium
762 3859 1146 3923 apostolorum.
1197 3861 1395 3914 Turtur
1452 3863 1593 3915 enim
1636 3852 1753 3916 avis
1802 3870 1883 3914 est

298 3924 625 3999 castissima;
659 3935 714 3980 et
739 3927 988 3999 quoniam
1018 3929 1072 3983 in
1103 3932 1334 3986 excelsis
1364 3946 1578 3999 semper
1604 3932 1884 3985 arboribus

300 3994 499 4048 morari
538 3995 677 4069 solet
706 3994 767 4050 et
788 3998 1059 4055 nidiﬁcare
1079 4042 1092 4065 ,
1126 4003 1393 4069 aposmlos
1420 3994 1506 4054 vel
1532 4011 1755 4056 cmteros
1789 4002 1886 4054 do-

302 4073 477 4137 ctores
508 4066 789 4133 signiﬁcat,
819 4069 909 4134 qui
941 4066 1175 4137 possunt
1202 4073 1383 4126 dicere
1414 4089 1426 4124 :
1461 4071 1654 4124 Nostra
1683 4088 1889 4125 conver-

303 4137 428 4189 satio
449 4136 501 4189 in
524 4138 658 4211 cretis
679 4150 753 4211 est
780 4136 1006 4207 (Philip.
1027 4156 1102 4204 ιιι,
1127 4142 1241 4211 ‘20).
1276 4142 1425 4209 Quod
1453 4142 1610 4195 etiam
1634 4143 1886 4209 gemitum

304 4219 402 4273 pro
431 4217 589 4282 cantu
627 4208 814 4273 habet,
845 4224 1145 4266 sanetorum
1181 4208 1441 4280 ploratum
1474 4208 1754 4277 sigmlical.
1797 4213 1888 4282 (ιιιὶ

304 4289 431 4331 suos
458 4277 523 4330 ad
546 4278 726 4332 ﬂetum
758 4292 813 4334 et
837 4283 1064 4336 lamenta
1090 4277 1387 4345 hortantur,
1420 4286 1685 4339 dicentes:
1714 4277 1892 4337 Miseri

307 4356 482 4420 estote,
530 4358 576 4401 et
622 4349 806 4420 lugete,
852 4354 986 4405 risus
1032 4364 1192 4407 uester
1241 4357 1294 4407 in
1339 4355 1531 4408 luctum
1573 4365 1894 4409 convertatur

309 4415 449 4491 (.lac.
478 4432 550 4483 tv,
580 4419 655 4488 9).
679 4415 811 4473 ’νοτ
849 4424 1062 4477 turturis
1100 4427 1273 4478 audita
1319 4436 1387 4479 est
1428 4428 1478 4479 in
1518 4436 1652 4478 terra
1692 4436 1891 4491 nostra,

308 4485 359 4564 id
386 4496 467 4540 est
495 4504 595 4564 vox
615 4485 1017 4564 prtedicantium
1038 4498 1429 4564 apostolorum;
1452 4499 1504 4549 in
1534 4506 1670 4549 terra
1693 4485 1891 4562 nostra,

309 4556 411 4612 hoc
455 4567 536 4612 est
583 4562 634 4635 in
676 4563 937 4635 Ecclesia,
980 4565 1047 4619 de
1073 4556 1195 4635 'qua
1239 4567 1535 4633 PSulmista,
1575 4567 1780 4621 Domini
1821 4556 1895 4623 est

309 4638 441 4705 terra
471 4639 515 4680 et
550 4632 814 4705 plgnitudo
843 4636 954 4705 ejus
985 4632 1157 4704 (Psa'l.
1189 4653 1345 4701 χχιιι,
1382 4638 1455 4703 1).

384 4698 534 4753 Vers.
560 4698 1093 4781 Alt‘ieus'protnlit
1121 4698 1495 4781 grossos’snos.
1530 4709 1688 4763 Ficus
1716 4711 1890 4781 Syna-

310 4783 499 4849 gogatn
528 4771 819 4849 significat;
852 4771 1012 4849 grossi
1042 4771 1217 4832 autem
1251 4780 1503 4834 dicuntur
1528 4771 1808 4849 primitivis:
1838 4791 1894 4837 et

314 4840 612 4921 immaturae
636 4845 805 4921 .lic'us,
849 4840 1109 4921 inhabiles
1150 4850 1215 4903 ad
1251 4840 1651 4921 edendum,qui
1680 4852 1743 4907 ad
1778 4854 1895 4921 pul-

314 4923 431 4962 Stttlt
462 4910 602 4965 venti
633 4911 784 4965 facile
814 4917 1027 4970 cadunt.
1086 4919 1227 4974 Voce
1268 4933 1443 4975 autem
1487 4910 1705 4977 turiuris
1749 4910 1895 4977 inso-

315 4980 627 5062 naute‘licus
659 4985 867 5046 protulit
896 5001 1102 5062 grossos
1121 5006 1239 5062 suos
1268 5006 1286 5062 ς
1312 4994 1432 5060 quia
1478 4995 1731 5062 apostolis
1762 5009 1897 5061 pra:-

315 5050 972 5131 dicatititrusetncrscruttt
997 5058 1146 5131 multi
1174 5060 1241 5113 de
1266 5050 1544 5130 Sy'nagoga
1566 5050 1893 5131 .ludtnorum,

316 5120 402 5200 gui
432 5130 484 5171 et
519 5120 569 5200 in
593 5119 1189 5200 Christumcrederent,
1216 5139 1269 5200 et
1299 5119 1674 5200 t'amEnulegem
1706 5119 1898 5188 carus-'-

318 5186 770 5275 ljiter‘ohservare
812 5194 1050 5275 vellenitx
1093 5186 1364 5275 magisque
1406 5186 1727 5275 auctoritate
1767 5186 1898 5275 legis

316 5256 715 5341 delectarentur
758 5276 934 5341 quam
960 5256 1244 5341 dulcedine
1278 5256 1559 5341 Evangelii
1602 5290 1614 5325 :
1660 5256 1900 5330 volentes

316 5328 811 5412 circumcisionem',
858 5334 1171 5412 sabbatum,
1218 5340 1415 5412 etalia
1438 5328 1589 5409 “legis
1636 5328 1899 5412 prmcepta

312 5398 465 5481 juxta
493 5399 724 5481 litteram
755 5403 1072 5481 observare;
1102 5398 1171 5463 de
1200 5409 1390 5481 quibus
1417 5398 1702 5481 Apostolus
1730 5398 1895 5469 (liciti

318 5468 660 5552 )Emulantur
690 5488 774 5529 vos
803 5491 905 5553 non
934 5468 1088 5553 bene;
1127 5468 1228 5553 κρέ’
1253 5480 1425 5553 uolunt
1461 5468 1548 5537 itas
1577 5468 1895 5553 circumcidi,

319 5550 371 5595 ut
480 5555 820 5623 carne_t°estra
847 5542 1130 5623 glorientur
1154 5550 1352 5623 (Galat.
1384 5568 1454 5618 vr,
1488 5554 1589 5623 l3).

400 5611 570 5694 Vinea:
617 5611 865 5694 ﬂorentes
892 5620 1137 5674 dederunt
1161 5611 1412 5678 "odorem.
1444 5611 1750 5694 'Postquam
1798 5644 1898 5684 vox

319 5685 539 5738 turturis
559 5685 738 5767 audita
761 5698 858 5769 est,
889 5699 1166 5769 pestquztm
1192 5693 1321 5748 licus
1345 5697 1565 5769 protulit
1585 5685 1740 5769 511
1763 5718 1900 5769 gros-

316 5770 400 5843 θρα
429 5772 570 5843 ruas,
603 5758 760 5843 vincte
785 5758 1300 5843 [lorcittesldcderunt
1329 5758 1535 5823 odorem
1566 5758 1740 5843 ε’ᾳῆιῖ
1763 5758 1900 5829 inul-

322 5826 489 5891 titudo
518 5827 875 5883 Ecclesiarum
919 5848 1009 5897 per
1039 5833 1368 5896 latitudinem
1401 5842 1543 5899 orbis
1574 5826 1893 5915 dtllusancsit,

560 5922 831 5990 Panos.
879 5923 1079 5993 LXX.

1978 3286 2031 3338 in
2076 3286 2285 3338 auribus
2332 3287 2472 3339 meis.
2536 3286 2651 3340 Vox
2704 3287 2950 3340 videlicet
3004 3286 3424 3355 prmdicationis,
3475 3291 3563 3345 vel

1979 3357 2172 3409 divina:
2206 3357 2395 3423 laudis,
2436 3372 2539 3426 qua
2577 3360 2709 3409 alios
2756 3357 2914 3410 facias
2944 3356 3220 3427 proﬁcere.
3257 3355 3321 3410 In
3351 3361 3564 3415 auribus

1979 3427 2120 3481 enim
2151 3427 2356 3482 Domini
2389 3444 2485 3479 vox
2516 3427 2766 3483 Ecclesia:
2810 3437 2992 3493 sonat,
3021 3444 3141 3482 cum
3186 3442 3280 3496 per
3311 3431 3566 3499 praedica-

1982 3499 2177 3552 tionem
2228 3515 2291 3552 cx
2336 3499 2620 3552 multorum
2664 3499 3013 3553 conversione
3056 3500 3351 3553 delecmtur
3403 3502 3561 3556 Deus.

1984 3569 2124 3624 Bene
2155 3579 2328 3624 autem
2357 3570 2487 3623 dicit
2515 3587 2526 3621 :
2556 3570 2779 3622 Ostende
2806 3572 2930 3622 mihi
2952 3571 3133 3637 facient
3158 3579 3319 3635 tuam,
3345 3581 3398 3625 et
3421 3584 3567 3626 sonet

1982 3656 2080 3693 vos:
2112 3650 2231 3701 tua,
2267 3656 2372 3693 non
2424 3641 2630 3703 aliena;
2690 3638 2852 3694 Tuam
2908 3642 3159 3694 videlicet
3210 3642 3392 3710 faciem
3442 3642 3569 3696 mihi

1985 3710 2210 3773 ostende,
2243 3713 2400 3778 qu’am
2445 3714 2494 3764 in
2536 3711 2799 3777 baptismo
2839 3711 2930 3764 tibi
2975 3713 3119 3777 dedi,
3154 3712 3369 3779 quando
3412 3729 3566 3765 mun-

1986 3780 2105 3833 davi
2139 3788 2188 3833 te
2225 3786 2290 3834 ab
2343 3783 2484 3834 omni
2520 3791 2757 3847 peccato.
2812 3782 2923 3834 i'ox
2960 3792 3068 3845 tua,
3100 3783 3249 3846 dicit,
3284 3784 3335 3834 in
3360 3785 3571 3836 auribus

1986 3853 2111 3904 meis
2144 3863 2315 3915 sonet;
2343 3862 2401 3905 ut
2438 3867 2501 3904 ex
2533 3853 2736 3903 sincera
2783 3852 3072 3905 intentione
3103 3850 3402 3905 dilectionis
3436 3868 3571 3906 mea:

1988 3921 2272 3990 procedat;
2306 3932 2362 3973 ut
2392 3936 2496 3974 non
2528 3931 2748 3989 propter
2786 3921 2926 3975 aliud
2963 3920 3252 3990 praedices,
3302 3920 3405 3975 nisi
3446 3937 3572 3992 pro-

2028 3999 2107 4044 ter
2137 4005 2241 4045 me.

1990 4005 2336 4116 pleVe:?.lB.
2362 4058 2538 4130 Capite
2575 4061 2718 4113 nobis
2754 4059 2927 4131 vulpes
2959 4062 3196 4132 parvulas
3236 4079 3347 4128 qua:
3391 4062 3571 4117 demo-

1995 4132 2191 4185 liuntur
2214 4132 2403 4196 vineas,
2434 4148 2552 4184 nam
2595 4133 2739 4185 vinea
2782 4143 2954 4204 nostra
2992 4134 3184 4204 ﬂoruit.
3238 4134 3349 4187 Vox
3390 4137 3576 4204 ενοιιεί

1994 4203 2350 4274 praecipientis
2388 4217 2596 4271 sponsa:
2626 4218 2737 4255 sum
2766 4211 2819 4257 et
2849 4201 3060 4274 ﬁliabus
3084 4201 3434 4268 Jerusalem,'
3453 4221 3576 4260 sau-

1996 4276 2095 4327 ctis
2144 4273 2395 4328 Videlicet
2462 4275 2805 4341 doctoribus,
2840 4275 2920 4343 vel
2979 4273 3252 4329 animabus
3308 4277 3571 4332 lidelibus.

1997 4343 2174 4413 Capite
2200 4343 2410 4413 (inquit)
2434 4344 2577 4397 nobis
2602 4346 3063 4414 vulpes'parvulas.
3101 4346 3292 4414 Vulpes
3318 4359 3400 4403 est
3424 4348 3576 4402 dolo-

1996 4430 2112 4470 sum
2136 4416 2331 4470 animal
2360 4424 2413 4470 et
2443 4416 2856 4478 fraudulentum,
2882 4418 2932 4470 in
2960 4419 3203 4472 cavernis
3230 4428 3283 4472 et
3310 4420 3580 4488 specubus

2002 4488 2263 4553 habitans,
2293 4502 2390 4540 nec
2429 4497 2593 4549 rt-cto,
2642 4488 2734 4541 sed
2783 4497 3019 4543 tortuoso
3059 4488 3311 4543 incedens
3351 4492 3574 4556 itinere;

2000 4558 2227 4627 ideoque
2270 4558 2509 4627 designat
2565 4558 2865 4623 haereticos,
2914 4560 2994 4612 vel
3046 4560 3435 4625 schismaticos,
3486 4563 3577 4628 qui

1924 4606 1972 4665 ί)
2000 4606 2359 4683 ἀεηιδιὶιιιιιιιτ
2386 4606 2600 4695 ῗνὶηρθε,
2646 4630 2745 4683 hoc
2788 4606 2865 4682 esi
2899 4630 3192 4683 Ecclesiam
3228 4629 3337 4695 Dei,
3369 4606 3577 4698 plebem

1999 4701 2246 4755 videlicet
2278 4698 2509 4753 ﬁdelium
2553 4701 2789 4754 lacerare
2828 4709 2879 4753 et
2910 4700 3159 4768 decipere
3200 4715 3302 4754 non
3344 4712 3576 4755 cessant.

2001 4771 2245 4839 Przecipit
2292 4784 2420 4837 ergo
2461 4779 2519 4822 ut
2561 4771 2800 4836 parvulas
2831 4770 3003 4840 culpes
3035 4771 3262 4837 capiant,
3313 4771 3363 4823 id
3392 4781 3492 4837 cst,
3522 4780 3583 4827 ut

2002 4842 2307 4895 haeretiCam
2352 4841 2667 4908 pravitatem
2718 4842 2769 4895 in
2843 4843 2957 4908 ipso
3008 4841 3159 4895 initio
3208 4842 3480 4898 debellare
3527 4852 3583 4897 et

2002 4914 2278 4966 destruere
2310 4926 2413 4964 non
2444 4919 2672 4979 crssent,
2714 4927 2781 4966 ne
2825 4912 3038 4966 robusta
3074 4912 3209 4966 facta
3239 4911 3425 4967 fortius
3472 4914 3578 4967 im-

2005 4992 2219 5053 pugnet.
2252 4981 2389 5033 Nam
2410 4982 2555 5054 vinea
2583 4990 2754 5035 nostra
2777 4985 2973 5050 ﬂoruit,
3006 4982 3055 5035 id
3087 4982 3455 5054 est,gEcclesia
3484 4999 3582 5054 per

2004 5057 2306 5107 universum
2340 5052 2595 5106 mundum
2628 5053 2783 5107 tiores
2813 5054 3062 5107 virtutum
3110 5052 3307 5108 emisit.
3361 5055 3425 5108 Et
3455 5052 3583 5110 nota

2002 5126 2141 5194 quod
2172 5138 2290 5177 cum
2335 5122 2591 5195 superius,
2619 5123 2802 5179 vineas
2842 5123 3117 5192 pluraliter
3162 5125 3375 5195 dixerit,
3418 5126 3580 5181 modo
3630 5174 3631 5177 η

2002 5196 2128 5249 dicit
2157 5194 2516 5263 singulariter,
2549 5194 2693 5247 vinea
2719 5203 2892 5255 nostra
2912 5196 3087 5264 ﬂoruit
3110 5209 3129 5247 :
3151 5195 3274 5264 quia
3305 5194 3374 5251 ex
3400 5197 3585 5252 multis

2002 5267 2254 5321 Ecclesiis
2282 5280 2386 5318 una
2413 5272 2495 5318 est
2523 5264 2690 5318 electa
2720 5265 2975 5320 Ecclesia.

2076 5337 2230 5391 Vers.
2266 5336 2351 5410 l6.
2382 5333 2611 5410 Dilectus
2638 5351 2779 5410 meus
2808 5336 2956 5410 mihi,
2989 5347 3037 5390 et
3058 5355 3147 5409 ego
3170 5339 3268 5403 illi,
3301 5338 3390 5407 qui
3409 5340 3584 5410 pasci-

2005 5418 2086 5460 tur
2112 5411 2244 5460 inter
2268 5406 2379 5459 lilia
2405 5408 2564 5458 donec
2589 5409 2779 5471 aspiret
2804 5407 2933 5472 dies,
2960 5417 3005 5461 et
3036 5406 3343 5464 inclinentur
3366 5406 3577 5465 uinbrtc.

2010 5479 2119 5533 Vox
2165 5492 2394 5547 sponsas.
2448 5475 2672 5532 Dilectus
2701 5493 2841 5532 nteus
2870 5477 3016 5547 mihi,
3064 5481 3304 5543 subaudi,
3351 5483 3585 5536 societur

2003 5550 2216 5603 vinculo
2242 5548 2517 5622 cltaritatis
2547 5556 2599 5599 et
2629 5552 2846 5615 amoris,
2876 5561 2925 5602 et
2956 5566 3048 5622 ego
3078 5553 3155 5606 illi
3182 5552 3495 5621 conjungar,
3528 5562 3584 5605 et

2003 5621 2332 5675 consentiam
2361 5620 2721 5672 vicissitudine
2754 5630 2948 5674 unitum
2986 5620 3313 5678 dilectionis.
3355 5622 3447 5677 Vel
3480 5623 3580 5676 Di-

2003 5698 2162 5749 lectus
2194 5707 2353 5754 mens,
2394 5679 2640 5755 subaudi,
2685 5691 2775 5745 det
2801 5695 2963 5747 verba
2996 5694 3383 5748 exhortationis
3411 5703 3466 5747 et
3494 5694 3583 5746 .di-

2003 5770 2138 5821 vina:
2185 5762 2591 5833 promissionis;
2631 5771 2677 5814 ct
2724 5778 2838 5833 ego,
2882 5765 3129 5833 subaudi,
3182 5765 3457 5819 ostendam
3508 5764 3586 5819 illi

2004 5843 2189 5899 facient
2237 5848 2429 5892 meam.
2507 5832 2594 5890 Vel
2647 5836 2829 5905 etiam,
2881 5834 3105 5890 Dilectus
3152 5851 3289 5893 meus
3334 5834 3584 5913 dignetur

2993 5928 3069 5997 34
