4078 6342
305 401 464 490 1069'

1266 429 1626 491 EXPOSITIO
1663 431 1726 490 lN
1764 429 2058 492 CANTIC'A
2097 433 2557 496 CANTICORUM.

3430 433 3569 492 1070

304 539 742 621 contemplationi
781 539 1038 621 inhaeret,
1102 557 1223 621 eum
1285 555 1457 599 solum
1497 547 1881 621 desiderat__.__ad
1911 557 1964 609 Α
1989 551 2226 613 tomonls,
2271 560 2325 604 et
2367 558 2590 621 reliqua.
2641 551 2824 606 Lectus
2874 548 3166 605 Salomonis
3204 548 3448 618 quamvis
3479 564 3578 605 su-

304 615 453 670 illum
480 613 758 681 pervenire
785 615 1075 667 contendit.
1107 615 1324 683 Adjurat
1351 631 1476 684 «ergo
1498 631 1724 684 sponsus
1750 617 1886 671 filias

305 684 621 747 Jerusalem,
644 684 848 755 animas
870 685 1116 740 videlicet
1136 685 1416 739 desideriis
1436 702 1681 755 superate
1703 687 1886 755 patria:

306 756 650 818 inluerentes,
681 770 748 808 ne
784 754 927 810 illam
955 757 1188 810 excitent
1226 758 1292 808 ab
1318 757 1418 810 hoc
1455 754 1644 812 somno
1683 754 1888 812 suavis-

305 830 456 880 simae
502 826 695 893 quietis
741 835 791 880 et
841 827 1335 896 contemplationis,
1381 827 1539 881 donec
1587 829 1700 896 ipsa
1745 829 1884 884 velit.

309 898 543 968 Somnus
585 899 1002 968 autemﬂmerito
1041 913 1193 950 amor
1236 897 1570 966 appellatur:
1598 897 1718 968 quia
1751 899 1889 953 sicut

307 967 581 1021 dormiens
618 981 647 1020 a
680 967 978 1021 visibilihus
1027 968 1210 1022 oculos
1257 968 1474 1034 claudit,
1507 978 1560 1023 et
1601 967 1886 1024 invisibilia

307 1039 700 1106 contemplatur
734 1055 745 1090 :
776 1038 849 1108 ita
884 1039 930 1092 is
959 1039 1049 1108 qui
1095 1039 1288 1092 divinae
1327 1039 1763 1108 contemplationi
1809 1042 1890 1092 in-

307 1110 488 1177 sistit,
540 1109 686 1176 quasi
741 1107 945 1162 alienus
978 1107 1343 1164 exterioribus
1391 1107 1628 1177 dormit,
1679 1119 1730 1163 et
1775 1109 1887 1164 sola

307 1180 600 1250 spiritualia
648 1186 702 1234 et
745 1178 980 1234 coelestia
1020 1180 1184 1234 videt.
1265 1178 1374 1234 Nec
1405 1181 1607 1250 mirum
1653 1183 1694 1233 si
1743 1195 1891 1234 amor

310 1249 531 1304 somnus
577 1261 838 1316 vocetur,
887 1264 1006 1303 cum
1057 1251 1107 1304 in
1154 1249 1498 1318 setjuentibus
1549 1265 1691 1304 mors
1742 1263 1891 1303 amor

309 1321 608 1387 appelletur
639 1337 653 1375 :
685 1319 863 1372 Fortis
891 1327 963 1373 est
1004 1329 1060 1373 ut
1103 1335 1239 1373 mors
1269 1322 1491 1375 dilectio.
1537 1320 1666 1375 Cum
1713 1329 1890 1373 autem

311 1393 457 1454 dicit,
491 1393 649 1446 donec
675 1395 788 1460 ipsa
813 1391 949 1456 velit,
978 1392 1213 1446 ostendit
1237 1392 1527 1446 Ecclesiam
1557 1394 1623 1446 de
1649 1391 1892 1455 gentibus

314 1461 609 1515 voluntarie
647 1475 705 1532 se
737 1471 1152 1529 praparaturam
1200 1462 1266 1516 ad
1301 1463 1510 1516 labores
1550 1471 1603 1517 et
1644 1475 1893 1532 persecu-

316 1544 488 1587 tiones
519 1546 616 1598 pro
641 1531 857 1585 Christo
887 1532 1250 1598 perferendas.

385 1602 539 1657 Vers.
579 1601 634 1657 6.
679 1601 806 1666 Qua:
845 1611 918 1655 est
955 1603 1055 1654 ista
1093 1618 1206 1672 qua:
1251 1603 1476 1656 ascendit
1515 1617 1604 1671 per
1640 1603 1893 1656 desertum

313 1674 440 1747 sicut
464 1675 662 1747 virgula
690 1673 818 1747 fumi
841 1689 904 1747 ea:
923 1674 1234 1747 m'omatilius
1255 1672 1508 1747 myrrhea,
1542 1675 1778 1747 et_thuris_
1799 1718 1812 1740 ,
1847 1683 1894 1727 et

315 1743 774 1812 unit'ersi'pulveris
799 1745 1162 1814 pigmentarii?
1185 1744 1298 1797 Vox
1315 1745 1550 1814 filiarum
1575 1744 1890 1807 Jerusalem,

315 1815 365 1868 id
397 1824 478 1868 est
525 1823 830 1869 sanctorum
857 1813 1156 1883 "primitiva:
1204 1813 1486 1878 Ecelesize,
1517 1815 1896 1868 admirantium

317 1884 763 1952 pulchritudinem
819 1883 1074 1939 Ecclesia:
1122 1883 1188 1939 de
1238 1885 1484 1954 gentibus
1536 1893 1892 1954 congregatae.

319 1957 444 2019 ρυω
483 1965 552 2008 est
586 1955 910 2024 (inquiunt)
934 1955 1071 2008 ista?
1103 1953 1257 2022 Quir,
1293 1953 1452 2024 513
1485 1954 1534 2007 id
1578 1953 1660 2009 est
1699 1955 1890 2022 qualis.

314 2030 518 2092 Quanta
553 2025 708 2080 laude
753 2034 806 2079 et
849 2025 1202 2079 admiratione
1240 2025 1426 2095 digna,
1458 2040 1576 2092 quae
1615 2025 1896 2079 circumci-

315 2101 466 2152 sione
496 2096 742 2150 mundata
763 2136 776 2160 ,
811 2111 907 2150 nec
935 2096 1108 2150 adlmc
1137 2096 1398 2163 baptismo
1423 2095 1748 2150 sanctificata
1785 2095 1896 2164 jam

315 2168 483 2222 currit
511 2167 574 2221 ad
604 2167 770 2222 Deum
787 2168 812 2219 τ
837 2167 1076 2220 Ascendit
1099 2168 1116 2236 (
1139 2167 1308 2235 inquit
1329 2167 1348 2236 )
1371 2181 1462 2236 per
1485 2166 1775 2231 desertum;
1798 2167 1898 2222 hoc

317 2238 514 2292 dicitur
557 2239 624 2291 ad
665 2238 1011 2292 imitationem
1057 2240 1244 2306 prisca:
1276 2237 1446 2306 plebis
1475 2236 1744 2305 Judaicae,
1777 2251 1896 2305 qua:

319 2310 538 2380 liberata
583 2308 650 2362 de
684 2306 935 2380 aEgyptia
981 2309 1268 2380 servitute,
1320 2323 1408 2377 per
1454 2308 1728 2380 desertum,
1765 2307 1898 2380 mari

319 2378 503 2432 Rubro
533 2377 777 2445 transito,
797 2377 954 2432 venit
983 2379 1048 2432 ad
1080 2387 1276 2432 terram
1309 2379 1740 2447 repromissionis
1776 2395 1787 2429 :
1822 2379 1901 2433 sic

315 2457 370 2503 et
414 2447 652 2504 Ecclesia
688 2464 778 2518 per
816 2448 1068 2502 desertum
1114 2453 1388 2503 nationum
1427 2449 1750 2502 ascendebat
1786 2447 1897 2515 jam

318 2519 386 2576 de
421 2519 674 2590 Egypto,
710 2521 812 2573 hoc
841 2529 954 2584 est,
987 2521 1053 2574 de
1078 2519 1390 2575 confusione
1432 2519 1742 2574 idololatria:
1770 2518 1902 2574 libe-

318 2600 454 2654 rata,
487 2602 537 2646 et
585 2590 882 2654 Pharaone,
918 2590 971 2644 id
1017 2601 1097 2646 est
1128 2590 1338 2646 diabolo
1377 2592 1676 2654 submerso,
1709 2599 1766 2643 ut
1793 2603 1902 2644 cm-

319 2662 440 2716 lesti
479 2677 670 2716 manna
702 2672 1034 2731 pasceretur,
1067 2671 1119 2715 et
1145 2675 1324 2715 veram
1368 2669 1564 2714 terram
1611 2659 1904 2728 repromis-

317 2733 485 2788 sionis
540 2735 926 2804 ingrederetur.
962 2731 1237 2804 Ascendit
1280 2731 1540 2804 (inquit)
1581 2731 1645 2784 ad
1697 2741 1902 2804 tuentes

318 2801 700 2869 virtutum,'vel
725 2805 884 2858 etiam
909 2803 971 2856 ad
997 2804 1167 2871 ipsum
1192 2801 1382 2858 coelum
1413 2803 1697 2858 virtutibus
1725 2801 1905 2854 suble-

317 2883 473 2941 vata;
506 2889 622 2942 qiue
651 2874 702 2928 in
746 2876 950 2944 psalmo
996 2875 1170 2929 dicit:
1219 2873 1402 2926 Levavi
1451 2874 1623 2927 oculos
1671 2887 1804 2944 meos
1849 2871 1903 2944 in

320 2941 570 3016 montesl
599 2941 761 3000 Psalf
791 2960 928 3010 cxx,
966 2947 987 3000 l
1019 2945 1060 3015 ),
1099 2956 1236 3009 etc.;
1273 2955 1324 2998 et
1355 2944 1478 3016 alibi
1514 2961 1543 3016 :_
1564 2944 1642 2996 Ad
1671 2951 1718 2995 te
1746 2941 1905 3016 levavi

320 3018 496 3087 oculos
543 3013 708 3082 meos,
739 3016 826 3087 qui
869 3013 1067 3069 habitas
1112 3018 1163 3069 in
1209 3016 1347 3069 caelis
1377 3016 1394 3084 (
1421 3013 1565 3069 Psal.
1595 3027 1740 3068 cxxtt
1760 3014 1830 3087 ,__l
1861 3015 1903 3081 ).

324 3086 524 3142 Montes
571 3088 654 3140 isti
685 3083 808 3140 sunt
854 3087 1204 3158 patriarchas,
1245 3083 1548 3155 prophette,
1581 3083 1807 3158 apostoli
1852 3091 1907 3136 et

321 3159 500 3213 ctetcri
530 3159 700 3214 sancti
733 3158 825 3213 Dei
851 3155 869 3224 ξ
894 3160 983 3229 qui
1021 3157 1224 3229 merito
1273 3158 1524 3229 virtutum
1571 3155 1907 3229 appellantur

323 3237 550 3284 montes.
587 3230 766 3284 Primo
794 3225 935 3284 enim
967 3228 1034 3284 ad
1077 3241 1315 3293 montes,
1359 3226 1410 3282 id
1461 3234 1541 3280 est
1584 3225 1648 3278 ad
1693 3233 1906 3278 sanctos

321 3301 562 3354 sublevat
591 3302 775 3356 oculos
808 3300 1045 3355 Ecclesia
1065 3341 1078 3365 ,
1110 3300 1192 3352 vel
1219 3299 1395 3353 anima
1429 3297 1599 3351 ﬁdelis
1629 3311 1747 3366 qua:
1776 3298 1906 3348 isto-

326 3383 441 3424 rum
465 3371 756 3426 doctrinam
779 3381 1033 3439 actusquc
1057 3371 1396 3434 considerat,
1424 3370 1634 3422 illorum
1663 3366 1910 3439 exemplo

327 3449 380 3494 et
409 3441 794 3497 intercesslone
825 3437 1016 3496 muniri
1047 3443 1259 3511 gaudet.
1291 3439 1478 3494 Postea
1519 3437 1802 3511 proficiens
1841 3437 1908 3491 ad

330 3511 503 3578 ipsum
545 3529 754 3583 quoque
794 3513 880 3578 qui
912 3509 1293 3571 fecitinontes.
1341 3511 1498 3583 audet
1542 3509 1718 3583 cordis
1759 3523 1910 3583 aspef

326 3590 470 3653 ctum
494 3580 756 3653 jdirige're,
785 3592 838 3636 et
864 3584 991 3636 dicit
1021 3598 1036 3636 :
1064 3583 1142 3634 Ad
1169 3596 1214 3636 te
1246 3582 1403 3636 levavi
1433 3581 1604 3653 oculos
1630 3595 1794 3653 meos,
1822 3580 1912 3646 qui

326 3651 524 3703 hab-itas
569 3651 822 3716 iurastis;
855 3653 905 3705 id
937 3663 1047 3718 est,
1089 3659 1360 3720 gratanter
1389 3651 1676 3715 requiescis
1709 3651 1759 3702 in
1791 3665 1912 3720 san-

326 3722 450 3774 etis.
483 3720 627 3774 Sicut
653 3722 880 3791 (inquit)
903 3719 1251 3791 virgulaifumi
1273 3737 1334 3774 ea:
1352 3720 1664 3791 aromatibus
1688 3719 1910 3791 myrrha:

325 3802 374 3845 et
395 3791 579 3844 thuris.
611 3787 808 3846 Fumus
828 3787 893 3845 ex
923 3787 1042 3862 igne
1064 3787 1314 3853 nascitur,
1339 3797 1397 3862 et
1413 3803 1534 3842 mox
1562 3787 1746 3862 altiora
1771 3787 1911 3842 aeris

328 3862 560 3929 expetit,
611 3864 783 3916 donec
831 3858 1134 3931 aspectibus
1180 3861 1495 3916 intuentium
1547 3858 1908 3931 subtrahatur.

329 3932 529 3987 Fumus
561 3935 722 4001 igitur
751 3929 1012 4002 signilicat
1053 3941 1296 3986 sanctum
1326 3932 1647 4002 desiderium
1679 3929 1798 3996 igne
1832 3929 1913 3984 di-

330 4004 437 4057 vini
469 3999 665 4058 atno‘ris
694 3999 994 4072 perfusum;
1024 4017 1122 4057 nec
1152 4003 1392 4072 absolute
1421 3999 1568 4072 fumo
1592 4013 1913 4072 comparan-

331 4084 437 4139 tur,
462 4075 555 4129 sed
577 4069 783 4145 virgulw
810 4077 938 4145 fumi
963 4091 982 4128 :
1003 4073 1123 4143 quia
1151 4083 1333 4127 sancta
1361 4071 1596 4124 Ecclesia
1628 4069 1707 4145 vel
1731 4069 1912 4145 anima

332 4145 497 4216 Deum
545 4139 759 4210 amans,
810 4139 1034 4216 'gracilis'
1071 4153 1154 4200 est
1200 4153 1253 4197 et
1299 4145 1558 4216 delicata,
1613 4139 1912 4216 disciplinis

330 4214 559 4284 Spiritus
588 4219 756 4272 sancti
789 4211 1089 4280 aitenuata,
1125 4230 1229 4269 non
1263 4213 1463 4267 habens
1493 4211 1910 4284 grossitudinem

332 4283 625 4341 carnalium
685 4287 1092 4342 desideriorum.
1145 4286 1270 4339 Sive
1325 4285 1535 4353 virgula:
1589 4283 1754 4350 fumi,
1807 4296 1912 4335 non

331 4373 519 4427 Sparso
547 4359 691 4413 futuo
717 4369 1093 4425 comparantur
1119 4366 1333 4424 propter
1360 4357 1613 4408 unitatem
1627 4353 1912 4427 Ecclesite,

335 4423 452 4498 qua:
484 4432 534 4482 in
563 4429 776 4484 Christo
806 4423 965 4483 unum
996 4439 1098 4484 est.
1123 4423 1282 4498 Unde
1309 4441 1432 4479 vero
1450 4433 1601 4498 esset
1626 4423 1712 4476 ille
1741 4424 1916 4498 fumus

333 4493 601 4565 ostendit,
648 4515 767 4554 cum
809 4499 1020 4565 subdit,
1066 4497 1294 4568 Myrrha:
1337 4505 1382 4549 et
1420 4496 1580 4548 thuris
1614 4504 1659 4547 et
1699 4493 1917 4546 universi

336 4571 555 4637 pulveris
584 4573 927 4641 pigmentarii.
963 4569 1179 4640 Myrrha
1222 4568 1558 4641 candidatur:
1588 4575 1918 4641 mortuorum

334 4635 594 4708 corpora;
617 4635 732 4695 thus
755 4657 881 4698 vero
902 4635 1143 4696 adoletur
1167 4643 1215 4693 in
1241 4654 1346 4693 sae:
1363 4638 1501 4691 iflcio
1529 4635 1654 4701 Dei;
1690 4636 1916 4708 ideoque

335 4706 721 4782 perinyrrham
746 4713 918 4767 carnis
941 4711 1278 4766 mortificatio
1305 4710 1643 4782 dissignator;
1671 4721 1764 4773 per
1795 4706 1915 4782 thus

336 4776 596 4852 munditia
625 4786 920 4852 orationum
965 4782 1302 4852 exprimitur.
1345 4776 1573 4849 Virgula:
1615 4791 1742 4847 ergo
1787 4777 1915 4852 fumi

336 4851 557 4920 myrrha:
578 4862 623 4906 et
666 4853 826 4906 thuris
875 4849 1110 4909 EccleSia
1153 4852 1476 4920 assituilatur
1524 4867 1538 4902 :
1585 4862 1706 4918 quia
1747 4849 1915 4901 sancti

336 4917 748 4976 mbrtiflcatioue
793 4925 972 4978 carnis
1001 4939 1113 4978 sua:
1152 4933 1206 4976 et
1249 4917 1577 4976 orationibus
1605 4917 1821 4971 mundo
1863 4928 1919 4972 et

336 4994 566 5060 simplici
589 4995 750 5046 corde
776 4993 1032 5061 profusis,
1068 4995 1174 5046 Deo
1205 4993 1415 5059 placere
1442 4990 1676 5061 student.
1705 4983 1770 5040 Et
1803 4992 1919 5061 un_‘-

338 5059 468 5115 versi
496 5062 748 5131 (inquit)
777 5059 997 5133 pulveris
1040 5062 1394 5132 pigmentarii,
1517 5069 1624 5133 iest
1669 5059 1918 5129 Congeric

339 5133 577 5183 omnium
607 5131 880 5186 virtutum.
913 5133 1026 5186 Non
1041 5131 1193 5186 enim
1226 5135 1426 5198 integra
1460 5131 1620 5183 fuisse
1647 5139 1916 5195 aromata,

339 5200 434 5251 sed
478 5203 529 5252 in
563 5202 832 5270 pulverem
867 5205 1078 5257 redacta
1110 5204 1358 5254 dicuntur
1401 5217 1412 5252 :
1460 5201 1581 5267 quia
1613 5208 1917 5252 sanctorum

341 5271 577 5326 actiones
621 5287 809 5338 magna
855 5274 1174 5327 discretione
1221 5270 1624 5324 considerandae
1667 5279 1818 5338 sunt,
1867 5278 1921 5323 et

345 5350 594 5410 tanquam
641 5344 818 5396 cribro
850 5343 1211 5397 subtilissima:
1239 5339 1685 5410 eonsiderationis
1715 5339 1921 5392 eventi-

345 5409 549 5478 landae,
581 5427 646 5468 ne
675 5414 799 5483 quid
831 5414 966 5469 forte
991 5415 1042 5466 in
1071 5413 1177 5466 illis
1205 5412 1395 5466 durum
1427 5420 1517 5462 aut
1540 5409 1921 5483 inconveniens

344 5485 586 5541 existat:
639 5479 707 5539 ne
750 5485 937 5540 saltem
989 5501 1082 5553 per
1129 5485 1270 5553 ipsas
1315 5484 1537 5535 virtutes
1574 5479 1922 5553 adversarius

344 5556 676 5610 milleformis
719 5552 1002 5626 subrepat,
1035 5555 1124 5626 qui
1153 5552 1385 5610 callidus
1431 5566 1526 5621 per
1573 5552 1710 5606 bona
1759 5554 1918 5607 etiam

341 5629 617 5682 consuevit
646 5629 857 5684 nocere.

419 5697 569 5751 Vers.
611 5699 663 5750 7.
707 5698 787 5753 En
836 5698 1078 5753 lectulum
1122 5697 1415 5752 Salomonis
1455 5696 1720 5766 sexaginta
1767 5695 1922 5763 fortes

343 5767 569 5821 ambiunt
595 5784 658 5820 ea:
697 5772 988 5838 [artissimis
1020 5769 1213 5832 Israel,
1241 5785 1412 5822 omnes
1441 5777 1658 5821 tenentes
1687 5766 1919 5836 gladios,

345 5849 394 5892 et
437 5838 503 5889 ad
544 5839 675 5890 bella
713 5841 1010 5894 doctissimi.
1059 5843 1174 5906 Quo
1203 5841 1315 5895 haec
1344 5841 1535 5894 dilecta
1580 5849 1632 5894 cl
1661 5839 1922 5894 mirabilis

349 5907 644 5967 ascenderit
663 5950 678 5977 ,
704 5912 1000 5966 ostenditur
1021 5925 1140 5967 cum
1166 5912 1426 5976 subditur,
1457 5910 1532 5966 Eu
1561 5913 1794 5966 lectulum
1823 5910 1921 5964 Stl-

1992 633 2153 686 pcrua
2183 621 2324 674 illius
2354 636 2598 686 superna:
2636 621 2978 677 beatitudinis
3009 621 3221 689 requies
3252 621 3416 690 accipi
3448 635 3576 689 pos-

1989 691 2088 760 sit,
2115 691 2288 760 inqua
2321 692 2460 746 Deus
2486 707 2606 747 cum
2639 695 2748 746 suis
2778 691 2977 747 sanctis
3036 691 3341 759 requiescit,
3379 692 3574 760 proba-

1991 759 2144 832 bilius
2169 759 2346 832 tamen
2373 777 2605 830 praesens
2626 764 2885 832 accipitur
2907 761 3142 816 Ecclesia
3159 803 3172 826 ,
3197 759 3573 832 inqua’sancti

1991 828 2084 900 Dei
2113 831 2299 899 sopitis
2330 828 2640 889 tumultibus
2668 828 2915 888 vitiorum
2933 874 2948 898 ,
2971 833 3217 900 amplexu
3242 828 3574 898 salomonis,

1993 899 2045 971 i_d
2073 910 2154 956 est
2185 903 2282 956 viri
2314 904 2516 971 pacifici
2548 905 2897 960 delectantur.
2929 899 3082 958 Unde
3111 912 3164 957 et
3195 901 3480 958 PsalmiSIa
3507 903 3578 959 de

1989 967 2200 1046 Christo
2217 967 2344 1046 dicit
2365 971 2456 1046 ;_F
2459 984 2603 1046 actus
2623 985 2696 1028 est
2717 977 2767 1046 in
2790 990 2913 1046 pace
2933 975 3073 1046 locus
3093 977 3202 1046 ejus
3223 1013 3240 1040 ,
3260 988 3303 1046 et
3332 975 3578 1046 habitatio

1991 1045 2038 1114 ei
2044 1058 2102 1094 us
2129 1041 2337 1114 in_Sion
2355 1043 2522 1113 (Psal.
2545 1061 2610 1100 ιι
2625 1061 2653 1098 x
2667 1061 2719 1114 ν,
2737 1041 2807 1112 5).
2827 1044 3094 1098 Lectulum
3110 1041 3236 1114 ergo
3260 1041 3576 1114 Salomonis,

1992 1112 2154 1186 id_es_t
2180 1111 2470 1186 Ecclesium
2489 1155 2504 1185 ,
2537 1111 2796 1186 sexaginta
2827 1115 2982 1186 fortes
3014 1111 3240 1186 ambiunt
3266 1129 3327 1167 ex
3351 1113 3580 1186 fortissi-

1993 1183 2088 1236 mis
2118 1181 2298 1240 Israel.
2337 1184 2436 1238 Per
2471 1181 2740 1252 sexaginta
2767 1181 2930 1240 fortes
2959 1185 3092 1240 ordo
3119 1181 3395 1238 doctorum
3427 1185 3580 1238 intel-

1993 1252 2189 1321 ligitur,
2229 1255 2316 1325 qui
2343 1256 2424 1325 vel
2456 1256 2794 1325 prmdicando
2837 1256 3130 1325 Ecclesiam
3173 1255 3446 1325 muniunt,
3491 1255 3582 1310 vel

1994 1324 2408 1394 contemplanda
2428 1324 2492 1379 ad
2517 1325 2660 1379 illam
2685 1341 2968 1392 supernam
2994 1324 3374 1379 beatitudinem
3397 1340 3583 1394 perve-

1995 1393 2110 1448 nire
2128 1393 2453 1450 desiderant.
2471 1396 2860 1464 Sexagenarius
2879 1405 3054 1450 autem
3077 1409 3330 1450 numerus
3347 1393 3413 1449 ex
3431 1411 3584 1449 sena-

1995 1465 2075 1517 rio
2109 1473 2164 1520 et
2193 1464 2413 1518 denario
2443 1475 2680 1529 constat;
2713 1468 2893 1521 sexies
2924 1467 3065 1520 enim
3096 1465 3250 1532 deni,
3286 1465 3370 1518 vel
3395 1466 3583 1520 decies

1996 1535 2132 1596 seni,
2153 1536 2424 1604 sexaginta
2446 1534 2595 1590 fiunt.
2613 1536 2866 1591 Senarius
2883 1551 3008 1606 vero
3027 1535 3406 1604 perfectionem
3425 1535 3586 1606 signi-

1997 1606 2120 1658 ficat
2139 1607 2318 1672 Operis
2345 1623 2358 1658 :
2383 1607 2502 1674 quia
2529 1621 2621 1660 sex
2645 1607 2831 1660 diebus
2853 1605 3074 1674 perfecit
3102 1606 3238 1659 Deus
3261 1620 3423 1675 opera
3445 1605 3541 1660 sua
3567 1622 3582 1658 :

1998 1677 2250 1731 denarius
2279 1690 2406 1730 vero
2445 1677 2925 1732 remunerationem
2965 1684 3020 1731 et
3046 1676 3320 1742 praemium
3360 1676 3500 1744 quod
3529 1677 3582 1730 in

2001 1746 2105 1798 line
2141 1746 2339 1816 electis
2365 1747 2608 1812 dabitur;
2652 1748 2792 1802 unde
2819 1756 2874 1803 et
2903 1746 2957 1800 hi
2987 1747 3075 1816 qui
3105 1745 3157 1799 in
3187 1746 3397 1816 vineam
3420 1762 3587 1800 vene-

2000 1823 2141 1887 runt,
2163 1815 2438 1871 denarium
2463 1817 2712 1886 leguntur
2729 1815 3233 1887 accepisselIIatth.
3254 1831 3341 1879 xx,
3363 1815 3476 1887 10).
3498 1817 3588 1871 Se-

1999 1886 2212 1970 afagiuta
2239 1902 2365 1970 erg‘o
2399 1892 2554 1956 fortes
2585 1886 2888 1970 significant
2909 1893 2990 1970 ut
3015 1886 3351 1970 dictum‘est)
3375 1886 3588 1942 sanctos

2001 1955 2250 2011 doctores
2272 1998 2286 2020 ,
2309 1955 2480 2012 fortes
2501 1967 2554 2013 et
2574 1955 2751 2014 animo
2773 1966 3101 2014 constantes.
3126 1955 3353 2010 Additur
3374 1971 3503 2012 vero
3527 1973 3590 2011 ex

2002 2027 2294 2095 fortissimis
2343 2027 2522 2092 Israel,
2565 2043 2752 2084 omnes
2789 2029 2840 2081 in
2879 2028 3150 2082 Christum
3193 2028 3493 2088 credentes,
3535 2038 3590 2082 et

2001 2095 2269 2151 Christum
2299 2097 2600 2165 diligentes,
2635 2099 2814 2163 lsrai-l,
2849 2098 2900 2153 id
2929 2107 3010 2153 est
3049 2099 3128 2150 vir
3161 2098 3347 2152 videns
3383 2097 3548 2150 Deum
3569 2139 3587 2165 ,

2003 2167 2360 2236 appellantur.
2385 2167 2678 2223 Fortissimi
2694 2185 2821 2224 vero
2843 2169 3006 2222 Israel
3022 2176 3162 2232 sunt,
3187 2170 3274 2236 qui
3297 2167 3586 2222 Ecclesiam

2005 2237 2142 2290 tueri
2191 2239 2548 2306 prtedicando,
2596 2249 2652 2295 et
2692 2241 2758 2294 ab
2805 2238 3103 2294 incursibus
3131 2238 3465 2304 daemonum,
3505 2241 3588 2292 vel

2005 2308 2405 2375 impugnatione
2453 2309 2824 2364 haereticontm
2874 2308 3164 2364 defendere
3207 2319 3487 2362 noverunt.
3523 2309 3591 2364 lli

2005 2378 2144 2432 enim
2192 2377 2422 2431 ambiunt
2467 2381 2708 2433 lectulum
2758 2379 3052 2434 Salomonis
3095 2394 3108 2431 :
3160 2379 3280 2445 quia
3314 2377 3416 2432 illis
3444 2395 3590 2433 cout-

2008 2449 2168 2518 missa
2191 2456 2273 2502 est
2297 2449 2560 2514 Ecclesia,
2587 2461 2639 2504 et
2662 2451 2728 2504 ab
2758 2450 2858 2504 illis
2883 2450 3118 2518 vigilanti
3147 2463 3272 2501 cura
3305 2455 3388 2501 est
3411 2460 3588 2504 custo-

2007 2517 2220 2592 dienda.
2251 2519 2438 2592 Omnes
2464 2530 2680 2592 tenentes
2707 2517 3007 2592 gladiospet
3032 2519 3099 2572 ad
3127 2520 3256 2592 bella
3284 2518 3587 2592 doctissimi.

2007 2587 2199 2642 Tenent
2244 2589 2404 2654 enim,
2435 2589 2664 2660 gladium
2708 2587 3074 2660 spiritualem,
3102 2587 3320 2660 verbum
3367 2587 3490 2657 Dei,
3525 2592 3592 2646 de

2008 2671 2114 2728 quo
2141 2658 2482 2732 Apostolus:
2515 2659 2581 2713 Et
2606 2658 2804 2732 galeam
2831 2661 2848 2731 (
2874 2661 3042 2732 inquit
3066 2658 3084 2727 )
3111 2659 3290 2732 salutis
3308 2663 3591 2732 assumite,

2009 2727 2078 2801 et
2096 2727 2324 2801 gladium
2359 2733 2572 2801 spiritus
2588 2727 2624 2798 ,⁷
2645 2733 2780 2799 quod
2807 2727 2882 2784 elt
2910 2727 3110 2784 verbum
3140 2729 3235 2801 Dei
3267 2727 3488 2799 (Ephes.
3517 2745 3591 2792 Vl,

2014 2799 2079 2852 l7
2099 2799 2144 2867 ).
2179 2801 2256 2852 Ad
2289 2799 2418 2854 bella
2446 2817 2574 2856 vero
2601 2811 2717 2854 sunt
2744 2801 3064 2854 doctissimi:
3101 2799 3222 2867 quia
3261 2814 3482 2854 necesse
3513 2810 3596 2854 est

2013 2877 2069 2922 nt
2104 2869 2400 2940 spiritualis
2438 2872 2601 2941 praelii
2633 2880 2746 2926 arte
2777 2871 3022 2925 instructi
3051 2871 3194 2941 sint,
3225 2869 3314 2938 qui
3351 2870 3596 2941 adversus

2013 2939 2191 2994 mundi
2243 2939 2560 3010 principatus
2631 2949 2680 2993 et
2738 2951 3039 3011 potestates,
3107 2940 3348 2994 adversus
3416 2939 3597 2994 mundi

2013 3019 2228 3066 rectores
2254 3013 2572 3066 tenebrarum
2597 3012 2781 3065 harum
2800 3054 2813 3078 ,
2839 3021 3015 3066 contra
3047 3012 3337 3078 spiritualia
3359 3013 3597 3081 nequitia!

2012 3081 2064 3133 in
2108 3083 2387 3137 coelestibus
2423 3083 2559 3137 bella
2597 3092 2787 3153 gerunt
2817 3081 3146 3154 (lbid.,ii2).
3181 3081 3596 3154 versutissimus

2015 3154 2158 3207 enim
2191 3154 2291 3208 iste
2316 3163 2396 3207 est
2424 3152 2622 3218 hostis,
2650 3161 2702 3206 et
2737 3152 2841 3207 tam
2873 3153 3165 3210 subtilitate
3190 3152 3480 3222 spiritualis
3503 3169 3598 3207 na-

2017 3230 2177 3289 turae,
2209 3239 2364 3292 quam
2390 3225 2549 3278 etiam
2579 3225 2836 3294 temporis
2859 3225 3195 3293 longaevitate
3216 3224 3594 3291 doctissimus,

1941 3307 1986 3370 ρ
2019 3305 2205 3351 contra
2231 3311 2388 3366 quem
2417 3296 2583 3350 sancti
2618 3295 2753 3349 bella
2781 3296 3096 3364 suscipiunt.

2084 3389 2234 3444 Vcrs.
2277 3389 2330 3444 8.
2377 3387 2785 3458 Uniuscujusque
2833 3390 2984 3460 ensis
3019 3405 3171 3460 super
3226 3389 3390 3458 femur
3446 3405 3598 3443 suurn

2012 3471 2218 3532 propter
2263 3461 2467 3532 timores
2506 3457 2799 3532 nocturnos.
2832 3457 2936 3516 Per
2964 3457 3137 3515 femur
3169 3457 3480 3532 propagatio
3510 3476 3598 3515 so-

2013 3530 2150 3586 bolis
2179 3530 2467 3599 accipitur;
2501 3546 2662 3600 super
2691 3531 2864 3586 lentur
2893 3546 3021 3600 ergo
3063 3545 3218 3584 enses
3250 3531 3476 3599 habent,
3512 3533 3600 3600 qui

2013 3603 2206 3654 timore
2253 3600 2344 3654 liei
2391 3615 2579 3656 omnes
2625 3602 2984 3669 coarprimunt
3029 3608 3083 3656 ct
3127 3610 3380 3656 coercent
3421 3611 3599 3658 motus

2012 3672 2241 3725 carnalis
2264 3672 2568 3740 voluptatis.
2595 3673 2659 3725 Et
2679 3674 2777 3726 hoc
2801 3681 3013 3740 propter
3039 3672 3259 3726 timores
3286 3684 3596 3737 nocturnos,

2013 3742 2064 3795 id
2087 3749 2171 3794 est
2203 3753 2415 3809 propter
2445 3743 2680 3796 occultas
2709 3743 2929 3796 insidias
2956 3741 3168 3809 maligni
3200 3741 3391 3806 hostis,
3422 3744 3512 3810 qui
3549 3744 3601 3797 in

2015 3821 2171 3864 nocte
2211 3811 2367 3881 hujus
2397 3813 2572 3866 stl'culi
2614 3812 2812 3866 sanctis
2843 3811 3112 3872 maxime,
3144 3811 3313 3881 quiin
3349 3811 3602 3881 Ecclesia

2017 3880 2398 3948 praeeminent,
2441 3882 2754 3946 insidiatur;
2790 3892 2846 3936 ut
2889 3881 2994 3934 illis
3039 3880 3314 3948 deceptis,
3347 3880 3601 3936 lectulum

2014 3952 2337 4014 Salomonis,
2374 3952 2422 4004 id
2453 3961 2534 4005 est
2573 3951 2806 4017 requiem
2838 3961 3142 4006 sanctorum
3180 3951 3381 4004 fin-lare
3410 3953 3599 4018 possit.

2019 4025 2084 4076 Et
2111 4023 2398 4075 notandum
2426 4021 2567 4090 quod
2595 4023 2841 4088 superius
2874 4032 3054 4075 tenere
3081 4018 3286 4090 gladios
3311 4019 3560 4075 dicuntur
3585 4040 3601 4080 :

2017 4093 2102 4146 hic
2132 4108 2260 4146 vero
2288 4087 2628 4160 super'femur
2652 4087 2793 4145 enses
2832 4091 3048 4145 habere.
3093 4087 3309 4143 Gladios
3352 4090 3494 4144 enim
3527 4101 3603 4146 te-

2019 4174 2178 4226 nent,
2213 4173 2270 4216 ut
2311 4163 2634 4217 adversariis
2680 4162 2962 4226 resistant,
2994 4169 3050 4214 ut
3093 4173 3185 4213 eos
3229 4171 3519 4228 superent,
3552 4173 3604 4218 et

2019 4245 2076 4287 ut
2105 4234 2384 4287 luereticos
2404 4242 2458 4287 et
2480 4247 2667 4286 omnes
2694 4247 2838 4287 same
2869 4231 2990 4287 fidei
3017 4230 3447 4287 contradicentes
3475 4248 3604 4287 con-

2019 4307 2242 4358 fodiant.
2275 4303 2449 4372 Super
2489 4303 2661 4357 femur
2690 4318 2818 4372 ergo
2846 4317 3000 4357 enses
3043 4299 3275 4365 habent,
3311 4313 3368 4357 ut
3409 4305 3604 4359 suimet

2020 4392 2200 4430 curam
2243 4386 2458 4444 gerant,
2493 4388 2547 4428 ut
2593 4375 2766 4428 ﬂuxus
2809 4373 3100 4444 carnalium
3144 4372 3472 4444 voluptatum
3523 4390 3604 4429 re-

2024 4443 2265 4516 primant
2305 4464 2324 4516 ε
2367 4461 2434 4516 ne
2481 4445 2597 4498 aliis
2640 4445 3026 4516 praedicantes,
3071 4443 3172 4512 ipsi
3220 4444 3435 4514 reprobi
3483 4444 3604 4501 effi-

2023 4514 2230 4572 Cianlur
2260 4515 2326 4589 (1
2360 4515 2477 4571 Cor.
2511 4531 2595 4583 Ix,
2625 4517 2692 4569 ‘27
2711 4514 2753 4587 ).

2097 4611 2247 4665 \‘ers.
2289 4612 2341 4666 9.
2389 4610 2658 4665 Ferculum
2687 4611 2803 4679 fecit
2831 4609 2926 4664 sibi
2953 4624 3044 4663 rea:
3082 4608 3330 4665 Salomon
3357 4608 3422 4661 de
3453 4608 3584 4676 ligni
3601 4629 3610 4657 :

1944 4687 1994 4747 ι)
2021 4681 2224 4740 Libani.
2272 4682 2422 4747 Quod
2470 4682 2718 4750 superius
2759 4695 2852 4748 per
2881 4680 3130 4735 lectulum
3159 4679 3463 4750 Salomonis
3484 4719 3497 4742 ,
3533 4696 3610 4730 sie

2023 4769 2161 4806 nuttc
2186 4755 2496 4822 designatur
2516 4749 2610 4820 per
2638 4752 2907 4820 ferculum,
2935 4759 3119 4805 sancta
3142 4749 3612 4822 videlicetAEeclo-

2019 4823 2129 4889 sia,
2172 4825 2224 4878 in
2267 4819 2370 4893 qua
2401 4819 2547 4876 velut
2573 4819 2797 4876 infecto
2825 4823 3166 4893 requiescunt
3191 4819 3487 4893 sanctiDei
3512 4859 3524 4878 ,
3558 4835 3606 4868 t‘l

2022 4896 2167 4948 velut
2193 4895 2244 4947 in
2277 4891 2415 4948 lecto
2440 4893 2778 4948 discumbunt
2807 4892 2871 4946 ad
2908 4893 3093 4959 epulas
3129 4900 3344 4945 aeternae
3375 4891 3612 4945 beatitu-

2022 4965 2160 5017 dinis
2190 4973 2242 5018 et
2271 4964 2548 5019 satietatis.
2589 4963 2668 5018 De
2695 4963 2847 5032 lignis
2880 4963 3060 5016 Libani
3089 4963 3202 5032 fecit
3229 4960 3476 5032 Salomon
3513 4962 3614 5028 fer-

2023 5037 2213 5089 culum.
2245 5036 2473 5090 Libanus
2501 5049 2652 5088 mons
2682 5031 2765 5090 est
2798 5031 3097 5098 Phoenicis,
3131 5032 3282 5099 cujus
3306 5031 3527 5086 arbores
3559 5040 3616 5082 et

2024 5108 2345 5174 proceritate
2379 5117 2434 5160 et
2481 5104 2874 5170 pulchritudine
2916 5112 2972 5159 et
3010 5102 3354 5158 durabilitate
3385 5103 3607 5174 cunctis

2025 5173 2395 5246 praeeminent,
2446 5176 2673 5244 ideoque
2721 5175 3033 5246 significant
3079 5182 3294 5246 sanctos
3346 5173 3604 5246 virtutum

2025 5242 2202 5316 specie
2246 5247 2540 5314 fulgentes,
2577 5242 2631 5300 et
2659 5248 2725 5300 ad
2766 5255 2969 5300 aeterna
3011 5244 3347 5300 festinantes.
3379 5242 3608 5316 Libanus

2024 5315 2165 5371 enim
2203 5318 2550 5381 candidatus,
2585 5319 2667 5371 vel
2717 5316 3022 5371 candidatio
3068 5317 3472 5380 interpretatur,
3519 5315 3607 5370 vel

2025 5390 2313 5443 dealbatio.
2358 5387 2524 5458 Ligna
2568 5403 2695 5456 ergo
2727 5387 2908 5440 Libani
2945 5396 3071 5441 sunt
3099 5384 3269 5458 sancti
3297 5384 3605 5458 candidati,

2026 5467 2108 5514 vet
2139 5459 2365 5514 dealbati
2401 5456 2451 5510 in
2485 5458 2781 5527 baptismo,
2813 5467 2867 5514 et
2896 5456 3146 5514 exornati
3174 5456 3411 5512 omnium
3441 5456 3609 5513 virtu-

2029 5538 2140 5584 tum
2167 5529 2576 5598 pulchritudine.

2099 5623 2250 5677 Vers.
2283 5619 2695 5694 έοχςοιιιτηησε
2734 5622 2844 5694 ejus
2884 5621 3343 5694 fecitiargenteas.
3374 5619 3478 5694 Per
3516 5633 3608 5674 co-

2029 5695 2236 5748 lumnas
2278 5692 2440 5762 515
2468 5694 2714 5746 doctores
2744 5689 2983 5762 ejusdem
3019 5689 3274 5747 Ecclesia:
3303 5689 3608 5759 significan-

2030 5776 2132 5826 tur.
2158 5765 2247 5834 qui
2270 5780 2386 5818 eam
2410 5766 2573 5834 verbo
2597 5774 2651 5823 et,
2669 5765 2912 5831 exemplo
2940 5764 3206 5834 sustinent
3231 5771 3285 5816 et
3313 5762 3606 5834 roborant;

2029 5828 2259 5890 unde-et
2294 5835 2345 5888 in
2424 5833 2592 5887 etibus
2621 5828 2982 5902 apostolorum
3014 5833 3207 5887 dicitur
3252 5849 3264 5882 :
3307 5828 3530 5902 Jacobus
3563 5839 3608 5902 et

2027 5907 2250 5962 Joannes
2271 5915 2318 5959 et
2341 5903 2536 5976 Ccphas
2559 5945 2572 5971 ,
2594 5899 2678 5974 qui
2711 5904 3008 5959 videbantur
3042 5903 3290 5958 columna:
3319 5916 3426 5954 (ssc
3446 5901 3464 5966 ί
3485 5899 3604 5956 Gal.
