4114 6362
405 321 540 382 1075

1356 332 1828 428 EXPOSITIOIIN
1868 329 2162 389 CANTICA
2201 329 2664 394 CANTICORUM.

3527 331 3664 396 um

404 442 995 538 i‘taeLtupcr
1020 449 1192 538 flente?
1222 433 1480 507 Ecclesite
1507 453 1753 538 doctores
1772 427 2065 538 Δἰηιθιιξςᾏ
2091 466 2136 538 ι,
2297 453 2450 536 Bene.
2476 431 2656 508 autem
2698 469 2840 538 gena:
2879 467 2990 538 non
3025 452 3233 538 integro
3258 453 3400 538 malo
3429 454 3662 525 punico,

403 523 617 588 guntur.
667 517 923 588 Dentibus
951 521 1090 574 enim
1124 522 1270 576 cibos
1301 525 1705 588 commolimus;
1736 534 1785 578 et
1815 521 1984 578 sancti

403 582 656 666 doctores
679 587 814 643 bene
839 590 1085 666 dentibus
1109 592 1510 648 conformantur
1544 612 1558 648 :
1587 582 1706 664 quia
1740 596 1986 663 spiritua-

406 653 483 734 les
510 657 678 734 cibus,
711 675 844 726 quos
871 663 1142 734 simplices
1176 679 1368 732 capere
1399 653 1694 733 nequeunt,
1728 653 1825 734 ipsi
1851 681 1984 730 quo-

405 725 691 806 dummodo
702 725 1013 806 exponendo
1029 725 1411 806 comminuunt.
1433 725 1570 791 Dens
1589 725 1837 791 Ecclesiae
1859 725 1987 805 prte-

405 801 595 878 cittuus
621 811 736 854 erat
761 801 977 878 Petrus,
998 805 1085 878 cui
1109 804 1305 878 dictum
1332 816 1412 878 est
1442 807 1490 860 in
1517 808 1755 861 visione:
1787 801 1983 878 Surge,

408 869 683 943 occide,_et
714 874 966 925 manduca
991 875 1136 938 (Act.
1171 892 1200 928 x
1221 916 1233 939 ,
1266 876 1394 943 1”);
1422 892 1482 930 ac
1513 879 1556 933 si
1583 878 1865 943 diceretur,
1893 869 1986 933 cos

409 952 541 1018 quos
571 941 634 994 ad
665 943 821 1018 ﬁdem
865 945 1160 1006 convertis,
1195 947 1366 1000 occide
1384 941 1460 1000 ab
1489 964 1555 1004 eo
1582 949 1722 1018 quod
1752 941 1902 1013 sunt,
1933 949 1985 1003 id

407 1017 523 1072 est,
555 1023 608 1063 ut
650 1013 890 1067 desinant
933 1030 1050 1069 esse
1102 1027 1438 1083 peccatores;
1482 1029 1529 1072 et
1571 1013 1853 1080 manduca.
1887 1020 1988 1074 hoc

408 1091 487 1130 est
519 1084 748 1158 transfer
767 1124 783 1149 ,
807 1085 889 1138 vel
921 1087 1236 1158 transforma
1263 1089 1311 1142 in
1334 1104 1526 1158 corpus
1548 1090 1820 1144 Ecclesiae.
1847 1091 1986 1146 Bene

409 1161 582 1203 autent
627 1154 676 1206 hi
707 1154 891 1209 dentes
921 1157 1109 1210 ovibus
1145 1159 1312 1212 tonsis
1364 1154 1658 1215 et'lavacro
1689 1161 1810 1214 lotis
1839 1176 1986 1216 com-

409 1230 681 1298 parantur.
711 1224 1066 1298 _Solenteuim
1095 1242 1224 1282 oves
1257 1241 1372 1298 post
1412 1232 1708 1285 tonsionem
1754 1232 1984 1286 currenti

408 1306 551 1372 aqua
585 1295 748 1359 ablui,
802 1311 868 1351 ne
917 1297 1108 1372 ill_otus_
1136 1295 1298 1352 sudor
1333 1303 1543 1370 corpori
1579 1302 1907 1357 adhaerescat
1935 1312 1990 1359 et

407 1361 640 1441 seabiem
672 1375 915 1441 generet.
950 1368 1112 1423 Tonsi
1156 1385 1284 1437 ergo
1313 1361 1443 1426 sunt'
1465 1374 1629 1426 sancti
1659 1374 1904 1426 doctores
1935 1381 1990 1428 et

406 1436 976 1516 mtigistri_itlcclesiae,
1024 1441 1111 1507 qui
1153 1436 1746 1516 ex’lavacrobaptismi
1790 1444 1984 1516 abiuti,

408 1501 639 1586 vellera,-
658 1505 707 1560 id
735 1519 817 1560 est
843 1501 1117 1586 facultaies
1145 1522 1200 1566 et
1224 1501 1694 1586 substantiassuas
1716 1529 1813 1583 pro
1833 1501 1989 1569 Chri;

407 1581 489 1626 sto
533 1581 848 1656 amiseruui.
880 1581 1136 1656 Omnibus
1183 1582 1400 1656 quidem,
1449 1581 1989 1656 lidelibusfcouvenit

407 1644 705 1724 quoddicit
736 1664 750 1701 :
788 1650 916 1724 Qua:
937 1644 1276 1724 ascenderunt
1302 1655 1361 1707 de
1384 1655 1624 1719 lauacro;
1649 1655 1824 1709 nullus
1843 1659 1986 1711 enim

407 1716 764 1792 siue_l_avacro
805 1721 1050 1792 baptismi
1085 1723 1257 1777 ﬁdelis
1285 1739 1403 1779 esse
1435 1716 1626 1792 potest.
1658 1725 1771 1780 Non
1807 1738 1986 1781 autem

2087 521 2184 594 sed
2211 521 2452 592 lragmini
2474 521 2869 594 comparantur.
2893 524 3084 580 Malum
3106 521 3247 580 enim
3271 521 3521 594 punicum
3541 521 3667 580 cuni

2088 593 2366 666 frangitur,
2401 593 2632 650 exterius
2662 597 2844 660 rubor,
2889 597 3111 650 interius
3154 593 3356 651 candor
3396 605 3612 666 apparet
3643 611 3664 652 :

2067 665 2165 718 'sic
2191 675 2243 718 et
2270 667 2437 720 sancti
2469 667 2842 732 praedicatores
2864 676 2920 722 et
2942 668 3188 721 doctores
3211 682 3330 721 cum
3362 665 3669 733 passionem

2085 733 2286 790 Christi
2317 739 2662 802 annuutiant,
2709 739 2859 801 quasi
2891 739 3054 792 rubor
3082 750 3164 793 est
3208 739 3446 793 exterius
3485 755 3498 790 :
3541 751 3669 793 cum

2088 820 2215 861 vero
2258 817 2452 874 quanta
2491 808 2695 862 utilitas
2738 819 2934 862 nostrae
2974 808 3356 878 redemptionis
3389 808 3508 863 inde
3537 824 3670 878 pro-

2088 878 2321 949 venerit,
2354 888 2407 932 et
2435 878 2574 947 quod
2601 879 2784 949 homo
2833 894 2926 947 per
2973 880 3273 949 passionem
3321 877 3520 933 Christi
3543 877 3667 933 non

2089 947 2261 1001 solum
2287 965 2316 1002 a
2340 951 2572 1017 peccatis
2593 948 2908 1016 justilicari,
2943 947 3035 1003 sed
3068 949 3226 1004 etiam
3257 949 3396 1018 quod
3429 949 3667 1003 divinum

2089 1019 2416 1072 consortium
2449 1021 2736 1084 meruerit,
2771 1021 3170 1085 demonstrant,
3201 1021 3351 1090 quasi
3381 1019 3668 1074 candidum

2089 1091 2334 1160 estquod
2372 1091 2674 1144 intrinsecus
2715 1091 2858 1145 latet.
2901 1092 3128 1146 Possunt
3165 1099 3324 1145 etiam
3374 1104 3469 1159 per
3516 1106 3670 1160 genas

2089 1158 2371 1226 Ecclesiae,
2400 1172 2661 1230 martyres
2685 1162 2930 1230 ﬁgurari,
2955 1163 3042 1230 qui
3075 1160 3356 1216 rubicundi
3379 1158 3671 1230 sttntjell'u-

2089 1230 2241 1285 sione
2267 1229 2645 1298 sanguinissui
2668 1229 2827 1287 veluti
2852 1229 3046 1287 malum
3070 1232 3348 1300 punicum;
3375 1230 3471 1286 sed
3499 1229 3670 1285 fracto

2095 1305 2238 1355 malo
2286 1303 2509 1369 punico,
2550 1302 2761 1373 candor
2810 1302 3034 1358 interius
3081 1311 3333 1373 apparet,
3378 1301 3503 1372 quia
3553 1311 3672 1371 poet

2089 1381 2316 1426 mortem
2349 1371 2617 1426 miraculis
2638 1382 2940 1427 coruscant.

2159 1443 2313 1499 Vers.
2355 1444 2408 1497 4.
2441 1443 2591 1499 Sicut
2622 1445 2773 1497 turris
2802 1443 2968 1497 David
2992 1444 3181 1498 collum
3211 1451 3352 1497 tuum
3372 1487 3386 1511 ,
3410 1459 3522 1513 quae
3545 1442 3674 1496 mdi-

2089 1514 2335 1586 ﬁcataiest
2361 1530 2476 1568 cum
2502 1515 2918 1586 propugnaculis.
2953 1513 3161 1570 Collum
3191 1513 3672 1586 sanctiaeiEcclesia‘.

2089 1585 2467 1654 przedicatores
2488 1585 2657 1639 sancti
2675 1585 2737 1639 et
2761 1586 3006 1640 doctores
3024 1586 3142 1655 ejus
3167 1594 3308 1639 sunt.
3335 1585 3497 1640 lidem
3524 1585 3669 1638 enim

2089 1655 2176 1710 hic
2205 1655 2554 1723 designantur
2586 1670 2680 1723 per
2708 1655 2918 1720 collum,
2946 1658 3030 1724 qui
3064 1656 3312 1722 superius
3335 1670 3428 1723 per
3453 1656 3668 1722 oculos,

2089 1727 2173 1780 vel
2206 1742 2300 1796 per
2327 1729 2498 1780 dentes
2520 1769 2536 1791 ,
2569 1727 2735 1780 sancti
2765 1727 3015 1781 videlicet
3058 1727 3218 1797 516
3260 1726 3667 1797 praedicatores,

407 1786 653 1878 oint‘iibqs
682 1790 855 1878 tonsio
878 1786 1136 1878 convenit
1167 1810 1181 1875 ς
1214 1795 1337 1878 quia
1369 1786 1471 1878 non
1519 1811 1707 1878 omnes
1750 1797 1820 1850 ita
1861 1808 1984 1878 sunt:
2017 1818 2063 1878 Β
2091 1798 2180 1864 qui
2207 1786 2383 1878 'veiuti
2431 1786 2569 1878 colla
2607 1807 2856 1867 acceptos
2895 1797 3044 1852 verbi
3060 1786 3214 1878 'DEiT
3209 1786 3358 1878 cibos
3386 1786 3671 1878 nutriepdb

405 1855 623 1936 perfeci
647 1871 755 1936 ,_tt_t_
781 1876 887 1936 sua
917 1877 1012 1930 pro
1055 1855 1270 1936 Christo
1313 1866 1520 1920 valeant
1560 1867 1807 1921 amittere
1842 1885 1854 1918 :
1887 1868 1986 1922 sed

405 1927 514 2008 iilis
540 1931 845 2008 specialiter
876 1927 976 1987 hoc
1002 1935 1280 2008 congruit,
1315 1936 1398 2006 qui
1436 1938 1724 1992 secundum
1764 1937 1983 1992 verbum

405 1995 611 2076 Domini
670 2003 904 2076 vendunt
958 1995 1426 2076 ontniarsuafet
1479 2008 1607 2062 dant
1661 2009 1984 2076 pauperibus

405 2066 635 2151 “Matth.
667 2088 785 2151 sui,
805 2073 882 2151 fil
914 2077 962 2142 ),
985 2084 1039 2129 et
1064 2075 1188 2130 nudi
1225 2066 1385 2151 atque
1401 2066 1985 2151 expediti-sequuntur

403 2139 692 2194 Christum.
725 2144 880 2198 Tales
907 2139 1033 2213 ergo
1056 2155 1179 2200 sunt
1199 2139 1373 2200 denies
1399 2139 1652 2203 Ecclesiae
1675 2139 1872 2204 sancta}
1891 2190 1904 2213 ,
1933 2152 1983 2204 id

405 2220 486 2287 est
518 2213 894 2287 prtedicaiores
920 2226 972 2268 et
1002 2216 1226 2287 ministri
1259 2219 1403 2283 ejus,
1433 2233 1562 2273 oves
1593 2234 1686 2286 per
1730 2220 1986 2274 innocen-

406 2281 534 2333 tiam
565 2281 728 2358 abluti
751 2283 1022 2358 baptismo
1063 2302 1076 2336 :
1123 2281 1417 2358 voluniaria
1471 2281 1784 2358 paupertate
1821 2301 1874 2344 et
1901 2306 1985 2346 re»

405 2363 522 2422 rum
554 2353 668 2418 spol
692 2356 865 2408 atione
892 2357 1201 2422 gaudentes.
1233 2353 1504 2422 Sequitur.

481 2421 668 2494 Omnes
697 2421 920 2491 gemellis
950 2426 1160 2494 fetibus,
1193 2436 1240 2480 et
1265 2421 1450 2482 sterilis
1480 2445 1578 2483 non
1607 2437 1680 2483 est
1721 2429 1853 2484 inter
1877 2447 1984 2487 eas.

407 2490 539 2557 Quia
570 2490 778 2569 gemina
809 2490 1065 2551 charitate
1101 2505 1154 2569 et
1209 2497 1492 2554 dilectione
1521 2499 1614 2554 Dei
1655 2507 1709 2554 et
1753 2502 1987 2569 proximi

405 2565 779 2633 praeemiueut,
833 2578 886 2622 ct
927 2570 1062 2621 hanc
1105 2568 1374 2622 observari
1421 2570 1616 2624 docent
1653 2590 1666 2623 :
1713 2565 1796 2626 vel
1826 2574 1986 2628 etiam

406 2635 533 2714 quia
561 2635 718 2714 ﬁdem
747 2648 800 2691 et
824 2640 1190 2714 operationem
1229 2639 1541 2714 praedicant.
1577 2642 1643 2695 Et
1670 2642 1855 2714 sterilis
1887 2661 1989 2698 non

404 2712 478 2824 ξ.ξῖ
519 2708 571 2758 in
610 2708 717 2773 eis;
747 2709 926 2764 nullus
972 2709 1222 2766 videlicet
1261 2711 1469 2766 alienus
1497 2721 1580 2768 est
1609 2728 1639 2768 a
1679 2713 1834 2769 bonis
1863 2729 1990 2785 ope-

437 2791 450 2824 Ι
477 2789 572 2824 ηις.

406 2787 572 2828 Πιηιε.

479 2845 632 2931 Vers.
657 2851 726 2931 .5.
770 2850 914 2931 §icut
932 2852 1070 2931 _ut'_t_ta
1092 2855 1324 2931 coccinea
1351 2855 1488 2910 labia
1515 2865 1602 2931 tua
1623 2896 1639 2922 ,
1664 2864 1708 2911 et
1729 2857 1990 2931 eloquium

406 2921 743 2998 tuumdutce.
780 2923 880 2998 Per
924 2925 1060 2977 labia
1095 2926 1376 2998 Ecclesiae,
1408 2929 1577 2982 sancti
1612 2921 1990 2996 pradicatores

405 2995 761 3067 accipiuntur,
787 2995 875 3062 qui
905 3007 952 3048 et
983 3011 1077 3063 per
1099 2997 1286 3050 dentes
1318 2995 1631 3067 ﬁgurantur.
1663 3000 1866 3054 Coccus
1896 3017 1989 3055 au-

409 3067 530 3143 luem.
558 3065 830 3143 sanguinis
877 3067 960 3120 vel
1009 3067 1144 3143 ignis
1174 3067 1334 3143 habet
1358 3065 1628 3143 speciem.
1659 3069 1820 3123 Labia
1861 3086 1990 3142 ergo

407 3127 705 3202 Ecclesiaﬂ
733 3135 783 3190 id
813 3147 892 3190 est
936 3127 1103 3210 sancti
1137 3127 1553 3210 praedicatores)
1583 3142 1719 3194 uittae
1745 3127 1990 3196 εοεσίηἷαε

407 3213 783 3280 comparantur
823 3223 836 3260 :

409 3269 702 3352 dicanthqui
737 3293 830 3352 pro
861 3269 1063 3333 nnstt'a'
1095 3280 1459 3348 redemptione
1490 3284 1801 3352 sanguinem
1833 3269 1987 3338 suum

411 3341 704 3431 i'udiLSivc
733 3341 1138 3431 i‘ittrecoccinew
1167 3341 1549 3431 assiit’tilantur,
1580 3341 1703 3431 quia
1733 3355 1992 3424 przedica-

411 3418 555 3493 tores
586 3419 775 3493 ardent
803 3420 1087 3477 dilectione
1121 3440 1132 3475 :
1166 3423 1448 3490 diligentes
1475 3418 1568 3478 eos
1598 3418 1789 3493 quibus
1828 3427 1989 3481 verba

413 3487 810 3565 praedicationis
847 3493 1192 3565 impendunt,
1243 3487 1295 3547 ei
1337 3495 1498 3549 etiam
1541 3513 1571 3549 a
1615 3487 1810 3563 quibus
1854 3498 1992 3552 mala

411 3561 702 3637 I'f"iufllu_lj-
734 3561 814 3637 Ad
846 3563 946 3637 hoc
983 3564 1142 3637 etiam
1185 3565 1417 3637 pertinet
1446 3566 1584 3634 quod
1615 3561 1842 3634 Spiritus
1868 3583 1994 3623 san-

413 3632 532 3679 ctus
559 3631 610 3680 in
652 3631 856 3706 linguis
871 3635 1036 3704 igneis
1064 3631 1310 3706 apparuit
1340 3638 1359 3706 (
1387 3631 1499 3691 Aci.
1535 3653 1568 3690 ll
1588 3676 1603 3700 ,
1633 3631 1669 3692 5
1691 3637 1734 3703 ),
1765 3639 1887 3706 quia
1918 3641 1994 3692 lo-

415 3707 720 3776 quenteset
767 3703 1012 3760 ardentes
1057 3703 1494 3776 fecitapoStolos
1540 3703 1835 3762 :ardentes
1861 3709 1993 3762 dile-

415 3773 623 3850 ctione,
650 3773 1344 3850 loquentesprtedicatione.
1373 3778 1436 3831 Et
1464 3779 1598 3833 bene
1618 3779 1738 3832 vitta
1761 3779 1994 3834 coccinea

415 3835 660 3921 dicitur;_
689 3835 814 3898 vitta
857 3835 998 3901 enim
1044 3848 1262 3921 capillos
1307 3847 1430 3921 ligat
1470 3859 1536 3921 et
1562 3851 1908 3918 constringit,
1941 3861 1996 3905 et

415 3913 583 3991 saucii
629 3913 875 3991 doctores
920 3932 1012 3991 sua
1061 3913 1437 3991 prtedicaiione
1475 3920 1541 3974 ad
1583 3913 1837 3974 unitatem
1872 3913 1994 3976 ﬁdei

415 3991 468 4033 et
511 3981 810 4042 dilectionis
853 3981 1244 4044 multitudinem
1287 3989 1520 4044 ﬁdelium
1552 3991 1604 4044 in
1639 3991 1874 4045 Ecclesia
1903 4008 1996 4046 ne-

415 4061 596 4119 ctunt,
627 4067 685 4130 et
713 4059 764 4112 in
804 4074 962 4127 unum
991 4063 1238 4115 decurem
1279 4061 1542 4130 redigunt.
1576 4060 1804 4115 Possunt
1834 4062 1993 4116 etiam

417 4136 510 4190 per
532 4128 751 4194 capillos
767 4169 780 4191 ,
804 4130 1026 4186 subtiles
1049 4128 1618 4198 cogitationes'mentis
1640 4133 1829 4199 accipi.
1853 4132 1996 4188 Vitta

414 4209 542 4264 ergo
576 4200 825 4272 coccinea
867 4202 1042 4255 crines
1088 4203 1344 4271 ligamus,
1389 4201 1602 4271 quando
1646 4205 1996 4272 cogitationes

415 4273 626 4321 nostras
651 4270 931 4337 disciplina
965 4270 1168 4328 timoris
1200 4272 1293 4327 Dei
1325 4270 1738 4340 constringimus
1767 4285 1816 4328 et
1845 4290 1999 4329 coer-

415 4349 620 4414 t_:_em_ns._
666 4341 728 4394 Et
766 4345 1022 4414 eloquium
1061 4354 1204 4397 tuum
1230 4343 1396 4397 dulce.
1433 4343 1596 4414 Dulce
1624 4356 1703 4397 est
1729 4345 1994 4413 eloquium

418 4404 703 4482 Ecclesize,
753 4404 871 4468 cuni
921 4416 1090 4468 sancti
1137 4416 1386 4469 doctores
1433 4411 1514 4468 vel
1560 4404 1862 4482 passionem
1913 4418 1996 4471 sui

415 4476 788 4552 Redemptoris
817 4486 883 4540 ad
918 4486 1229 4540 memoriam
1263 4485 1523 4539 reducunt
1544 4476 1576 4548 ,’
1606 4495 1661 4539 ct
1705 4487 1996 4554 praedicant

883 3209 1004 3276 quia
1051 3179 1346 3278 passionem
1378 3179 1574 3265 Cbrislti
1604 3212 1815 3266 assidue
1848 3229 1984 3281 ριγη-
2021 3179 2066 3243 C

2093 1868 2306 1935 corpori
2338 1868 2737 1934 transmittunt,
2763 1876 2818 1922 et
2845 1883 3028 1923 vocem
3057 1867 3448 1936 praidicationis
3475 1867 3670 1920 divinae

2091 1939 2418 1994 auditoribus
2449 1938 2740 2007 proferunt.
2771 1939 2865 1994 Vel
2901 1941 3061 1994 etiam
3090 1939 3257 1992 sancti
3299 1937 3546 1992 doctores
3575 1951 3670 2004 per

2090 2011 2285 2064 collum
2341 2011 2654 2077 signantur,
2705 2010 2825 2080 quia
2867 2011 3006 2064 sicut
3056 2024 3148 2078 per
3189 2009 3389 2064 collum
3427 2015 3673 2080 caputiet;

2089 2088 2282 2135 caetera
2312 2080 2549 2134 membra
2579 2078 2789 2149 corpori
2819 2080 3233 2150 conjunguutur,
3267 2081 3335 2134 ita
3377 2083 3545 2133 sancti
3574 2078 3670 2150 do-

2089 2160 2266 2207 ctores
2292 2151 2442 2220 quasi
2472 2151 2797 2207 mediatores
2822 2149 2944 2206 sunt
2973 2151 3112 2206 inter
3139 2150 3412 2207 Christum
3455 2159 3509 2204 et
3537 2149 3668 2204 reli-

2090 2237 2224 2292 quos
2253 2236 2387 2291 quos
2419 2225 2690 2276 instruunt
2728 2222 2914 2276 ﬁdeles
2935 2265 2949 2289 ,
2981 2232 3033 2276 et
3061 2224 3209 2292 quasi
3243 2223 3514 2276 Christum
3550 2235 3672 2275 cor-

2090 2294 2206 2361 pori
2255 2307 2375 2358 suo,
2419 2292 2600 2362 idiest
2631 2293 2900 2362 Ecclesiae
2940 2293 3288 2362 conjungunt.
3339 2292 3452 2345 l’loc
3489 2303 3668 2346 autem

2089 2360 2281 2416 collum
2312 2363 2438 2415 turri
2469 2360 2636 2414 David
2660 2373 3016 2430 comparatur,
3041 2360 3128 2432 qui
3155 2363 3535 2432 interpretatur
3557 2375 3670 2414 ma-

2093 2449 2163 2487 nu
2197 2433 2346 2487 fortis
2365 2474 2381 2500 ,
2404 2433 2485 2486 vel
2513 2433 2628 2486 visu
2655 2431 3024 2487 desiderabilis
3044 2431 3068 2499 ,7
3088 2433 3356 2487 Christum
3383 2431 3666 2500 signiﬁcat.

2093 2505 2156 2558 Et
2181 2513 2287 2557 tota
2313 2505 2525 2569 quidem
2571 2502 2805 2557 Ecclesia
2840 2503 3028 2557 civitas
3071 2503 3230 2556 David
3252 2543 3268 2570 ,
3300 2502 3351 2556 id
3380 2512 3464 2556 est
3493 2502 3667 2570 magni

2092 2575 2252 2644 Regis
2277 2574 2476 2630 Christi
2503 2581 2586 2644 est
2606 2614 2620 2637 ,
2646 2575 2735 2642 qui
2761 2585 2844 2628 eat
2872 2589 3030 2628 manu
3056 2573 3207 2628 fortis
3235 2590 3249 2627 :
3277 2574 3526 2644 quoniam
3557 2574 3672 2626 dia-

2092 2643 2274 2701 bolum
2307 2644 2532 2710 devicit,
2553 2643 2704 2713 juxta
2728 2644 2869 2713 quod
2898 2644 3177 2699 Psalmista
3207 2643 3334 2698 dicit
3367 2660 3380 2697 :
3417 2643 3672 2696 Dominus

2093 2717 2240 2786 fortis
2263 2725 2308 2769 et
2328 2725 2533 2788 potens,
2559 2714 2811 2788 Dominus
2833 2724 3007 2788 potens
3032 2716 3082 2768 in
3105 2715 3282 2788 proelio
3306 2718 3321 2782 (
3341 2714 3492 2788 Psal.
3517 2728 3671 2788 xxiii,

2093 2784 2185 2855 8).
2234 2784 2338 2842 Est
2375 2797 2429 2841 et
2474 2787 2588 2840 visu
2629 2785 3002 2840 desiderabilis
3045 2802 3060 2842 :
3101 2784 3346 2856 quia(ut
3387 2784 3674 2856 Apposiolus

2093 2852 2218 2914 dicit
2245 2858 2265 2928 )
2300 2859 2352 2913 in
2399 2872 2520 2928 eum
2566 2856 2860 2928 desiderant
2889 2857 3056 2928 angeli
3085 2852 3382 2928 prospicere
3415 2852 3484 2923 (1
3527 2853 3672 2928 Ρειντ

2095 2947 2147 2994 l,
2182 2924 2306 3000 12⁷).
2336 2927 2520 2983 Turris
2551 2941 2728 3000 autem
2750 2924 2976 3000 civitatis
3008 2924 3164 3000 hujus
3184 2969 3199 2991 ,
3227 2927 3300 2979 illi
3331 2935 3457 3000 sunt
3477 2926 3565 2993 qui
3589 2924 3676 3000 vel

2098 2993 2318 3055 scientia
2351 3000 2433 3052 vel
2466 2998 2795 3066 operationis
2821 2993 3149 3067 perfectione
3179 2997 3389 3051 ceteris
3419 2993 3674 3064 praemi-

2096 3082 2244 3126 nent.
2274 3071 2402 3137 Quae
2422 3069 2675 3138 azdiﬁcata
2700 3077 2773 3122 est
2794 3085 2908 3122 cum
2929 3069 3345 3138 propugnaculis.
3376 3067 3678 3136 Propugna-

2096 3143 2213 3197 Cula
2260 3151 2387 3196 sunt
2432 3140 2732 3194 divinarum
2775 3140 3168 3206 Scripturarum
3210 3146 3578 3201 sacramenta,
3609 3140 3680 3192 de

2096 3214 2288 3281 quibus
2335 3211 2496 3265 veluti
2535 3209 2710 3278 jacula
2758 3211 3079 3279 procedunt,
3113 3208 3306 3277 quibus
3355 3208 3681 3264 adversariae

2096 3283 2430 3354 repelluntur
2457 3290 2766 3354 potestates.

2171 3351 2316 3409 Mille
2343 3351 2506 3423 οἴειρεὶ
2535 3352 2755 3421 pendent
2782 3369 2843 3406 ea:
2867 3367 2946 3416 ea,
2973 3351 3134 3405 omnis
3161 3360 3421 3423 armatura
3447 3351 3682 3423 fortium.

2100 3426 2248 3482 Mille
2268 3421 2434 3496 clypei
2453 3423 2824 3496 intelliguntur
2839 3424 3116 3496 innumera
3136 3421 3465 3496 defensionis
3487 3421 3683 3496 divina:

2097 3491 2378 3568 prtesidia‘,
2404 3494 2598 3564 quibus
2621 3491 2805 3568 sancta
2830 3495 3063 3568 vallatur
3087 3503 3140 3548 et
3165 3493 3468 3568 defenditur
3499 3491 3683 3568 Eccle-

2098 3562 2197 3624 sia.
2234 3566 2412 3621 Omnis
2425 3562 2702 3618 armatura
2733 3566 2973 3631 fortium,
3009 3563 3060 3618 id
3090 3571 3174 3618 est
3202 3564 3374 3618 omnis
3403 3562 3684 3617 instructio

2098 3640 2184 3696 vel
2215 3648 2414 3694 sancta:
2455 3633 2779 3701 operationis
2808 3636 2892 3690 vel
2922 3635 3114 3688 divinae
3144 3634 3558 3704 praedicationis.
3601 3633 3680 3704 Et

2097 3712 2234 3766 bene
2262 3710 2456 3763 collum
2489 3707 2774 3768 Ecclesiae,
2810 3707 2912 3760 hoc
2942 3713 3026 3759 est
3066 3703 3447 3772 praedicatores
3483 3714 3539 3759 et
3581 3703 3683 3756 do-

2097 3793 2276 3837 ctores
2323 3780 2452 3833 turri
2497 3776 2657 3832 David
2687 3787 3084 3843 comparantur,
3109 3776 3230 3844 quia
3272 3790 3486 3842 semper
3529 3775 3684 3844 quasi

2098 3853 2151 3908 in
2203 3851 2346 3906 bello
2385 3857 2540 3915 sunt,
2585 3862 2680 3917 pro
2711 3847 3024 3902 defensione
3065 3855 3266 3900 snnctai
3300 3845 3555 3900 Ecclesiae
3585 3859 3684 3914 pu-

2097 3931 2341 3994 gttantes.

2176 3993 2324 4047 Vers.
2367 3989 2419 4043 5.
2464 3989 2580 4042 Duo
2621 3989 2776 4042 ubera
2822 3996 2909 4040 tua
2936 3987 3064 4042 sicut
3102 3987 3206 4039 duo
3244 3985 3448 4039 hinnuli
3485 3999 3686 4056 caprea:

2098 4062 2320 4136 gemelli.
2359 4059 2470 4114 Duo
2501 4061 2664 4136 ubera
2699 4057 2953 4136 Ecclesiae
2982 4058 3198 4136 eosdem
3230 4057 3530 4136 significant
3559 4071 3686 4110 san-

2099 4128 2215 4192 ctus
2244 4132 2513 4187 doctores.
2558 4131 2666 4186 Nec
2695 4131 2888 4182 mirum
2941 4128 3080 4195 quod
3112 4143 3215 4182 una
3255 4128 3552 4195 eademque
3594 4141 3684 4182 res

2100 4205 2324 4260 diversis
2350 4201 2607 4270 ﬁguratur
2638 4201 2831 4254 modis.
2866 4199 3044 4254 Sancti
3084 4201 3224 4270 enim
3257 4199 3507 4254 doctores
3531 4198 3686 4270 oculi

2100 4285 2254 4340 sunt,
2295 4268 2414 4342 quia
2446 4274 2566 4326 vitae
2594 4273 2708 4328 vias
2735 4285 2866 4338 quas
2897 4270 3100 4338 ingredi
3128 4269 3392 4342 debeant,
3425 4268 3686 4342 subjectis

2101 4340 2487 4403 demonstrant.
2516 4343 2700 4397 Dentes
2723 4351 2878 4404 sunt,
2901 4344 3023 4408 quia
3043 4342 3193 4396 cibos
3213 4341 3516 4395 divinarum
3541 4340 3686 4394 Scri-

2101 4431 2375 4489 pturnrum
2407 4415 2621 4489 molunt
2653 4423 2706 4468 et
2729 4413 3207 4489 cotnminuunt,_t_t_t
3231 4412 3418 4489 mandi
3451 4410 3684 4489 possint,

2103 4482 2353 4544 sciliccta
2376 4485 2730 4554 simplicibus,
2767 4484 2867 4538 hoc
2912 4495 2996 4538 est
3023 4484 3267 4552 intelligi.
3295 4482 3498 4554 Collum
3525 4488 3684 4554 sunt,

414 4551 668 4632 quantum
719 4557 864 4632 Dens
907 4557 1175 4632 hominem
1222 4557 1506 4632 dilexerit,
1546 4556 1633 4610 vel
1677 4551 1836 4612 etiam
1874 4574 1994 4613 cum
2029 4572 2077 4632 ι)
2102 4561 2224 4627 quia
2247 4551 2764 4632 caputetntembrat,
2792 4557 2894 4632 hoc
2918 4563 2998 4610 est
3022 4551 3289 4608 Christum
3310 4551 3687 4632 ei'Ecciesiam

414 4624 649 4695 cuilestia
684 4629 897 4695 priemia
927 4629 1256 4682 auditoribus
1290 4628 1624 4682 annuutiant.

487 4694 632 4770 Sicut
663 4694 892 4770 fragmen
923 4700 1044 4752 ntali
1068 4700 1268 4770 punici,
1299 4699 1368 4752 ita
1398 4715 1540 4770 genre
1570 4706 1698 4770 tute,
1723 4699 1911 4767 absque
1940 4717 1998 4754 eo

413 4767 550 4889 iuod
600 4767 906 4824 intrinsecus
947 4767 1088 4824 latet.
1139 4772 1242 4826 Per
1281 4767 1436 4840 genus
1477 4769 1719 4838 supr-rius
1765 4772 1998 4826 diximus

441 4835 708 4889 ‘cclesiam
760 4842 996 4889 Iinurari-
1035 4842 1163 4889 Nam
1195 4857 1312 4889 cum
1344 4841 1788 4889 verecundamttr.
1836 4841 1998 4889 rubor

441 4835 709 4894 icclesiam
760 4842 996 4910 ﬁgurari.
1035 4842 1163 4896 Nam
1195 4835 1312 4896 cum
1344 4835 1789 4906 verecundamur,
1836 4841 1998 4896 rubor

413 4912 687 4982 sanguinis
713 4910 765 4966 in
792 4914 942 4982 genis
973 4911 1280 4967 effunditur.
1311 4913 1508 4967 Malum
1537 4922 1711 4966 autem
1747 4912 1995 4980 punicum

413 4981 764 5036 rubicundum
815 4983 974 5037 habet
1017 4985 1300 5048 corticem,
1337 4983 1558 5038 interius
1595 4999 1719 5038 vero
1751 4983 1994 5036 multitu-

413 5048 537 5103 dine
557 5067 844 5121 granorum
871 5055 1083 5123 plenum
1107 5064 1189 5110 est
1207 5095 1222 5118 ,
1251 5054 1388 5109 unde
1414 5062 1469 5109 et
1492 5055 1689 5108 malum
1713 5065 1994 5123 grauatum

413 5132 655 5195 vocatur.
691 5124 791 5178 Per
836 5125 1078 5195 fragmen
1118 5141 1247 5194 ergo
1299 5125 1424 5195 mali
1478 5123 1688 5192 punici,
1742 5126 1996 5179 meritoria

413 5189 654 5260 ejusdem
675 5189 944 5265 passionis
957 5189 1240 5250 dominica:
1258 5189 1536 5264 accipitur,
1555 5209 1673 5264 quae
1688 5203 1741 5250 et
1765 5196 1816 5250 in
1835 5210 1996 5250 cocco

413 5265 660 5336 superius
694 5267 970 5336 ﬁguratur.
1009 5267 1157 5322 Solet
1197 5267 1339 5321 enim
1377 5281 1480 5336 una
1524 5280 1611 5320 res
1651 5265 1876 5321 diversis
1904 5282 2000 5321 esu

415 5334 573 5408 Primi
598 5334 800 5406 ﬁguris.
835 5335 995 5393 Geuae
1023 5353 1152 5408 ergo
1185 5335 1438 5408 Ecclesi:e
1467 5335 1714 5405 fragmini
1748 5337 1872 5390 mali
1905 5353 2000 5406 pu-

413 5405 520 5461 nici
549 5405 954 5476 comparantur,
984 5405 1108 5479 quia
1142 5407 1590 5479 sanctidoctores
1620 5405 1998 5463 venerabiliter

413 5489 575 5548 agunt
598 5482 911 5534 memoriam
940 5478 1202 5549 pa’ssionis
1225 5478 1598 5545 Redemptoris
1620 5479 1733 5542 sui,
1761 5494 1858 5532 nec
1881 5494 2000 5533 eru-

413 5549 639 5622 bescunt
667 5565 879 5607 crucem
923 5553 1068 5622 cjus,
1104 5551 1209 5606 imo
1237 5550 1560 5622 gloriantur,
1599 5551 1838 5622 dicentes
1876 5564 1998 5622 cum

413 5621 670 5690 Apostolo
702 5641 713 5674 :
749 5622 875 5676 ."llll
896 5619 1062 5677 autem
1089 5623 1213 5676 absit
1241 5619 1453 5690 gloriari
1470 5665 1484 5686 ,
1509 5621 1610 5674 nisi
1637 5621 1691 5674 in
1721 5635 1870 5672 cruce
1892 5619 2002 5674 Do-

413 5696 540 5765 mini
573 5695 732 5765 nostri
767 5693 890 5749 Jesu
930 5694 1116 5748 Christi
1141 5693 1160 5765 (
1186 5691 1410 5765 Gal._VI,
1443 5692 1581 5765 H_)_;
1603 5690 1822 5765 fetialibi
1853 5693 1999 5765 Apo-

414 5764 587 5834 stolus
607 5765 672 5818 ad
690 5764 1006 5834 discipulum
1026 5761 1182 5820 suum
1203 5763 1444 5819 scribens
1466 5779 1477 5814 :
1499 5761 1628 5815 Noli
1650 5761 2029 5834 linqui})3i'u-.

417 5831 614 5892 bescere
633 5829 1054 5903 crucem-Christi,
1086 5851 1243 5904 neque
1274 5847 1349 5890 me
1374 5829 1996 5903 vinctumejns(11’1‘im.
2019 5829 2050 5908 ἠ

2106 4623 2465 4699 conjungunt;
2500 4629 2597 4699 ipsi
2626 4625 3197 4699 ergo_doc_tores__s_uut
3224 4632 3280 4699 e_t
3309 4624 3464 4677 ubera
3494 4623 3686 4699 Eccie:

2105 4691 2348 4770 site'quia
2379 4691 2627 4769 parvulos
2653 4691 2711 4752 et
2736 4697 3017 4770 simplices
3037 4695 3223 4770 ﬁdeles
3245 4695 3383 4770 lacte
3412 4694 3562 4770 verbi
3591 4691 3689 4770 Dei

2106 4763 2348 4826 nutriunt
2369 4763 2396 4834 ,’
2424 4770 2572 4837 juxta
2615 4768 2752 4836 quod
2800 4763 3086 4837 Apostolus
3133 4765 3568 4837 simplicioribus
3601 4763 3684 4817 lo-
3753 4803 3756 4806 -

2083 4857 2302 4913 quens,
2333 4835 2460 4913 dicit
2491 4856 2503 4892 :
2535 4835 2655 4913 Non
2679 4839 2818 4913 potui
2845 4839 2982 4890 vobis
3009 4836 3147 4904 loqui
3175 4835 3689 4913 tanquamspiritua-
3721 4861 3726 4864 -

2105 4905 2266 4978 libus,
2290 4905 2390 4965 sed
2419 4910 2563 4980 quasi
2593 4905 2918 4974 carnalibus;
2950 4921 2997 4980 ei
3037 4906 3261 4980 parvulis
3281 4905 3578 4980 iinACltristo
3606 4906 3689 4958 lac

2103 4977 2439 5053 vobispotuni
2461 4982 2600 5047 dedi,
2623 4997 2724 5034 non
2744 4995 2912 5053 escam
2933 4980 2949 5048 (
2971 4978 2998 5031 Ι
3022 4978 3139 5053 Cor.
3169 4994 3246 5044 ttt,
3273 4979 3322 5044 1,
3346 4977 3442 5053 ‘2)._
3461 4977 3526 5053 hit
3551 4978 3688 5053 bene

2103 5071 2209 5109 non
2235 5047 2476 5108 absolute
2509 5053 2671 5106 ubera
2693 5092 2708 5118 ,
2739 5050 2831 5104 sed
2854 5047 2974 5104 cum
3005 5049 3367 5102 additamenta
3394 5047 3548 5117 dicit,
3582 5049 3684 5100 duo

2102 5126 2258 5180 ubera
2280 5165 2292 5188 ,
2321 5138 2440 5178 cum
2475 5123 2668 5176 femina
2700 5135 2870 5190 neque
2913 5121 3032 5188 plus
3065 5118 3452 5187 neque‘minus
3491 5119 3690 5173 habeat

2102 5212 2263 5267 quam
2291 5194 2393 5246 duo
2424 5194 2574 5247 ubera
2599 5210 2615 5249 :
2644 5191 2765 5260 quia
2797 5193 3048 5267 nimirum
3078 5191 3524 5267 satietidoctores
3563 5204 3688 5267 par—

2105 5257 2256 5320 vulos
2280 5280 2342 5318 ex
2371 5269 2593 5332 utroque
2617 5257 2836 5330 populo,
2869 5261 3090 5315 Judaico
3125 5261 3373 5332 videlicet
3402 5257 3685 5332 etgentiii,

2105 5340 2242 5392 lacte
2271 5336 2417 5388 verbi
2449 5330 2541 5388 Dei
2564 5334 2819 5386 nutriunt.
2855 5332 2984 5384 Nam
3015 5341 3067 5385 et
3098 5333 3292 5386 Paulus
3311 5331 3378 5386 de
3399 5331 3579 5398 seipso
3606 5330 3690 5385 di-

2103 5409 2176 5464 cit
2209 5423 2221 5460 :
2260 5407 2356 5470 Qui
2401 5414 2635 5473 Operatus
2679 5402 2932 5474 cstrPetro
2963 5403 3015 5454 in
3047 5402 3333 5474 apostolum
3367 5403 3689 5474 cirumcisio-

2104 5479 2209 5542 nis,
2241 5471 2476 5546 aperatus
2508 5484 2579 5527 est
2607 5484 2654 5546 ct
2681 5473 2807 5546 milii
2833 5475 2963 5546 inter
2987 5471 3157 5546 gentes
3189 5472 3348 5544 (Gal.
3383 5489 3460 5540 tt,
3490 5471 3585 5542 8).
3622 5472 3692 5526 Et

2103 5558 2228 5619 apte
2254 5544 2355 5600 duo
2378 5547 2550 5619 altera,
2575 5545 2711 5619 sicut
2734 5544 2840 5598 duo
2869 5545 3072 5598 ltinnuli
3096 5546 3538 5619 gemeilicaprere
3565 5557 3690 5619 esse

2104 5615 2380 5682 dicuntur,
2415 5617 2500 5685 qui
2535 5615 2786 5669 videliCct
2816 5623 2950 5670 Ictus
2979 5626 3103 5669 sunt
3145 5624 3202 5670 el.
3248 5615 3341 5670 lilii
3393 5615 3688 5685 salvatoris

2062 5695 2072 5706 '
2104 5690 2272 5745 nostri
2300 5684 2654 5743 Jesu’Christi
2680 5686 2768 5756 qui
2797 5687 3044 5756 superius
3073 5701 3166 5755 per
3191 5701 3412 5754 capreas
3438 5684 3689 5754 designa-

2106 5771 2190 5823 tus
2221 5769 2329 5824 est;
2363 5759 2479 5812 htec
2518 5758 2660 5813 enim
2690 5755 2938 5812 animalia
2965 5767 3018 5813 et
3048 5759 3356 5812 acutissime
3387 5755 3600 5820 vident,
3631 5762 3688 5810 et

2104 5832 2268 5890 nimia
2314 5829 2593 5890 velocitate
2637 5829 2826 5887 altiora
2867 5829 3229 5887 conscendunt
3265 5845 3280 5884 :
3310 5828 3388 5884 sic
3425 5834 3478 5884 et
3515 5826 3688 5884 sancti
